1930 3204
415 302 524 344 1622

415 413 515 435 cornu
533 408 649 443 petere
672 402 791 432 solitus
815 411 920 433 cornu
937 401 1099 441 petiisset,

415 457 474 483 aut
499 453 585 482 mula
616 454 755 490 propter
779 450 914 480 nimiam
941 450 1098 481 ferociam

414 501 557 540 aliquem
580 498 729 537 laesisset,
757 498 907 529 dominus
929 502 987 530 aut
1002 507 1097 530 noxae

414 549 494 580 dare
522 549 602 579 illud
631 548 765 586 animal,
785 552 843 578 aut
869 548 1019 579 damnum
1044 547 1100 578 da-

414 603 484 628 tum
515 597 619 636 (quod
655 597 666 613 ‘
681 597 874 637 pauperiem
887 597 896 610 '
925 597 1099 631 vocabant,

415 646 494 685 quia
507 647 515 662 ‘
528 645 649 685 injuria
661 644 670 658 ’
691 645 756 676 dici
775 646 910 685 proprie
923 655 989 676 non
1004 653 1099 685 pote-

413 692 480 731 rat)
494 693 672 723 restituere
689 693 884 734 cogebatur.
931 693 1030 726 Quod
1052 694 1100 724 in-

414 741 622 773 commodum
635 752 700 782 quo
709 742 854 773 vitarent
862 743 1101 782 domini,signo

414 791 525 832 aliquo
554 795 769 822 occurrentes
789 791 1021 826 admonebant.
1036 801 1100 832 quo

413 847 533 870 cavere
546 838 610 869 sibi
623 848 642 869 a
655 839 713 869 tali
725 839 940 879 quadrupede
954 844 1100 879 possent,

414 892 451 918 et
466 887 680 927 peculiariter
697 888 824 927 illigato
839 889 994 919 cornibus
1010 888 1099 924 feno,

414 935 534 965 bovem
544 943 646 964 cornu
659 940 776 974 petere
789 935 993 966 iudicabant.
1011 936 1097 966 Torr-

413 983 542 1013 Foenum
557 983 645 1013 habet
658 983 690 1013 in
705 983 813 1022 cornu]
836 985 896 1014 Est
910 993 1016 1015 sermo
1027 985 1097 1015 vul-

414 1031 448 1070 gi
465 1031 497 1060 in
514 1030 648 1070 Potitus,
669 1031 724 1071 qui
740 1041 834 1062 acres
855 1038 932 1063 sunt
948 1033 981 1063 in
997 1034 1101 1064 homi-

413 1087 473 1109 nes
487 1077 632 1110 vitiosos.
660 1079 862 1119 Metaphora
874 1080 975 1112 ducta
985 1091 1004 1111 a
1016 1081 1101 1111 bove

414 1137 516 1159 cornu
534 1132 686 1168 petente,
697 1129 792 1169 cnjus
804 1130 958 1161 cornibus
974 1129 1099 1160 foenum

416 1176 598 1216 alligabant
613 1177 766 1216 Romani,
781 1182 816 1208 ut
831 1178 893 1208 sibi
909 1178 950 1208 ab
967 1178 1024 1209 illo
1045 1188 1098 1209 ca-

414 1230 534 1257 verent
558 1226 708 1257 homines
733 1227 765 1257 in
791 1227 843 1258 via
869 1227 955 1259 forte
985 1237 1099 1259 occur-

413 1281 536 1308 rentes.

457 1327 496 1355 35
521 1324 633 1355 Risum
647 1325 785 1356 excutiat
795 1326 870 1367 sibi]
882 1327 961 1358 Tale
974 1327 1099 1367 aliquid

414 1372 457 1403 de
473 1383 508 1403 se
526 1374 661 1404 Persius
679 1385 685 1401 :
711 1379 719 1391 ‘
735 1374 823 1406 Quid
839 1374 969 1411 faciam,
986 1377 1012 1405 si
1028 1385 1099 1406 sum

414 1422 578 1461 petulanti
603 1423 718 1462 splene
735 1423 896 1453 cachinno
910 1423 932 1452 ?'
960 1424 1096 1455 Tor-rent.

414 1471 567 1501 Excutiat
595 1471 668 1510 sibi]
691 1471 881 1502 Dummodo
903 1478 1034 1502 moveat
1056 1472 1099 1502 ri-

413 1528 486 1549 sum
514 1518 682 1558 profusum
703 1519 776 1558 sibi,
799 1520 832 1550 id
859 1525 922 1555 est,
940 1520 980 1551 ad
1006 1530 1098 1551 suam

415 1567 634 1607 voluptatem.
679 1568 850 1598 Dummodo
874 1568 969 1598 risum
994 1569 1098 1599 Excu-

415 1615 474 1645 tiat
486 1615 558 1652 sibi,
572 1625 631 1645 mm
645 1615 696 1645 hic
714 1616 854 1655 cuiquam
873 1620 975 1655 parcet
989 1617 1099 1656 amico]

414 1663 564 1701 Legend.
602 1663 750 1693 Excutiat
780 1663 849 1694 tibi.
904 1665 982 1695 Non
1011 1666 1100 1696 enim

415 1712 517 1742 talem
545 1712 662 1746 innuit,
689 1711 745 1751 qui
766 1712 936 1743 honestam
963 1713 1024 1743 sibi
1048 1723 1108 1749 re·-

414 1761 536 1800 quiem,
547 1760 608 1790 hoc
624 1766 688 1799 est,
704 1761 863 1801 εὐημερίαν
878 1771 916 1792 ac
932 1762 1099 1794 modestos

414 1810 501 1839 risus
517 1810 657 1850 quaerit;
679 1811 809 1850 qualem
826 1811 949 1842 alicubi
974 1811 1098 1842 descri-

413 1858 465 1888 bit
483 1858 519 1888 L.
536 1858 727 1898 Philippum
742 1869 750 1890 :
772 1868 886 1890 verum
902 1860 1015 1897 talem,
1031 1860 1099 1900 qui,

415 1907 494 1937 dum
521 1908 594 1938 aliis
619 1908 717 1938 modo
743 1908 842 1939 dicax
867 1908 1032 1947 videatur,
1056 1909 1097 1939 ri-

415 1965 554 1996 sumque
570 1957 750 1996 exprimat,
765 1957 846 1988 nulli
858 1958 967 1989 amico
983 1967 1098 1998 parce-

412 2009 463 2035 ret
477 2015 484 2034 :
509 2005 569 2035 hoc
585 2009 637 2035 est
652 2006 739 2046 quod
755 2006 878 2037 alicubi
899 2007 982 2038 dicit
996 2007 1097 2038 Sene-

414 2062 468 2091 ca,
485 2053 494 2070 ‘
507 2054 649 2084 amicum
666 2054 820 2092 perdere,
846 2063 943 2094 quam
970 2055 1096 2085 dictum

413 2100 552 2130 mallet)
595 2100 707 2141 Atque
722 2102 783 2132 hoc
799 2106 862 2139 est,
886 2102 980 2141 quodv
997 2103 1095 2141 paulo

412 2152 492 2188 post
514 2147 609 2186 dicit,
634 2149 779 2179 ‘solutos
800 2149 866 2180 Qui
881 2153 997 2187 captat
1013 2150 1095 2180 risus

411 2196 581 2227 hominum
609 2195 795 2236 famamque
831 2196 979 2227 dicacis!
1014 2197 1094 2227 Rut-

408 2254 493 2283 gers.

454 2295 496 2323 36
521 2292 648 2328 chartis
670 2291 819 2329 illeverit]
855 2293 1096 2333 Quodcumque

411 2341 515 2372 semel
526 2341 713 2380 scripserit.
741 2341 803 2380 [Et
813 2350 1011 2381 quoscumque
1020 2343 1096 2374 Vat.

410 2392 442 2420 4.
462 2389 538 2419 Vat.
555 2388 649 2418 Rom.
664 2390 695 2418 7.
718 2393 754 2418 et
769 2388 921 2427 Angelic.
937 2390 983 2429 1.]

453 2440 494 2468 37
513 2437 633 2468 Gestiet
644 2437 763 2475 αἶαν-πο
774 2438 948 2478 redeuntes]
963 2439 1096 2479 Cupiet,

409 2490 449 2518 ut
464 2495 578 2517 omnes
593 2495 611 2516 a
629 2485 770 2525 pistrino
787 2486 965 2517 redeuntes
979 2487 1097 2518 sciant.

410 2535 440 2566 A
447 2535 545 2572 furno
555 2534 728 2574 redeuntes]
745 2533 836 2565 Acro
848 2534 1018 2574 intelligit,
1029 2543 1095 2566 ser·

410 2594 469 2615 vos
485 2593 504 2614 a
520 2583 682 2623 pistrino:
708 2592 727 2613 a
750 2583 839 2623 lacu,
853 2592 966 2614 servos
982 2593 1003 2615 a
1016 2584 1094 2621 lixa,

408 2631 443 2662 id
460 2636 524 2670 est,
547 2631 701 2671 lympha:
726 2631 814 2662 unde
829 2636 960 2663 veteres
977 2642 1094 2673 aquam

409 2680 531 2711 dixisse
548 2681 660 2719 lixam,
678 2679 807 2711 Nonius
823 2686 972 2713 annotat.
996 2683 1094 2713 Unde

410 2728 512 2758 etiam
527 2728 604 2759 lixae
619 2728 779 2760 nominati
802 2729 834 2759 in
860 2730 1022 2769 exercitu,
1037 2731 1094 2771 qui

410 2785 530 2818 aquam
545 2776 759 2810 adveherent.
777 2778 819 2810 G.
832 2778 951 2811 Fabrit.
994 2779 1093 2811 Lacu·

1128 2730 1217 2761 'cum
1241 2728 1355 2760 dativo
1374 2728 1520 2769 ponitur.

867 311 1007 341 No'rAE
1039 312 1297 342 VAR10RUM
1332 312 1383 342 IN

1146 403 1217 442 que]
1250 404 1349 434 Lacus
1364 408 1460 434 erant
1475 403 1591 434 Romae
1604 402 1741 444 publici,
1757 405 1827 445 qni-

1146 450 1206 481 bus
1223 460 1308 492 aqua
1330 451 1562 482 continebatur
1583 450 1626 482 ad
1651 459 1744 482 usum
1769 459 1828 491 po-

1147 499 1239 538 puli3
1262 504 1297 530 et
1323 499 1455 540 quidem
1482 503 1552 530 tota
1565 498 1658 530 Urbe
1672 497 1828 539 frequen-

1147 546 1278 586 tissimi,
1289 547 1566 588 quemadmodum
1581 555 1623 577 ex
1638 547 1680 577 P.
1689 546 1829 578 Victore

1147 599 1292 633 constat,
1316 605 1405 634 cum,
1428 599 1509 635 quot
1524 595 1659 635 siugulis
1674 594 1707 626 in
1723 594 1830 635 regio-

1146 643 1242 674 nibus
1266 644 1355 674 lacus
1372 642 1510 683 fuerint,
1535 652 1601 674 non
1616 652 1712 675 secus
1727 652 1768 674 ac
1781 643 1830 674 vi·-

1148 701 1205 722 cos
1232 697 1268 723 et
1290 691 1367 723 fana
1393 696 1577 724 enumerat.
1627 692 1719 725 Quos
1742 691 1831 722 inter

1148 740 1320 775 notissimi,
1351 740 1493 780 propriis
1519 740 1669 771 distincti
1693 739 1833 770 nomini·

1148 788 1218 828 bus,
1234 789 1367 820 Curtius
1382 794 1416 819 et
1432 789 1600 820 Servilius.
1643 788 1723 820 vid.
1741 787 1831 818 Tur·

1147 838 1223 868 neb.
1254 845 1361 868 xxix.
1390 840 1444 869 29.
1478 837 1616 869 Torreat.
1671 836 1830 876 Lucaque]

1147 885 1244 915 Unde
1260 894 1376 925 aquam
1392 885 1556 916 hauriunt.

1190 935 1231 962 38
1252 932 1408 972 Agedum]
1443 932 1640 972 Respondet
1668 931 1830 964 Horatius

1149 981 1189 1012 ad
1212 990 1253 1011 ea
1279 990 1353 1021 quae
1377 981 1409 1010 in
1434 981 1625 1021 Satyramm
1646 981 1831 1020 scriptores

1148 1030 1239 1062 dicta
1251 1029 1398 1061 fuerant.
1441 1029 1554 1069 Accipe
1564 1027 1687 1067 contra]
1707 1027 1834 1060 Defen-

1148 1089 1241 1111 surus
1257 1089 1292 1110 se
1306 1079 1465 1111 adversus
1477 1088 1547 1122 eos,
1569 1080 1625 1120 qui
1642 1077 1765 1110 Poetas
1777 1078 1832 1109 vel

1149 1131 1192 1161 ob
1221 1130 1325 1161 solum
1355 1139 1474 1161 nomen
1503 1129 1594 1160 exosi
1620 1127 1761 1168 fugiant,
1791 1138 1831 1160 ac

1149 1179 1318 1220 praecipue
1341 1179 1522 1220 Satyricos,
1545 1187 1684 1219 quorum
1698 1177 1831 1218 scriptis

1149 1228 1269 1268 passim
1297 1228 1384 1268 apud
1411 1237 1523 1259 omnes
1548 1226 1725 1266 divulgatis
1748 1225 1831 1258 infu-

1148 1281 1307 1315 mentur;
1342 1277 1459 1308 ordine
1494 1275 1690 1317 respondet,
1723 1284 1831 1316 neque

1149 1325 1330 1356 Poetarum
1351 1334 1489 1357 numero
1504 1334 1540 1356 se
1559 1324 1759 1364 habendum,
1774 1333 1830 1355 ne-

1148 1382 1225 1413 que,
1245 1384 1318 1414 quae
1337 1374 1486 1413 pedestri
1501 1371 1742 1415 quodammodo
1758 1381 1829 1402 ora-

1149 1423 1239 1463 tione
1253 1423 1380 1463 scribit,
1396 1422 1605 1454 contumelia}
1619 1421 1692 1453 loco
1707 1421 1830 1452 duceu-

1148 1471 1203 1510 da,
1241 1480 1315 1502 cum
1352 1471 1393 1502 ad
1430 1481 1574 1503 morum.
1591 1469 1830 1502 correctionem

1149 1525 1315 1560 spectent,
1337 1529 1444 1560 neque
1467 1520 1540 1560 ipse
1555 1528 1596 1550 eo
1610 1518 1741 1550 nomine
1757 1527 1830 1548 sese

1142 1570 1264 1609 jactet,
1287 1569 1367 1599 nihil
1390 1569 1496 1599 minus
1519 1577 1616 1609 quam
1633 1572 1752 1598 natura
1766 1577 1833 1597 ma-

1148 1617 1288 1655 ledicus,
1301 1626 1362 1648 nec
1375 1618 1526 1657 cuiquam
1538 1616 1642 1656 probo
1653 1615 1831 1647 formidan-

1149 1666 1219 1697 dus.
1262 1665 1314 1696 Ac
1331 1665 1464 1695 tandem
1479 1665 1528 1695 ita
1543 1674 1563 1694 a
1579 1669 1672 1704 patre
1684 1673 1720 1695 se
1736 1663 1830 1694 insti-

1150 1717 1256 1744 tutum
1284 1721 1432 1752 narrans,
1459 1713 1649 1743 Sermonem
1677 1713 1830 1745 absolvit.

1151 1762 1290 1792 Torrent.

1190 1813 1232 1841 39
1253 1810 1402 1841 Dederim
1415 1809 1522 1850 quibus
1539 1818 1603 1840 esso
1617 1807 1751 1848 Po'e'tas]
1772 1808 1831 1848 Iis,

1150 1869 1231 1901 quos
1259 1868 1402 1899 agnosco
1424 1867 1495 1890 esse
1511 1858 1650 1898 Poe'tss,
1667 1866 1732 1889 non
1755 1857 1830 1888 dico

1149 1918 1200 1938 me
1218 1917 1289 1938 esse
1306 1907 1458 1939 Poetnm.

1188 1959 1230 1986 40
1254 1956 1438 1986 Concludere
1450 1955 1584 1995 tersum]
1600 1955 1742 1986 Versum
1757 1963 1830 1986 eer-

1149 2005 1190 2036 tis
1206 2005 1346 2045 pedibus
1362 2005 1529 2036 claudere.

1186 2056 1230 2084 42
1252 2053 1391 2083 Sermoni
1401 2052 1561 2092 propiora]
1584 2051 1748 2083 Similiora
1762 2059 1829 2081 ser-

1145 2101 1234 2131 moni
1259 2101 1451 2140 quotidiano
1477 2105 1511 2130 et
1535 2099 1678 2131 orationi
1700 2099 1832 2135 solutae,

1145 2157 1242 2188 quam
1258 2148 1416 2178 versibus.

1185 2198 1226 2227 44
1248 2196 1314 2226 Des
1327 2194 1472 2234 nominis]
1495 2195 1543 2226 Ut
1558 2194 1665 2226 Poeta
1682 2195 1828 2226 nomine-

1144 2249 1210 2275 tur.

1184 2295 1224 2323 4⁵
1250 2292 1397 2331 Quidam]
1436 2291 1644 2330 Quaesivere,
1671 2292 1748 2332 quia
1773 2301 1829 2323 co-

1144 2340 1273 2371 moediae
1288 2340 1394 2380 stylus
1417 2349 1526 2380 prosae
1549 2339 1689 2372 orationi
1711 2345 1764 2373 est
1786 2341 1827 2372 si·

1144 2388 1240 2420 milis.

1185 2439 1226 2468 46
1251 2435 1437 2476 Quaesivere]
1453 2435 1713 2468 Dubitaverunt.
1747 2436 1830 2468 Acer

1143 2485 1289 2526 spiritus]
1325 2485 1470 2525 Spiritus
1505 2483 1626 2516 ardens
1663 2488 1699 2516 et
1730 2485 1829 2516 velie-1

1144 2544 1249 2566 mens.

1184 2586 1225 2615 47
1248 2583 1333 2614 Pede
1346 2581 1444 2621 certo]
1467 2580 1519 2612 Ac
1530 2579 1827 2614 defiuitonumero.

1183 2635 1224 2664 48
1248 2631 1372 2672 Differt
1388 2629 1532 2670 sermoni]
1556 2628 1682 2665 Differt
1695 2630 1738 2662 ub
1754 2639 1824 2662 ors·

1142 2682 1234 2713 tione
1256 2682 1374 2712 soluta.
1415 2679 1540 2720 Dffirt
1560 2688 1621 2720 pro
1645 2679 1827 2718 ‘dissidet‚'

1577 2728 1685 2760 Sermo
1709 2726 1823 2766 maus]

1141 2778 1238 2810 Solus
1254 2786 1362 2810 sermo
1377 2776 1486 2810 verbis
1499 2776 1590 2817 puris
1601 2775 1820 2817 perscriptus.
