1916 3262
464 290 673 323 noum-11
707 289 980 322 cAumth
1017 290 1113 323 ma.
1147 291 1179 320 1.
1210 280 1279 322 13.

182 384 224 418 63
249 385 308 418 lue
336 395 389 418 seu
422 384 572 426 Parthos]
597 383 692 416 Nihil
709 381 842 416 'contra

142 436 293 468 Parthos
318 441 379 468 aut
402 434 519 471 Indos,
534 433 651 466 auditu
671 437 843 475 tuuqtan-

144 490 216 518 tum
250 486 418 518 Romanis·
431 484 602 526 cognitos,
625 484 679 516 vel
705 483 750 515 ab
773 482 844 515 Au-

142 541 255 576 gusto,
270 537 324 568 vel
353 536 395 568 ab
419 535 490 576 qius
507 533 651 566 ducibus
676 534 844 575 praeclare

143 590 300 627 gestum:
321 585 381 617 sed
410 586 571 623 virtutum
595 593 733 615 suarum
755 583 845 616 fama

143 646 207 668 eoa
227 635 271 668 ad
297 635 479 668 amicitiam
505 633 689 675 petendam
711 634 845 666 allexit.

145 686 191 718 Et
205 685 300 727 signa
314 685 574 726 militaria,quae
586 684 708 716 Crasso
723 689 759 716 et
777 683 845 715 An-

144 736 241 767 tonio
262 734 476 774 ademerant,
495 734 725 766 reddiderunt.
769 734 847 767 Qua

145 794 184 816 re
199 784 286 816 adeo
301 785 439 816 laetatus
454 789 520 820 est,
537 789 575 816 ut
591 785 683 816 nulla
700 794 846 826 unquam

144 834 290 867 victoria
319 836 448 875 magis:
479 834 583 876 idque
609 839 660 866 tot
684 835 755 874 ejus
780 839 848 866 tes-

143 889 262 916 tantur
277 886 416 926 uummi‚
430 894 506 916 cum
523 886 758 926 inscriptione,
770 885 849 916 Sio-

145 942 203 965 ms
219 933 413 967 Rscssrns.
446 935 542 967 Latio
552 934 762 975 immitentes]
785 934 849 967 La-

146 985 191 1016 tio
204 985 365 1017 imminere
389 985 486 1026 dicit,
509 986 705 1028 quicunque
732 985 849 1026 populi

144 1034 290 1066 Romani
314 1035 493 1075 imperinm
518 1033 694 1074 affectent,
713 1039 772 1066 aut
788 1035 850 1066 ali-

145 1093 212 1125 qua
225 1093 270 1116 ex
286 1089 384 1125 parte
399 1086 583 1117 lacessant.
610 1085 752 1116 Torrent-
787 1084 850 1116 La-

145 1133 190 1166 tio
198 1133 408 1176 imminentes]
419 1134 627 1166 lusidiantes
641 1135 752 1175 Latio,
761 1134 850 1176 quod

147 1183 203 1215 liic
242 1185 381 1225 ponitur
411 1195 474 1226 pro
502 1190 574 1217 toto
601 1185 751 1226 Imperio
783 1186 850 1217 Ro-

149 1243 263 1266 mano.

191 1287 234 1316 54
257 1286 372 1325 Egerit
384 1286 488 1328 justo]
513 1286 580 1318 Seu
597 1285 783 1328 subegerit,
799 1286 852 1317 vel

149 1337 184 1367 in
202 1336 407 1377 triumphum
425 1336 574 1368 duxerit.

195 1389 238 1418 56
260 1386 366 1426 Seras,
386 1390 419 1417 et
443 1387 553 1426 Indos]
576 1387 730 1427 Populos
745 1386 780 1417 in
796 1386 852 1418 ΙΕ-

150 1435 292 1476 thiopia,
308 1434 398 1476 apud
415 1444 499 1476 quos
516 1435 690 1467 altissimae
706 1442 784 1466 sunt
799 1445 851 1466 ar-

149 1485 264 1526 bores,
287 1495 366 1527 quae
392 1495 458 1517 non
486 1486 594 1517 solum
621 1484 716 1525 folia,
730 1486 790 1517 sed
806 1485 852 1516 la·

147 1546 226 1568 nam
257 1536 361 1568 etiam
393 1536 574 1578 proferunt
607 1536 853 1576 tenuissimam,

147 1596 191 1619 ex
208 1595 275 1628 qua
289 1586 475 1619 conficiunt
492 1587 708 1619 vestimenta.

194 1640 235 1669 57
260 1637 364 1677 Rege!
379 1637 502 1679 aquus]
519 1637 584 1669 Ille
599 1647 729 1679 aequus,
742 1636 776 1668 id
792 1642 856 1677 est,

150 1696 218 1720 nou
245 1687 403 1721 invidens
433 1687 506 1724 tibi,
532 1688 590 1719 sed
618 1697 718 1729 aequo
742 1687 854 1719 animo

150 1737 266 1770 ferens
281 1742 376 1770 tuum
391 1739 425 1769 in
441 1739 527 1770 coelo
541 1739 733 1780 imperium,
748 1744 781 1770 te
794 1739 855 1769 mi-

154 1797 229 1825 nor,
250 1788 284 1820 id
311 1793 378 1827 est,
395 1798 431 1819 se
454 1787 653 1819 inferiorem
671 1793 704 1819 te
720 1797 858 1828 gerens,

155 1843 256 1879 reget
271 1842 394 1870 terras.
426 1838 542 1868 Latum
555 1837 673 1878 orbem]
697 1838 732 1868 Sl
749 1838 857 1868 loetam

154 1889 316 1927 legamus,
331 1887 420 1928 quod
435 1887 468 1917 in
482 1887 592 1918 tribus
605 1887 857 1926 exemplaribus

153 1937 351 1969 Torrentius
367 1937 510 1978 reperit,
539 1937 656 1967 melius
677 1937 859 1968 conveniet

156 1997 232 2019 cum
249 1986 352 2018 verbo
367 1996 495 2027 oeqnus:
518 1986 598 2017 nihil
617 1986 708 2017 euim
730 1987 858 2027 populo

149 2036 335 2078 jucundius
366 2036 562 2077 gratiusque
593 2037 753 2077 aequitate
783 2045 858 2076 reg-

157 2085 281 2118 nantis.

141 2167 143 2171 ,
197 2138 242 2167 68
260 2135 308 2167 Tu
317 2136 410 2175 gravi
422 2137 531 2178 curru]
545 2137 595 2168 Tu
611 2135 763 2176 tonabis;
781 2145 858 2167 nam

156 2194 200 2216 ex
215 2184 312 2218 Jovis
332 2195 433 2217 curru
449 2187 571 2217 coelum
593 2186 772 2228 quatiente
788 2187 860 2217 vul-

158 2244 221 2276 gus
236 2235 398 2276 opinatur
414 2236 543 2268 tonitru
559 2235 648 2268 fieri.

200 2288 244 2318 5⁹
267 2286 316 2318 Τιι
331 2297 443 2327 parum
465 2287 574 2327 castis]
595 2288 644 2318 Tu
669 2286 784 2318 mittes
801 2287 862 2318 ini-

159 2335 259 2375 mica,
284 2335 319 2367 id
345 2342 412 2378 est,
437 2337 548 2369 tristia
573 2336 718 2369 fulmina
741 2346 862 2378 parum

159 2385 266 2417 castis
294 2386 392 2424 lucis,
421 2387 457 2419 id
486 2392 552 2426 est,
580 2388 666 2420 lucis
696 2389 860 2419 contami-

162 2435 252 2467 natis
268 2440 305 2467 et
318 2437 467 2476 pollntia.
494 2437 628 2469 Turneb.
647 2446 736 2470 xxv.
754 2440 805 2469 14.

206 2487 249 2516 60
272 2485 418 2517 Fulmina
433 2487 526 2527 lucis]
547 2489 598 2519 Ea
610 2488 699 2519 enim
711 2487 865 2530 fulmina,

163 2543 266 2576 quum
273 2534 357 2566 lucis
370 2535 497 2576 aliquid
508 2536 657 2567 divinum
666 2537 777 2568 inesse
792 2546 865 2569 cre-

165 2584 319 2626 deretur,
331 2585 456 2626 majore
471 2595 552 2617 cura
567 2592 728 2628 metuque
745 2597 866 2628 procu-

165 2634 340 2675 rabantur,
358 2637 396 2665 ut
412 2644 430 2665 a
446 2634 534 2667 Jove
559 2635 773 2667 iracundiore
790 2646 866 2676 pro-

166 2685 270 2717 fecta.
296 2686 442 2717 Torreat.

168 2734 250 2767 001³
281 2744 362 2766 xm.
396 2734 552 2776 Ἐρωτική.
612 2735 669 2767 An
706 2736 870 2769 Ianum,

212 2786 361 2817 Moleste
379 2785 446 2817 fert
462 2786 650 2827 Telephum
674 2787 809 2819 rivalem
827 2787 867 2818 si·

212 2836 246 2867 bi
261 2847 279 2866 a
297 2837 403 2877 Lydia
419 2838 594 2877 anteponi.

254 2890 411 2930 Del1›la.et
427 2891 501 2922 Var.
518 2892 604 2924 clus.

839 2890 955 2923 Horat.

1484 284 1596 328 1361

937 385 953 414 1
979 382 1083 419 Quam
1098 386 1134 414 tu
1145 382 1262 424 Lydia]
1287 383 1341 414 De
1354 391 1420 425 qua
1433 388 1513 416 ante
1526 387 1597 420 Od.

893 436 925 466 8.
959 433 1108 475 Egregie
1122 433 1178 465 hic
1194 433 1347 473 zelotypi
1364 431 1508 465 affectus
1535 437 1597 468 sub

894 491 1039 524 persona
1068 491 1129 514 sua
1158 481 1335 514 describit.
1381 482 1476 514 Nihil
1508 486 1599 516 enim

893 533 1023 564 amanti
1037 532 1188 574 gravius,
1203 542 1303 573 quam
1316 542 1381 563 nou
1395 533 1496 565 modo
1509 544 1601 566 ama·

893 581 923 614 ri
941 581 1045 614 alium
1069 581 1112 613 ab
1136 591 1178 614 ea
1193 591 1291 624 quam
1317 583 1391 623 ipse
1414 590 1516 619 amet,
1539 585 1600 616 sed

893 642 1009 665 corant
1022 634 1125 664 etiam
1139 633 1338 666 collaudari.
1358 634 1503 667 Torrent.
1542 636 1600 668 Te-

894 682 992 724 lephi]
1017 683 1145 714 Rivalis
1161 683 1227 715 sui.

938 735 959 764 2
982 732 1131 773 Roseam]
1155 733 1333 765 Cervicent
1360 735 1535 775 pulchram
1552 735 1602 767 in-

896 787 968 815 star
991 793 1088 814 rosae.
1135 784 1234 815 Cerea
1258 784 1401 825 brachia]
1426 785 1452 815 A
1473 785 1605 817 mobili-

898 834 969 866 tate
983 837 1019 865 et
1042 833 1211 874 agilitate,
1225 845 1302 875 quae
1314 834 1479 875 juvenem
1496 836 1602 867 maxi-

897 893 952 916 me
967 883 1082 923 decet‚
1097 893 1199 915 cerea
1222 885 1365 925 Telephi
1391 885 1530 917 brachia
1548 885 1603 917 hic

898 933 1092 966 laudantur.
1137 934 1252 967 Graeci
1272 934 1396 975 ῥαδινὸν
1411 940 1548 974 vocant,
1563 946 1604 967 ac

899 988 968 1016 tam
994 985 1086 1016 varie
1103 989 1283 1026 usurpant,
1299 995 1400 1026 quam
1422 986 1536 1017 Latini
1554 990 1604 1017 te-

900 1044 1016 1066 nerum
1029 1044 1068 1066 ac
1081 1035 1194 1067 molle.
1217 1035 1361 1067 Tor-rent.
1393 1036 1504 1077 Cerea]
1520 1036 1605 1067 Bra·

900 1085 976 1116 chia
988 1084 1169 1125 flexibilia,
1186 1094 1275 1116 cerae
1287 1085 1422 1117 similia.

943 1137 963 1166 ³
991 1135 1060 1176 Voe,
1080 1145 1178 1166 meam
1196 1135 1344 1175 Ferreus,
1369 1135 1438 1175 ξα]
1471 1134 1607 1175 Scribe,

900 1195 951 1216 πω
973 1195 1073 1217 meum
1101 1185 1252 1224 Fen-cens,
1274 1182 1326 1225 &⁶³-
1352 1184 1607 1225 ἐμφατικώτατα,

902 1235 990 1267 utin
1019 1236 1118 1276 plane
1142 1236 1314 1276 pathetica
1329 1236 1495 1267 oratione.
1540 1237 1608 1267 Co—

903 1286 1033 1318 micus:
1058 1287 1068 1304 ‘
1087 1286 1232 1318 Faciunt
1247 1295 1300 1316 nae
1318 1285 1555 1326 intelligendo,
1569 1291 1608 1318 ut

902 1336 984 1367 nibil
1000 1335 1219 1375 intelligant!
1262 1336 1336 1370 Ne,
1351 1335 1412 1366 ναί.
1423 1336 1540 1368 Graeei
1556 1337 1607 1368 di-

902 1389 1023 1416 cerent
1036 1384 1081 1423 μὰ
1093 1383 1159 1415 τόν·
1174 1384 1397 1415 vehementer
1411 1385 1500 1416 enim
1518 1384 1608 1416 affir-

902 1439 984 1466 mat.
1008 1434 1172 1467 Heinsius.
1234 1434 1303 1475 Voe]
1328 1435 1532 1477 Interjectio
1555 1441 1609 1468 est

904 1484 1063 1517 dolentis.

947 1538 967 1567 4
991 1535 1142 1578 Difficili]
1164 1537 1288 1568 Tumet
1307 1537 1410 1578 jecur
1426 1538 1475 1568 ira
1490 1537 1610 1578 impla-

905 1587 1018 1628 cabili,
1043 1597 1119 1629 quae
1142 1587 1247 1619 facile
1263 1588 1377 1620 sedari
1401 1599 1467 1620 non
1484 1593 1610 1630 potest.

906 1637 984 1669 Bile
997 1637 1212 1678 tumetjecur]
1238 1638 1315 1669 Non
1334 1639 1434 1670 motio
1459 1640 1468 1656 ⁴
1485 1638 1613 1680 hepar’

906 1693 964 1719 aut
987 1687 1079 1720 ‘fel'
1106 1689 1202 1728 Virg.
1227 1692 1334 1729 atque
1356 1689 1535 1728 Horatius,
1552 1689 1613 1720 sed

906 1742 942 1768 et
975 1737 1077 1768 ‘cor'
1107 1737 1292 1772 Homerus,
1322 1737 1508 1769 iracundiae
1539 1743 1614 1769 tau-

907 1796 1008 1827 quam
1039 1785 1156 1817 sedem
1182 1795 1257 1817 esse
1282 1788 1475 1818 voluerunt.
1522 1787 1614 1820 Quin

908 1835 1010 1866 etiam
1027 1836 1185 1876 quoniam
1207 1841 1328 1876 pectus
1350 1837 1475 1876 ipsum,
1496 1837 1529 1867 in
1546 1847 1614 1878 quo

908 1884 982 1916 hoec
1017 1886 1149 1916 viscera
1179 1891 1270 1923 suut,
1302 1889 1439 1917 veteres
1470 1890 1614 1919 ‘stoma-

908 1934 1010 1966 chum
1024 1933 1032 1947 '
1068 1935 1300 1976 appellarunt,
1335 1935 1413 1967 hinc
1452 1936 1616 1968 ‘movere

910 1984 1149 2023 stomachum,'
1171 1994 1233 2025 pro
1257 1985 1299 2015 ad
1327 1985 1411 2016 iram
1432 1987 1617 2027 concitare,

910 2039 945 2066 et
969 2035 1195 2066 ‘stomachari
1213 2034 1221 2047 ’
1255 2044 1318 2075 pro
1344 2035 1447 2067 irasci
1473 2037 1617 2076 dixere;

909 2084 1058 2116 maxime
1075 2085 1165 2126 quod
1181 2085 1260 2116 irati
1280 2090 1353 2116 toto
1366 2091 1508 2126 pectore
1527 2088 1618 2120 intu-

910 2136 1103 2168 mescimus.
1138 2132 1282 2167 Torrent-
1336 2137 1426 2179 Bile]
1459 2138 1618 2178 Cholera,

910 2196 978 2228 qua
993 2186 1225 2218 incalescente
1242 2186 1276 2218 in
1293 2187 1378 2219 iram
1401 2188 1618 2229 insurgimus.

914 2237 1024 2269 Tumet
1046 2236 1155 2278 jecur]
1186 2237 1370 2278 Turgescit
1394 2239 1500 2279 cystis
1529 2238 1619 2271 fenis

905 2287 1053 2328 jecinori
1070 2296 1216 2324 annexa,
1241 2298 1316 2329 quae
1333 2288 1412 2320 bilis
1428 2294 1483 2321 est
1499 2299 1620 2331 recep-

912 2338 1076 2369 taculum.
1101 2337 1325 2380 Tunaetjecur]
1347 2338 1540 2371 Germanus
1551 2341 1618 2371 Va-

910 2387 984 2419 lens
1008 2392 1110 2430 putat
1136 2387 1199 2419 hoc
1221 2389 1290 2419 dici
1318 2388 1362 2420 de
1387 2388 1495 2423 κύστει
1517 2396 1619 2431 χολη-

912 2436 1009 2477 δόχῳ,
1037 2437 1069 2467 id
1097 2442 1160 2477 est,
1177 2437 1269 2475 fellis
1292 2441 1504 2479 receptaculo.-
1528 2440 1619 2480 quod

913 2488 986 2519 sine
1003 2487 1105 2519 dubio
1128 2488 1241 2528 hepati
1264 2493 1318 2519 est
1338 2488 1560 2528 adjunctum;
1585 2493 1620 2519 et

915 2547 977 2578 pro
994 2536 1143 2568 humoris
1158 2537 1256 2577 copia
1272 2542 1332 2568 aut
1344 2538 1518 2577 paucitate
1532 2538 1622 2568 intu-

915 2587 1037 2618 mescit
1069 2590 1127 2616 aut
1155 2590 1363 2617 extenuatur
1389 2595 1428 2616 ac
1449 2587 1622 2618 minuitur.

916 2637 1026 2669 Lumb.
1052 2641 1089 2668 et
1113 2636 1192 2667 vide
1216 2637 1294 2669 Pet.
1311 2636 1404 2668 Vict.
1422 2637 1506 2669 Var.
1522 2639 1619 2670 Lect.

920 2695 1029 2719 xvur.
1051 2689 1105 2718 22.

961 2743 980 2770 5
1008 2738 1093 2769 Tunc
1107 2746 1262 2768 nec-mens
1279 2735 1371 2776 mihi]
1391 2736 1449 2768 Sic
1465 2737 1621 2770 Catullus

919 2788 961 2819 de
979 2798 1025 2822 se,
1051 2793 1058 2805 ‘
1073 2786 1142 2819 Odi
1155 2792 1191 2817 et
1208 2796 1300 2818 amo:
1325 2796 1429 2828 quare
1445 2787 1480 2818 id
1496 2787 1620 2820 faciam

921 2836 1065 2869 fortasse
1091 2836 1243 2878 requiris.
1288 2837 1426 2877 Nescio,
1457 2838 1517 2869 sed
1547 2837 1623 2870 fieri

1461 2891 1537 2922 4R
