1930 3204
603 279 822 314 ,HORATH
859 281 999 311 EPOD.
1032 281 1136 311 xvt.

143 386 200 409 nm
219 377 299 418 quin
315 377 358 408 de
374 376 521 414 Cimbris
542 374 770 414 Teutonisque
793 374 842 404 lo·

145 431 281 467 quatur,
312 435 395 467 quos
424 426 555 457 Marius
585 423 712 464 ingenti
745 421 842 454 clade

146 474 283 507 afflixit.
319 475 425 516 Pube]
460 475 647 508 Juventute
675 472 841 504 caerulea:

143 525 276 557 habent
302 525 394 557 enim
433 533 548 556 omnes
579 521 650 554 fere
678 519 844 553 Germani

146 575 262 606 oculos
295 575 470 606 coeruleos.
514 571 720 613 [Germanica
748 570 845 611 pubes

148 623 318 665 Guelpb]

189 677 210 705 8
231 673 451 714 Abominatio]
467 672 656 710 Παθητικῶς,
668 674 725 701 ut:
745 669 755 687 ⁴
766 669 845 701 Bel-

145 723 251 764 laque
266 722 430 758 matribus
445 720 650 754 Detestata!
695 721 847 752 Parentes

147 776 262 803 autem
278 771 342 803 boc
357 771 433 803 loco
445 770 646 810 simpliciter
662 779 724 810 pro
740 768 847 809 majo-

147 821 243 853 ribus
259 821 400 862 accipit,
413 830 479 852 non
501 819 751 861 significatione
767 828 848 851 con-

145 877 247 918 sueta
271 881 333 913 pro
359 871 512 912 patribus
538 870 773 911 matribusque
795 878 850 900 eo·

138 927 236 961 rum,
255 922 314 964 qui
337 922 428 953 bello
450 921 655 954 Hannibalis
679 919 759 951 caesi
777 918 850 950 fue-

148 975 243 1009 rant3
267 970 327 1002 sed
344 975 382 1002 ut
395 969 639 1003 Jurisconsulti
653 970 850 1010 loquuntur,

149 1020 242 1062 apud
270 1030 355 1061 quos
383 1021 393 1038 ‘
417 1018 590 1061 parentis'
621 1017 851 1059 appellatione

149 1071 351 1112 plerumque
366 1080 492 1107 omnes¹
509 1071 544 1102 iu
563 1069 730 1101 infinitum
752 1079 853 1110 supe-

151 1120 257 1151 riores
291 1120 520 1152 continentur.
563 1120 680 1152 Quare
710 1123 747 1150 et
774 1118 784 1136 ⁸
804 1117 853 1148 di-

152 1179 226 1202 rum
238 1170 247 1183 ¹
263 1174 364 1202 vocat
376 1170 488 1201 Poeta
512 1178 558 1201 ιι.
580 1168 650 1201 Od.
666 1171 718 1200 12.
733 1172 853 1208 utpote

151 1219 185 1250 in
231 1219 417 1259 perniciem
458 1219 689 1250 Romanorum
727 1222 854 1249 natum.

153 1268 222 1302 Qui
247 1277 333 1309 puer
358 1278 520 1300 annorum
542 1270 575 1299 4.
602 1271 703 1308 patre
725 1266 856 1299 sacrifi-

152 1323 255 1350 cante
270 1328 364 1350 aram
381 1323 537 1359 tangens,
547 1317 691 1358 jurabat
706 1326 742 1348 se
760 1327 855 1348 acer·

153 1368 275 1399 rimum
293 1368 380 1408 Pop.
401 1367 502 1399 Rom.
527 1376 604 1398 cum
631 1365 776 1406 primum
793 1374 855 1405 per

153 1422 291 1451 aetatern
322 1418 444 1450 liceret
477 1418 608 1448 hostem
646 1415 733 1447 fore.
778 1415 855 1447 Val-

152 1469 250 1501 Max.
267 1478 320 1501 lx.
334 1472 366 1501 4.
403 1469 450 1500 Et
469 1467 624 1499 solebant
646 1470 782 1497 veteres
806 1466 854 1497 in-

151 1517 299 1550 faustum
315 1518 443 1559 aliquid
460 1527 501 1548 ac
516 1515 643 1547 sinistri
660 1515 780 1546 ominis
797 1514 854 1545 de-

153 1567 325 1608 precando
334 1565 588 1606 aversandoque
597 1564 724 1604 dicere,
735 1568 744 1582 ‘
753 1564 855 1597 Quod

153 1615 352 1648 abominor!
374 1613 742 1654 AbomimtusAmaihal]
761 1613 855 1645 Han-

153 1665 248 1699 nibal
277 1675 309 1715 ax
331 1665 534 1706 parentibus
565 1669 619 1695 est
649 1663 857 1701 detestatus,

157 1718 298 1755 propter
326 1713 452 1744 liberos
482 1714 558 1753 ejus
586 1711 793 1743 crudelitate
823 1712 857 1742 iu

155 1764 286 1805 praeliis
301 1771 422 1795 cassos.

156 1835 160 1838 -
197 1815 219 1844 9
241 1812 346 1852 Impia
359 1808 537 1851 perdemus]
560 1810 635 1841 Nos
657 1814 740 1840 aetas
755 1809 860 1849 impia

159 1859 274 1900 devoti
288 1859 471 1899 sanguinis,
485 1858 521 1889 id
545 1863 610 1898 est,
627 1867 768 1899 quorum
784 1867 860 1890 san-

159 1909 234 1950 guis
263 1908 366 1940 morti
395 1907 585 1942 destinatus
618 1916 694 1938 esse
726 1906 862 1938 videtur

159 1962 303 2000 propter
325 1957 490 1998 majorum
518 1957 660 1996 scelera,
680 1956 861 1996 perdemus

161 2009 318 2048 Romam,
333 2017 434 2048 quam
461 2015 574 2048 neque
597 2005 734 2037 finitimi
751 2006 863 2037 value-

162 2061 243 2088 runt
269 2055 417 2097 perdere
443 2056 561 2095 Marsi,
590 2057 657 2087 &c.
684 2061 722 2086 ut
747 2064 862 2096 supra.

159 2105 278 2137 Devoti
291 2105 475 2146 sanguinis]
511 2104 588 2136 Hoc
611 2109 678 2145 est,
701 2113 761 2135 nos
778 2103 862 2136 dirae

160 2154 262 2196 hujus
276 2158 312 2186 et
328 2159 499 2186 execratas
513 2153 628 2184 aetatis
646 2152 862 2192 homiuem-in

161 2212 270 2246 quam.
293 2207 346 2235 tot
374 2202 524 2235 civilium
554 2201 720 2233 bellorum
746 2200 861 2233 clades

162 2251 337 2286 inciderit.

205 2305 247 2334 10
270 2301 420 2341 Fer-isque
448 2310 557 2332 rursus
588 2301 786 2340 occupabitur
812 2310 861 2331 so-

164 2353 242 2394 lunt]
278 2351 406 2383 Melius
435 2351 500 2382 hoc
530 2352 715 2390 intelliget,
742 2350 797 2381 cui
828 2351 864 2381 in

165 2405 315 2434 mentem
329 2399 462 2431 venerit
475 2400 561 2431 illud
576 2399 620 2430 de
640 2399 754 2440 Trojae
773 2398 865 2430 exci—

167 2450 225 2482 dio
247 2458 304 2483 ιιι.
319 2449 387 2480 Od.
403 2450 437 2480 3.
479 2453 490 2468 ·
511 2449 602 2479 Dum
621 2447 749 2479 Priami
771 2447 866 2479 Pari-

169 2498 288 2538 disque
320 2497 422 2529 busto
457 2497 608 2528 Insultet
644 2496 868 2528 Armentum.'

170 2547 305 2580 Addam
321 2546 411 2588 quod
426 2545 470 2577 de
485 2546 681 2578 Hannibale
696 2545 867 2577 refertur:

170 2607 248 2631 nam
262 2595 454 2637 significare
478 2596 606 2634 volens,
628 2599 756 2636 quanto
778 2595 870 2627 inter

172 2658 208 2680 se
233 2647 312 2679 odio
334 2647 508 2686 Carthago
536 2650 572 2677 et
598 2645 706 2676 Roma
728 2644 870 2676 disside-

171 2703 263 2737 rent,
283 2695 414 2729 inflicto
441 2697 475 2727 in
499 2701 623 2727 terram
647 2695 746 2736 pede,
767 2695 870 2726 susci-

172 2752 316 2789 tatoque
331 2747 483 2788 pulvere,
506 2751 588 2778 tunc
606 2746 697 2777 inter
719 2755 776 2777 eas
798 2744 872 2777 fore

174 2797 276 2834 finem
303 2796 384 2829 belli
410 2795 512 2836 dixit,
536 2805 613 2828 cum
641 2795 809 2831 alterutra
836 2794 871 2828 in

1478 272 1497 311 ]
1506 272 1588 314 571

893 375 1068 414 pulverem
1091 376 1180 405 esset
1200 371 1351 403 redacta.
1397 371 1475 403 Val.
1496 373 1591 407 Max.

891 432 904 454 1
910 432 944 454 x.
953 427 984 455 4.
1003 423 1148 462 Ferisque
1154 431 1263 453 rursus
1271 420 1470 462 occupabitur
1477 423 1591 465 solum]

893 470 925 503 A
949 471 1032 503 feris
1058 472 1166 502 solum
1196 471 1289 502 urbis
1319 471 1438 502 Romae
1467 472 1592 503 iterum

893 520 1134 562 possidebitur,
1158 520 1248 551 sicut
1277 525 1356 551 ante
1383 530 1457 552 eam
1479 521 1595 553 condi-

893 574 964 602 tam
979 568 1063 601 feris
1079 574 1154 601 erat
1170 570 1437 610 receptaculum.

937 622 976 651 11
1001 619 1132 651 Insistet
1151 620 1266 660 victor]
1288 619 1402 651 Stabit
1422 629 1526 661 super
1547 619 1596 651 ci-

894 677 994 700 neres
1014 669 1108 700 urbis
1132 670 1184 700 vel
1208 669 1345 701 civium.
1389 670 1515 711 [Codd.
1540 679 1596 711 ap.

894 719 1018 758 Jaeck,
1034 723 1064 751 et
1080 719 1197 760 urbes]

940 768 999 809 [12
1015 769 1128 800 Vand.
1141 779 1227 800 unus
1241 779 1284 810 ap
1297 770 1421 811 Bothe,
1432 770 1535 810 Equi;
1552 771 1597 801 al.

898 827 950 859 ap.
961 818 983 851 J
986 819 1084 857 aeck,
1094 819 1227 859 Equus]

942 870 983 899 13
1007 869 1122 899 Carent
1145 868 1262 908 centis]
1287 869 1432 910 Proprie
1460 869 1598 910 quidem

899 917 1062 949 ‘carere'
1090 918 1259 959 significat
1288 928 1391 958 egere
1422 928 1476 958 eo,
1507 918 1598 960 quod

899 966 1025 998 habere
1041 968 1138 1006 velis,
1151 976 1264 1008 neque
1286 973 1382 999 caret
1407 968 1433 998 is
1457 968 1513 1009 qui
1533 977 1600 999 non

901 1016 1084 1049 desiderat.
1131 1017 1276 1057 Quirini]
1301 1018 1432 1049 Romuli
1465 1027 1542 1048 ossa
1566 1018 1601 1048 in

901 1068 1082 1109 sepulchro
1106 1067 1260 1107 condita,
1283 1073 1320 1099 et
1332 1068 1381 1099 sic
1396 1077 1506 1109 neque
1523 1076 1601 1098 ven·

902 1118 946 1148 tis
959 1122 1139 1157 commota,
1147 1127 1256 1158 neque
1266 1117 1347 1148 solis
1357 1117 1458 1149 radiis
1470 1121 1604 1156 exusta,

902 1168 1050 1199 insolens
1066 1168 1175 1199 victor
1187 1166 1379 1206 dissipabit.

947 1221 987 1250 14
1013 1217 1111 1254 Nefas
1127 1217 1248 1257 videre]
1271 1216 1370 1248 Libb.
1387 1217 1470 1248 Mas.
1486 1226 1603 1248 omnes

902 1267 1002 1298 videri
1026 1267 1159 1307 legunt.
1205 1267 1251 1297 Et
1281 1267 1439 1307 sepulcra
1467 1266 1603 1306 quidem

904 1316 1021 1347 violari
1033 1315 1144 1352 nefas,
1158 1315 1219 1346 sed
1232 1324 1347 1346 eorum
1363 1315 1521 1354 maxime,
1546 1315 1604 1355 qui

902 1364 1043 1404 imperia
1069 1364 1238 1404 urbesque
1265 1363 1470 1402 condidere;
1503 1367 1541 1393 ut
1562 1363 1604 1393 de

904 1413 1046 1444 Romulo
1068 1412 1123 1443 hic
1148 1412 1326 1444 Horatius.
1369 1412 1437 1444 Sed
1454 1417 1490 1443 et
1505 1411 1605 1452 Virg.

904 1471 944 1493 eo
960 1462 1151 1501 respexisse
1178 1461 1382 1492 crediderim
1398 1461 1531 1492 AEneid.
1552 1469 1605 1492 ιν.

904 1520 980 1542 cum
993 1510 1059 1542 ait:
1080 1511 1090 1528 ‘
1106 1511 1182 1542 Nec
1199 1510 1306 1550 patris
1326 1510 1488 1542 Anchisae
1514 1510 1606 1541 cine-

904 1569 958 1591 res
982 1568 1142 1591 manesve
1167 1559 1312 1591 revelli.’
1359 1559 1412 1590 Ad
1440 1560 1528 1591 hunc
1558 1560 1607 1590 lo-

904 1619 980 1642 cum
992 1608 1074 1640 facit
1091 1609 1174 1639 illud
1191 1609 1368 1640 Ciceronis
1383 1608 1536 1648 Philipp.
1552 1617 1607 1639 lx.

905 1658 916 1675 ‘
931 1659 1064 1690 Statuae
1076 1658 1249 1688 intereunt
1262 1662 1480 1697 tempestate,
1494 1657 1538 1694 vi,
1552 1666 1610 1688 ve·

905 1711 1056 1744 tustate;
1080 1707 1317 1746 sepulcrorum
1344 1710 1458 1736 autem
1482 1707 1608 1736 sancti-

906 1760 959 1787 tas
972 1756 1006 1786 in
1019 1755 1094 1796 ipso
1110 1755 1182 1786 solo
1195 1759 1262 1794 est,
1279 1754 1365 1795 quod
1383 1753 1472 1784 nulla
1491 1754 1523 1784 vi
1538 1763 1610 1785 mo·

907 1807 978 1838 veri
993 1815 1104 1847 neque
1117 1805 1223 1837 deleri
1237 1809 1363 1846 potest,
1378 1809 1480 1846 atque
1494 1809 1532 1836 ut
1543 1814 1609 1836 cae·

907 1859 985 1888 tera
1000 1855 1257 1895 extinguuntur,
1271 1855 1319 1886 sic
1332 1855 1514 1895 sepulchra
1523 1854 1610 1885 fiunt

909 1906 1084 1937 sanctiora
1113 1903 1310 1935 vetustate!
1350 1903 1499 1944 Propius
1529 1912 1609 1935 vero

909 1955 952 1987 ad
983 1954 1166 1986 Horatium
1203 1954 1339 1986 accedit
1368 1953 1488 1986 Claud.
1521 1953 1609 1984 bunc

908 2004 998 2036 haud
1023 2004 1127 2036 dubie
1151 2005 1264 2036 locum
1279 2004 1444 2043 imitatus,
1462 2005 1504 2036 de
1520 2005 1610 2036 bello

911 2055 1037 2087 Getico
1052 2055 1102 2086 bis
1118 2055 1290 2086 versibus:
1314 2055 1324 2072 ‘
1343 2055 1470 2086 Procul
1494 2059 1611 2086 arceat

912 2105 1000 2136 altus
1015 2104 1190 2144 Juppiter,
1202 2108 1241 2135 ut
1252 2103 1393 2135 delubra
1405 2104 1540 2141 Numae,
1556 2114 1609 2136 se-

912 2153 1057 2195 demque
1073 2154 1207 2187 Quirini
1222 2153 1404 2185 Barbaries
1422 2154 1527 2185 oculis
1543 2154 1609 2185 sal-

912 2206 981 2234 tem
998 2207 1166 2234 temerare
1189 2201 1341 2243 profanis
1364 2202 1494 2242 Possit,
1508 2207 1543 2234 et
1560 2213 1610 2234 ar·

912 2262 1032 2284 canum
1047 2252 1135 2283 tanti
1151 2252 1352 2292 depromere
1375 2252 1494 2292 regni)
1538 2253 1609 2284 No-

913 2302 1018 2334 tanda
1041 2302 1145 2333 etiam
1170 2311 1247 2343 quae
1270 2311 1314 2333 ex
1336 2302 1484 2343 antiquis
1508 2302 1610 2333 inter-

914 2351 1067 2391 pretibus
1081 2360 1149 2382 non
1174 2351 1232 2381 uni
1258 2360 1323 2391 ego
1346 2361 1480 2392 quoque
1499 2351 1610 2382 codici

916 2399 1090 2439 adscripta
1114 2399 1241 2438 inveni,
1270 2400 1447 2431 Romulum
1470 2399 1611 2431 fulmine

916 2450 1019 2481 ictum
1035 2448 1205 2487 interisse,
1220 2457 1260 2479 ae
1276 2449 1444 2489 sepultum
1459 2448 1563 2479 fuisse
1576 2449 1611 2479 in

918 2498 1066 2538 Rostris,
1094 2502 1185 2528 teste
1207 2498 1382 2536 Varrone;
1415 2497 1506 2528 unde
1531 2501 1613 2528 nata

918 2550 961 2581 sit
976 2547 1198 2586 consuetudo,
1213 2550 1251 2577 nt
1270 2556 1332 2586 pro
1347 2546 1477 2577 Rostris
1489 2546 1614 2578 mortni

919 2598 1158 2630 laudarentur:
1183 2595 1265 2626 alios
1290 2600 1402 2626 tamen
1419 2595 1451 2625 id
1476 2597 1614 2628 tradere

920 2649 962 2679 de
978 2647 1107 2687 templo
1123 2644 1269 2685 Quirini,
1283 2644 1375 2686 quod
1390 2645 1466 2677 ideo
1486 2651 1613 2678 temere

920 2697 1076 2740 patefieri
1099 2694 1195 2726 nefas
1217 2695 1273 2726 sit.
1304 2694 1451 2727 Turneb.
1467 2705 1544 2728 xxv.
1559 2699 1613 2728 21.

922 2747 1024 2786 Nesus
1044 2745 1162 2786 videre]
1184 2744 1313 2776 Contra
1335 2743 1384 2775 fas
1407 2749 1473 2788 est,
1495 2746 1613 2779 videre

921 2797 1054 2829 Romuli
1071 2795 1202 2829 cineres
1216 2794 1406 2835 dissipatos,
