1982 3230
440 292 551 334 1174

887 303 932 340 Q.
963 300 1170 332 noRA'rn
1203 301 1372 333 FLAcct

437 393 594 435 Caecus
614 394 693 435 iter
713 397 949 434 monstrare
968 393 1074 434 velit
1093 406 1100 431 :
1132 398 1275 434 tamen
1296 395 1459 447 aspice,
1479 394 1518 434 si
1538 393 1643 447 quid

435 461 491 502 Et
510 473 606 509 nOS‚
628 460 748 513 quod
770 473 895 500 cures
915 460 1135 512 proprium
1158 460 1330 508 fecisse,
1349 461 1591 513 loquamur.
1826 460 1855 500 5

437 527 484 568 Si
505 532 547 567 te
567 530 690 579 grata
707 526 833 579 quies
850 529 891 565 et
910 526 1090 578 primam
1112 537 1289 565 somnus
1310 526 1352 565 in
1373 526 1523 566 horam

437 593 666 643 Delectat;
696 593 734 632 si
755 596 797 632 te
818 592 959 644 pulvis
979 591 1262 643 strepitusque
1282 595 1482 640 rotarum,

437 658 486 699 Si
505 658 630 698 laedit
649 670 876 711 caupona3
908 657 1180 697 Ferentinum
1201 658 1259 697 ire
1271 657 1449 710 jubebo.

437 723 555 764 Nam
571 736 713 775 neque
727 723 934 764 divitibus
956 723 1202 775 contingunt
1220 723 1378 774 gaudia
1397 723 1531 774 solis;

437 789 533 829 Nec
549 789 661 830 vixit
679 789 806 838 male,
824 789 899 841 qui
916 793 1046 828 natus
1067 788 1338 840 moriensque
1357 788 1522 829 fefellit.

1801 789 1856 829 10

438 854 487 894 Si
507 854 714 906 prodesse
733 855 832 902 tuis,
854 854 1071 907 pauloque
1094 854 1316 906 benignius
1337 855 1480 906 ipsum

437 919 502 960 Te
523 923 709 960 tractare
729 921 862 968 voles,
884 920 1067 961 accedes
1088 920 1232 960 siccus
1255 920 1308 959 ad
1332 923 1519 961 unctum.

437 985 472 1034 Ἣ
487 986 535 1026 Si
555 986 781 1039 pranderet
798 986 897 1027 olus
918 986 1148 1039 patienter,
1168 986 1342 1038 regibus
1360 986 1425 1026 uti

439 1124 554 1155 amicus
570 1128 661 1155 tune:
683 1125 765 1155 telut
789 1124 816 1154 si
841 1125 921 1154 viam
939 1134 1035 1155 coecm
1057 1124 1194 1155 indicare
1209 1128 1316 1155 tentet.
1362 1125 1471 1164 Itaque
1495 1126 1630 1162 adverte,
1643 1124 1672 1154 εἰ
1692 1133 1747 1154 nos
1766 1123 1860 1154 etiam

438 1166 556 1205 aliquid
571 1166 706 1196 dicamus
719 1166 798 1204 quod
813 1168 897 1195 tuum
903 1166 1011 1202 facere
1023 1167 1155 1196 studeas.
1199 1166 1235 1196 Si
1247 1166 1371 1203 rejuvat
1384 1167 1580 1205 tranquillum
1596 1175 1671 1204 esse,
1686 1169 1717 1196 et
1728 1165 1861 1195 dormire

439 1208 479 1237 ad
487 1207 620 1246 primam
635 1216 725 1246 usque
738 1206 800 1236 diei
814 1207 918 1236 horam
931 1216 941 1241 ,·
962 1208 991 1236 si
1005 1211 1034 1237 te
1049 1207 1179 1246 offendit
1192 1208 1304 1246 pulvis,
1320 1210 1350 1237 et
1363 1217 1506 1237 curruum
1518 1207 1646 1245 fragor,
1660 1209 1691 1237 et
1704 1216 1838 1247 caupona
1847 1215 1860 1242 ,·

438 1247 569 1278 suadebo
592 1251 629 1279 ut
640 1257 753 1287 pergas
774 1247 985 1278 Ferentinum.
1030 1248 1097 1278 Nec
1111 1247 1191 1278 enim
1203 1249 1337 1287 oyndenti
1351 1249 1408 1278 soli
1418 1248 1528 1279 habent
1540 1249 1725 1287 voluptatem
1734 1258 1746 1279 .·
1765 1256 1862 1288 neque

437 1290 519 1319 vixit
534 1289 648 1327 infelix
661 1291 816 1328 quinam
831 1293 861 1319 et
874 1290 1004 1319 moriens
1018 1290 1119 1320 latuit.
1162 1289 1209 1319 At
1229 1290 1258 1319 εἰ
1278 1291 1341 1319 tuis
1365 1291 1535 1320 commodus
1557 1299 1622 1321 esse
1643 1290 1761 1330 cupias,
1776 1293 1861 1329 teque

439 1331 539 1370 ipsum
553 1331 708 1370 aliquanto
733 1330 847 1360 lautius
871 1329 993 1367 habere,
1018 1330 1106 1369 inops
1129 1331 1170 1360 aa
1193 1331 1366 1369 opulentum
1387 1332 1559 1361 contendes.
1601 1331 1640 1362 St*
1660 1331 1762 1362 herbis
1781 1330 1862 1362 vesci

1032 1431 1268 1445 moeooomo

438 1508 552 1540 Putat.
578 1511 608 1541 l.
635 1510 713 1548 quod
746 1510 848 1541 si.—5
872 1510 915 1541 Et
943 1519 998 1540 nos
1026 1510 1054 1541 si
1079 1519 1166 1541 cures
1196 1508 1423 1541 Schoenborn.
1443 1511 1536 1540 2.—7
1559 1509 1698 1540 Delectet
1730 1507 1862 1548 qnidam

438 1550 537 1581 codd.
559 1551 801 1591 np.Feam.-8
825 1551 861 1582 Si
874 1553 966 1582 laedat
983 1551 1049 1582 duo
1063 1552 1155 1583 Vatt.
1199 1551 1236 1582 Si
1250 1553 1340 1583 laedet
1355 1550 1583 1582 Schoenborn.
1597 1553 1629 1581 2.
1654 1549 1752 1581 Harl.
1776 1552 1808 1580 4.
1828 1551 1861 1581 7.

439 1592 542 1632 Cruq.
566 1592 680 1623 Bentl.
711 1593 854 1631 Cuning.
885 1598 920 1623 et
946 1594 1110 1625 Duuster.
1163 1592 1202 1624 Si
1226 1594 1311 1624 laedit
1343 1593 1439 1624 Harl.
1464 1595 1494 1624 1.
1519 1595 1550 1624 2.
1571 1595 1602 1623 8.
1623 1594 1655 1622 6.
1680 1600 1762 1622 unus
1784 1590 1861 1623 Vat.

439 1633 552 1665 Zarot.
572 1633 672 1665 Aldd.
693 1637 724 1665 1.
752 1637 783 1665 2.
805 1637 836 1665 3.
867 1635 1019 1666 Britanu.
1043 1638 1136 1666 1520.
1160 1635 1276 1666 Basili.
1300 1637 1393 1666 152⁷.
1419 1637 1512 1666 1531.
1535 1636 1629 1665 1⁵8⁰.
1657 1632 1750 1664 Frib.
1766 1634 1861 1663 1536.

438 1675 541 1706 Dion.
568 1675 610 1707 ab
637 1676 758 1706 Harsio
786 1677 890 1716 Lngd.
915 1679 1006 1708 1538.
1035 1677 1206 1715 R.Steph.
1227 1679 1319 1708 1544.
1343 1677 1469 1707 Mun-et.
1485 1676 1609 1707 Venet.
1624 1677 1718 1706 1552.
1743 1673 1862 1705 Schre-

439 1717 503 1746 vel.
533 1717 642 1748 Bond.
671 1718 772 1748 Baxt.
801 1718 924 1750 Sanad.
953 1718 1104 1757 Francis,
1139 1719 1245 1750 Gesn-
1268 1718 1377 1749 Zeun.
1400 1718 1540 1749 Wetzel.
1568 1715 1704 1748 Wakef.
1723 1716 1861 1755 Bipont.

440 1758 559 1789 Comb.
578 1758 682 1789 Kidd.
708 1760 789 1800 Fen,
811 1761 933 1798 Bothe,
957 1760 1080 1799 Jaeck,
1107 1765 1142 1790 et
1168 1760 1323 1798 Doering.
1369 1759 1534 1790 Tarentum
1559 1759 1605 1789 ire
1634 1757 1861 1789 Schoenborn.

439 1801 557 1830 3.-10
581 1801 647 1830 Nec
671 1801 748 1831 male
775 1801 855 1831 vixit
878 1802 956 1832 Vat.
973 1802 1069 1832 Rom.
1086 1804 1118 1833 Β.
1143 1801 1238 1840 jussit
1254 1800 1430 1831 Barberin.
1449 1803 1565 1831 2.--ll
1598 1799 1677 1831 Vat.
1693 1801 1744 1830 19.
1767 1808 1862 1839 popu·

440 1841 526 1881 loque
546 1841 717 1880 benignius.
752 1843 895 1883 Cuuing.
937 1852 979 1874 ex
1010 1843 1157 1883 ingenio,
1191 1843 1338 1883 pauloque
1367 1842 1619 1880 benignam—12
1656 1840 1799 1872 chisiani.
1833 1843 1862 1871 1.

438 1891 459 1912 a
487 1892 530 1913 m.
558 1892 628 1914 sec.
657 1884 784 1916 accedis.
818 1883 975 1924 Angelic.
1005 1888 1034 1916 l.
1062 1886 1207 1921 accedam
1230 1889 1266 1916 et
1291 1884 1340 1915 sic
1375 1888 1527 1915 notatum
1560 1893 1603 1915 ex
1634 1881 1711 1914 cod.
1740 1882 1775 1913 in
1803 1891 1862 1914 orn

1079 1986 1218 2018 NOTAE

479 2065 497 2092 5
523 2061 613 2096 Quod
625 2069 712 2091 cures
722 2059 1012 2100 proprt‘umsecisse]
1024 2059 1123 2092 Quod

438 2111 471 2142 in
489 2115 577 2141 tuam
593 2109 772 2140 utilitatem
786 2114 907 2140 vertas.

480 2163 501 2190 6
524 2160 663 2190 Primam
678 2159 711 2190 in
725 2159 844 2199 horam]
882 2159 998 2200 Usque
1014 2158 1055 2190 ad
1071 2168 1123 2190 or-

439 2214 510 2240 tum
526 2208 616 2248 solis,
633 2217 707 2248 quae
730 2210 839 2248 prima
853 2212 905 2239 est
919 2212 954 2239 et
970 2208 1047 2239 olim
1063 2217 1122 2238 nu-

437 2257 634 2290 merabatur
653 2258 735 2288 hora
761 2257 828 2288 diei
850 2257 1011 2288 naturalis
1034 2257 1125 2288 vide-

437 2309 528 2340 licet.

480 2360 500 2389 7
523 2357 651 2398 Puluis]
675 2356 731 2388 Ob
743 2356 894 2388 vehicula
909 2357 943 2388 in
958 2356 1040 2388 urbe
1055 2356 1122 2388 fre-

440 2407 590 2449 quentia.

480 2460 500 2488 8
523 2456 681 2497 Canpona]
709 2454 774 2487 Ubi
790 2455 885 2494 rixae,
899 2464 1033 2495 pagate,
1045 2465 1122 2488 con-

437 2506 617 2547 tentiones,
631 2504 1039 2546 vociferationes,aliaque
1055 2515 1123 2537 ma-

438 2557 471 2587 la
487 2556 608 2596 passim
624 2558 830 2594 grassantur.

484 2605 696 2645 Ferentinum]
720 2604 845 2635 Parum
870 2604 1005 2635 celebre
1029 2604 1123 2645 oppi-

439 2655 517 2686 dum
534 2655 778 2685 Hernicorum:
801 2652 946 2693 synecd.
964 2662 1024 2693 pro
1041 2663 1123 2694 quo·

441 2704 489 2734 vis
519 2703 582 2733 alio
611 2702 787 2742 ejusmodi,
811 2703 843 2732 in
870 2712 934 2743 quo
957 2712 1021 2734 non
1044 2708 1123 2735 sunt

438 2752 556 2785 eadem
593 2751 801 2782 incommoda
829 2761 904 2793 quae
934 2752 968 2782 in
995 2752 1123 2792 magnis

439 2801 599 2840 urbibus;
630 2800 684 2831 ubi
714 2799 855 2840 proinde
884 2800 1033 2841 quietam
1063 2801 1122 2832 du-

1176 2067 1252 2090 cere
1268 2059 1368 2090 vitam
1385 2059 1479 2089 licet.

1217 2111 1238 2139 9
1261 2108 1343 2139 Nam
1366 2117 1462 2147 neque
1480 2107 1640 2146 divitibus,
1661 2108 1731 2149 εμπ]
1754 2108 1861 2140 Immo

1177 2158 1344 2189 tenuiores
1374 2159 1565 2199 plerumque
1588 2158 1720 2190 felicius
1744 2159 1860 2190 vivunt

1176 2217 1274 2249 quam
1286 2208 1419 2239 divitem

1219 2260 1258 2289 10
1283 2258 1347 2289 Nec
1377 2259 1459 2290 vixit
1481 2260 1570 2298 male,
1593 2258 1663 2299 Bra]
1692 2259 1859 2300 Epicurus

1175 2305 1324 2344 dixerat,
1345 2305 1421 2337 λάθε
1444 2306 1569 2342 βιώσας.
1612 2306 1703 2338 Vitae
1719 2307 1860 2348 privatae

1174 2354 1263 2385 bona
1278 2359 1376 2386 antea
1391 2365 1455 2387 non
1470 2357 1570 2387 semel
1583 2355 1734 2387 vidimus.
1758 2356 1862 2389 Ovid.

1175 2405 1281 2436 Trist.
1296 2406 1319 2422 *⁴
1335 2405 1444 2436 Crede
1465 2406 1557 2441 milii,
1579 2405 1665 2436 bene
1679 2404 1734 2446 qui
1749 2405 1862 2445 latuit,

1174 2460 1262 2492 bene
1279 2455 1375 2495 vixit,
1388 2460 1424 2487 et
1441 2456 1528 2487 intra
1552 2456 1734 2487 Fortunam
1757 2455 1861 2488 debet

1174 2509 1314 2550 quisque
1328 2514 1461 2537 manere
1477 2503 1594 2535 snam!

1217 2561 1257 2590 12
1280 2556 1413 2589 Accedes
1427 2554 1523 2584 siccus
1538 2554 1578 2583 ad
1590 2551 1728 2592 unacum]
1763 2551 1860 2593 Mag-

1173 2611 1288 2639 natum
1313 2603 1508 2642 amicitiam,
1524 2600 1808 2640 consuetudinem,
1823 2605 1860 2632 et

1172 2655 1435 2688 familiaritatem
1461 2650 1622 2691 requires,
1639 2658 1778 2690 quorum
1793 2658 1858 2689 ope

1172 2706 1232 2738 tibi
1249 2706 1381 2745 tuisque
1396 2701 1485 2732 utilis
1497 2699 1566 2729 fias.

1217 2758 1255 2786 13
1278 2753 1316 2784 Si
1339 2751 1502 2792 pranderet
1523 2748 1600 2786 olus,
1621 2745 1690 2786 qt]
1711 2745 1858 2786 Aristip-

1175 2813 1237 2844 pus
1266 2798 1449 2833 Alexandri
1487 2795 1595 2837 magni
1623 2798 1769 2828 sectator
1802 2797 1861 2826 ali·
