1930 3204
454 268 564 311 1592

455 377 532 403 ante
562 372 669 403 omnia
703 370 834 410 judicio
865 370 992 409 beatos,
1020 371 1136 402 videri·

453 423 462 438 ⁵
476 421 510 452 Si
528 420 604 455 cui‚'
627 420 778 460 inquiens
793 423 879 451 teste
897 419 1023 450 Annaeo
1034 420 1136 450 Sene-

454 479 505 504 ca,
529 469 540 487 ‘
556 478 613 500 sua
628 469 714 499 bona
727 478 792 499 non
806 468 961 500 videntur
972 468 1136 508 amplissi-

453 529 521 558 ma,
542 519 622 548 licet
647 517 749 548 totius
771 517 886 549 mundi
905 517 1055 548 domiuus
1079 518 1135 554 sit,

454 572 564 598 tamen
591 566 689 596 miser
713 566 787 597 est.'
833 567 955 601 Quanto
978 570 1022 596 est
1047 566 1135 606 opus]

454 617 623 648 Quantum
654 620 781 646 naturae
811 615 991 646 necessitas
1025 618 1138 654 postu-

453 665 513 696 lat.

494 717 534 744 61
560 713 649 744 Bona
668 713 757 754 pars]
778 714 887 754 Major
911 723 999 754 pars.
1045 714 1137 753 Cupi-

452 763 523 793 dine
535 762 635 802 salso]
658 763 788 793 Vitiosa
803 762 1001 802 cupiditate.
1042 762 1136 801 [Tres

453 811 551 841 codd.
564 820 619 850 ap.
635 811 735 841 Feam
752 816 787 841 et
801 811 929 842 Valart.
943 810 1056 850 salam]

495 861 535 889 62
569 859 660 889 Nihil
694 859 771 889 satis
814 858 874 898 est]
917 859 1000 889 Tale
1035 857 1136 889 illud:

453 908 462 925 ‘
479 908 648 940 Quantum
678 908 817 948 quisque
844 917 905 938 sua
931 917 1137 938 nummorum

453 962 568 987 servat
594 957 626 987 in
653 966 743 994 arca,
763 957 908 986 'rantum
925 955 1026 986 habet
1044 960 1079 986 et
1101 955 1138 986 fi-

453 1005 533 1035 dei.’
546 1008 582 1035 et
598 1005 723 1045 antiqui
737 1004 851 1035 Poe'tae
873 1004 961 1044 apud
977 1006 1135 1036 Senecam

453 1054 635 1085 versiculus
649 1055 756 1094 Epist.
767 1063 863 1086 cxvr.
881 1056 890 1072 ‘
902 1054 1034 1094 Ubique
1051 1055 1136 1085 tanti

452 1103 591 1144 quisque
609 1108 766 1144 quantum
784 1103 904 1134 habuit
925 1102 1010 1133 fuit!
1051 1102 1136 1133 Vide

455 1153 640 1184 Victorium
650 1153 732 1183 Var.
745 1153 839 1183 Lect.
857 1161 968 1182 xxm.
988 1155 1036 1183 10.
1062 1152 1137 1182 Tor-

452 1205 531 1233 rent.
569 1202 653 1238 Quia
666 1201 761 1241 tanti]
774 1201 863 1233 Quia
879 1205 991 1232 tantus
1005 1201 1065 1232 tibi
1081 1201 1138 1232 de-

452 1251 560 1282 fertur
574 1252 691 1290 honos,
707 1255 866 1291 quantum
882 1251 1014 1290 habeas,
1028 1250 1060 1281 id
1075 1255 1138 1286 est,

454 1310 515 1340 pro
531 1301 723 1331 divitiarum
739 1300 982 1340 magnitudine.

496 1352 536 1379 63
560 1349 630 1389 Illi]
653 1350 719 1382 Qui
745 1350 777 1380 in
806 1350 865 1379 tali
894 1348 1062 1379 sententia
1087 1353 1139 1380 est

455 1398 668 1428 constitutus.
699 1398 829 1438 Jubeas]
845 1398 946 1429 Hunc
962 1398 1070 1429 locum
1084 1407 1138 1428 ve—

454 1450 544 1477 tusta
559 1447 709 1486 quaedam
731 1447 936 1486 exemplaria
951 1447 998 1477 sic
1014 1447 1140 1486 legunt,

453 1499 489 1525 et
511 1495 737 1535 distinguunt:
760 1495 877 1525 Jubeas
900 1495 1042 1526 miserum
1065 1504 1142 1534 esse,

452 1543 584 1574 libenter
606 1544 764 1578 Quatenus
781 1543 814 1574 id
826 1543 910 1581 facit
920 1554 933 1580 ,·
956 1547 993 1574 ut
1009 1544 1050 1574 sit
1064 1553 1138 1574 sen-

454 1593 579 1623 tentia:
605 1593 683 1623 Non
706 1594 818 1623 valere
833 1593 932 1628 hunc,
947 1602 1054 1632 neque
1071 1602 1137 1623 rem

455 1641 541 1671 bene
558 1649 690 1679 gerere,
706 1641 763 1671 sed
781 1641 934 1671 miserum
950 1650 1023 1671 esse
1034 1641 1137 1680 jube:

455 1689 607 1729 quoniam
623 1688 768 1719 libenter
784 1688 817 1718 id
834 1689 902 1728 agit
917 1692 954 1718 ut
969 1689 1069 1719 miser
1084 1689 1140 1727 sit,

456 1741 632 1778 postquam
651 1741 702 1768 tot
717 1737 901 1768 rationibus
916 1746 981 1768 non
996 1746 1140 1768 commo-

456 1793 563 1818 vetur.
609 1788 766 1823 Quatenus
793 1787 907 1827 itaque
942 1796 1004 1827 pro
1033 1786 1042 1802 ‘
1059 1796 1139 1827 quo-

455 1837 544 1868 niam
556 1836 564 1850 ’
581 1847 796 1878 exponemus.
825 1837 904 1868 Vid.
915 1837 1062 1868 Turneb.
1075 1846 1141 1868 xn-

456 1889 486 1916 3.
504 1887 641 1918 Torrent.
672 1886 788 1917 Jubeas
801 1886 909 1926 miser]
927 1886 1091 1917 Permitte
1104 1891 1142 1917 ut

455 1935 499 1966 sit
511 1935 621 1970 miser,
635 1934 744 1966 animo
760 1944 857 1975 aequo
872 1934 1036 1966 miseriam
1049 1944 1140 1965 snam

455 1983 579 2015 ferens.

497 2035 537 2063 64
564 2032 777 2069 Quatenus&
796 2032 897 2071 facit]
921 2032 1088 2065 Quamdiu
1107 2032 1141 2062 id

456 2081 552 2112 facit.
611 2082 654 2112 Ut
685 2081 822 2120 quidam]
845 2081 1018 2111 Timonem
1047 2081 1140 2111 illum

455 2130 662 2171 μισάνθρωπον
688 2130 866 2171 significari
887 2131 1003 2161 volunt
1031 2130 1141 2160 Inter·

456 2185 583 2221 prietes,
597 2179 656 2210 sed
671 2179 770 2209 male.
814 2178 954 2209 Minime
969 2178 1058 2208 enim
1082 2182 1141 2208 aut

457 2228 610 2261 sordidus
639 2233 697 2259 aut
724 2236 841 2258 avarus
871 2227 927 2258 ille
953 2227 1084 2262 Timon,
1114 2227 1141 2258 si

454 2278 604 2319 Diogeni
632 2276 769 2308 Laertio
805 2275 981 2306 credimus.
1039 2275 1141 2316 Cujus

457 2328 560 2358 etiam
576 2325 775 2366 pulcerrima
791 2324 847 2354 illa
870 2325 1037 2355 sententia
1052 2334 1141 2355 com-

457 2379 660 2407 memoratur
674 2373 761 2413 apud
775 2373 958 2404 stobaeum.
995 2375 1142 2413 Στοιχεῖα

456 2426 519 2456 τῶν
543 2421 642 2455 κακῶν
663 2420 737 2453 εἶναι
756 2421 930 2465 &mgna-rictu
949 2421 999 2452 καὶ
1020 2424 1143 2462 φιλοδο-

457 2475 531 2514 ξίαν.
576 2474 736 2504 Elementa
757 2482 819 2503 esse
840 2473 988 2503 malorum
1010 2473 1143 2504 omnium

455 2525 665 2556 insatietatem
694 2526 724 2553 et
750 2521 956 2552 ambitionem.
1012 2522 1143 2554 Seneca

456 2574 516 2606 lib.
541 2582 581 2604 ιι.
609 2572 652 2603 de
676 2570 823 2602 Benefic.
851 2571 893 2601 de
915 2571 975 2601 Cn.
998 2570 1142 2602 Lentulo

458 2623 614 2663 Augure:
637 2621 647 2638 ⁴
663 2619 754 2659 Hie:
778 2620 899 2661 inquit,
930 2621 939 2636 ‘
963 2620 1141 2653 maximum

458 2672 650 2703 divitiarum
667 2669 868 2709 exemplum,
884 2672 1003 2709 quater
1025 2669 1143 2701 millies

461 2729 531 2751 n-S.
554 2730 648 2751 suum
671 2719 775 2750 vidit:
800 2717 933 2759 proprie
948 2717 1038 2748 dixi:
1063 2718 1142 2749 nihil

461 2769 544 2801 euim
561 2769 700 2808 amplius
717 2777 815 2808 quam
827 2766 930 2798 vidit:
964 2766 1063 2799 Hunc
1079 2767 1142 2799 ita-

901 279 1040 310 NO'PAE
1072 271 1326 310 vAmoRUM
1361 279 1412 309 iu

1184 380 1247 412 que
1271 376 1389 403 notare
1417 371 1527 411 potuit
1552 371 1671 403 Horat.
1690 371 1754 404 fuit
1775 373 1863 405 enirn

1184 420 1340 461 princeps
1370 425 1450 451 tunc
1478 430 1575 460 poene
1605 421 1764 452 civitatis.
1817 421 1866 452 At

1184 469 1292 500 Poe'ta
1317 470 1424 509 ipsum
1451 468 1593 501 Athenis
1618 469 1804 509 constituit,
1828 474 1867 501 ut

1184 518 1334 548 callidius
1372 518 1527 549 irrideret
1563 519 1628 549 tale
1676 518 1866 550 divitiarum

1185 568 1396 607 mancipium.
1414 568 1553 597 Torrent.
1588 567 1737 607 Quidam]
1752 567 1867 597 Timon

1184 614 1401 656 μισάνθρωπος,
1426 616 1568 656 pecunia
1585 619 1696 647 tamen
1712 625 1772 647 sua
1786 623 1866 655 gau-

1185 664 1276 695 dens.

1226 717 1266 745 65
1295 714 1400 754 Voces]
1423 714 1589 755 Obloquia
1606 713 1733 755 populi.
1772 712 1866 752 [Vat.

1184 764 1215 793 9.
1238 765 1267 793 el
1282 763 1395 803 dives]

1226 814 1268 842 66
1290 812 1416 852 Sibilat,
1437 812 1504 852 ξω]
1536 812 1754 852 Philargyrus
1781 810 1868 842 enim

1183 859 1262 895 iste,
1278 862 1391 900 populi
1417 861 1648 892 exsibilatione
1663 864 1869 900 contempta,

1186 909 1259 948 ipse
1287 909 1351 939 sibi
1378 910 1604 948 applaudebat
1628 909 1736 947 domi3
1759 909 1869 944 miser,

1187 957 1265 998 quia
1282 958 1401 988 stultus
1418 962 1454 988 et
1469 957 1616 988 insanus.
1633 958 1773 988 Torreat.
1816 957 1869 988 Si-

1187 1006 1277 1045 bilat]
1310 1006 1470 1036 Homines
1512 1005 1674 1045 gratiosos
1704 1006 1870 1036 theatrum

1188 1055 1417 1095 ingredientes
1455 1054 1596 1095 populus
1623 1054 1742 1094 plausu
1777 1053 1869 1084 exci-

1190 1103 1327 1144 piebat;
1349 1104 1453 1134 malos
1469 1112 1549 1134 vero
1564 1102 1774 1134 exsibilabat.

1228 1155 1270 1183 68
1296 1151 1458 1192 Tantalus]
1495 1153 1551 1183 De
1579 1152 1722 1182 Tantalo
1751 1151 1872 1183 Petro-

1188 1201 1281 1232 nius:
1312 1201 1412 1232 ‘Nec
1442 1201 1528 1232 bibit
1557 1201 1644 1232 inter
1670 1210 1782 1242 aquas,
1811 1209 1872 1231 nec

1189 1259 1287 1291 poma
1302 1250 1452 1290 patentia
1467 1249 1576 1290 carpit
1584 1250 1742 1280 Tantalus
1755 1248 1872 1280 infelix

1188 1308 1285 1340 quem
1301 1309 1360 1330 sua
1375 1298 1447 1330 fata
1463 1302 1630 1339 premunt.
1664 1298 1786 1329 Divitis
1801 1299 1871 1329 haec

1187 1348 1298 1388 magni
1314 1347 1416 1379 facies
1431 1349 1510 1387 erit,
1525 1347 1636 1378 omnia
1651 1347 1716 1378 late
1739 1347 1806 1380 Qui
1822 1350 1871 1386 te-

1187 1402 1258 1436 net,
1273 1402 1309 1428 et
1331 1397 1420 1428 sicco
1446 1396 1626 1437 concoquit
1650 1405 1706 1427 ore
1731 1395 1873 1426 famem!

1190 1447 1328 1479 Torreat.
1374 1447 1524 1478 Tantalus
1543 1455 1562 1476 a
1584 1445 1693 1486 labris]
1713 1446 1871 1476 Tantalus

1188 1495 1303 1526 sitiens
1331 1499 1447 1536 captat
1484 1494 1586 1525 labris
1622 1493 1784 1534 fugientia
1811 1492 1871 1523 flu-

1188 1552 1289 1574 mma.

1228 1595 1270 1622 69
1294 1590 1377 1626 Quid
1390 1590 1488 1630 rides]
1512 1591 1543 1622 Ο
1561 1599 1674 1630 avare,
1687 1599 1746 1622 cur
1761 1589 1875 1621 rides?

1187 1642 1238 1673 De
1261 1642 1306 1681 te]
1329 1643 1396 1674 Qui
1423 1642 1522 1672 rebus
1547 1641 1697 1672 omnibus
1713 1639 1875 1679 abundas,

1187 1700 1251 1721 nec
1269 1695 1379 1722 tamen
1394 1691 1434 1720 iis
1453 1690 1567 1720 uteris.

1230 1742 1271 1770 ⁷0
1289 1739 1452 1777 congestis
1463 1737 1597 1778 undique
1610 1735 1720 1775 saccis]
1732 1736 1789 1767 Sic
1797 1737 1874 1767 Vir—

1189 1788 1308 1828 gilius:
1343 1791 1352 1805 ⁸
1369 1787 1583 1828 Defossoque
1612 1786 1751 1817 incubat
1774 1785 1879 1816 auro.'

1187 1838 1197 1855 ‘
1212 1837 1336 1868 Saccus
1349 1836 1358 1851 '
1373 1837 1476 1868 etiam
1492 1838 1502 1854 ‘
1513 1835 1660 1877 undique
1676 1833 1877 1875 congestos:

1189 1886 1305 1927 quovis
1319 1885 1418 1917 modo
1441 1894 1502 1926 per
1526 1883 1576 1915 fas
1594 1893 1632 1915 ac
1649 1882 1742 1914 nefas
1757 1883 1874 1923 imple-

1191 1942 1242 1967 tos
1257 1936 1419 1975 intelligo.
1463 1936 1508 1966 Et
1523 1935 1566 1965 de
1581 1935 1590 1952 ‘
1605 1933 1726 1965 saccis’
1743 1932 1877 1973 quidem

1191 1987 1201 2002 ⁶
1215 1983 1369 2016 vinariis’
1385 1984 1462 2015 alibi
1480 1984 1641 2014 diximus:
1658 1983 1712 2014 hic
1728 1991 1876 2014 numma-

1190 2033 1257 2064 rios
1281 2032 1462 2072 significat,
1490 2033 1539 2064 nti
1566 2037 1603 2064 et
1630 2040 1672 2063 11.
1701 2031 1772 2063 Sat.
1802 2033 1875 2061 111.

1191 2083 1200 2099 ‘
1218 2083 1368 2113 Mensam
1384 2083 1460 2122 poni
1477 2082 1592 2121 jubet,
1618 2087 1719 2121 atque
1739 2078 1875 2111 Effundi

1190 2139 1305 2161 saccos
1320 2129 1550 2160 nummorum.’
1606 2128 1704 2159 Unde
1729 2128 1739 2144 ‘
1760 2137 1875 2158 saccu-

1190 2179 1259 2211 lus’
1298 2189 1359 2220 pro
1389 2179 1568 2219 marsupio.
1625 2177 1742 2208 Suidas
1773 2178 1875 2208 etiam

1190 2226 1367 2267 σακέλλιον,
1393 2228 1511 2268 inquit,
1537 2226 1715 2266 βαλάντιον,
1741 2225 1874 2266 μαρσού-

1189 2288 1270 2317 πιον,
1297 2278 1327 2315 ἐξ
1351 2274 1387 2307 οὗ
1409 2275 1459 2306 καὶ
1483 2275 1708 2316 σακελλιάριος.
1734 2276 1875 2307 Tamne.

1192 2326 1313 2366 Saccis]
1335 2326 1452 2357 Saccis
1469 2326 1683 2365 pecuniarum
1696 2325 1814 2365 plenis.

1233 2378 1271 2407 71
1290 2374 1432 2414 Inhians]
1450 2375 1588 2414 Semper
1599 2374 1748 2414 cupiens,
1761 2376 1876 2406 etiam-

1191 2425 1217 2455 si
1235 2429 1286 2456 tot
1301 2424 1401 2456 rebus
1422 2423 1582 2455 abundes.
1604 2423 1747 2455 Lambin-
1789 2424 1877 2455 Inni-

1190 2474 1259 2514 ans]
1281 2474 1414 2505 Timens
1445 2482 1486 2504 ne
1516 2481 1577 2513 per
1602 2471 1753 2504 fraudem
1787 2473 1875 2504 sacci

1190 2527 1448 2555 evacuarentur.
1492 2523 1625 2553 Parcere
1637 2521 1749 2562 sacris]
1763 2522 1819 2553 Sic
1835 2530 1874 2552 ιι.

1190 2574 1259 2606 Sat.
1277 2576 1347 2604 111.
1369 2574 1378 2590 ‘
1396 2572 1620 2612 Metuensque
1636 2571 1729 2602 velut
1743 2570 1872 2602 contin-

1191 2632 1270 2663 gere
1286 2619 1441 2652 sacrum.'
1476 2621 1485 2636 ‘
1498 2619 1619 2651 Sacra’
1632 2624 1743 2651 autem
1761 2619 1874 2660 appel-

1191 2673 1260 2703 lant
1276 2671 1347 2703 Jcti
1362 2680 1436 2711 quae
1453 2669 1587 2710 publice
1606 2673 1683 2700 nunt
1702 2677 1873 2700 consecra-

1191 2726 1238 2760 ta,
1249 2721 1300 2750 vel
1318 2729 1336 2749 a
1354 2717 1520 2759 principe,
1534 2717 1588 2748 vel
1604 2716 1645 2747 ab
1661 2725 1700 2748 eo
1715 2716 1768 2747 cui
1785 2716 1874 2756 prin-

1191 2779 1269 2810 ceps
1287 2767 1419 2800 dederit
1435 2769 1645 2807 potestatem·
1682 2765 1757 2796 Deo
1772 2763 1874 2804 igitur
