1890 3230
357 299 469 342 1718

357 401 423 442 ρίας
446 401 541 442 δόξας.
585 401 696 433 Etiam
721 402 1041 434 commentatiuncu-

357 453 407 483 las
435 461 522 490 suas,
551 460 632 490 quas
656 450 690 480 in
717 451 799 481 alios
826 451 1040 492 philosophos

357 501 576 540 scripserunt,
610 499 757 529 nonnulli
791 500 839 531 ita
869 505 1040 532 vocarunt.

357 548 519 579 Heinsius.
565 547 686 579 Ponere
699 548 791 587 signa
804 548 891 579 novis
908 557 1041 588 precep-

356 597 411 636 tis]
434 596 622 636 Praeceptis
645 605 811 637 nunquam
834 606 854 627 a
878 607 1040 638 quoquam

357 645 504 686 traditis,
521 647 651 677 nomina
667 647 839 686 imponere
850 651 886 678 et
898 647 1040 678 vocabu·

354 695 400 732 la,
425 704 499 734 quae
524 699 601 726 sunt
630 705 739 726 rerum
765 697 887 734 σημεῖα,
916 696 949 727 id
977 701 1041 735 est,

354 743 453 782 signa.
503 743 651 785 Vincunt]
675 745 796 777 Qualia
816 745 948 776 vincere
966 755 1040 786 pos-

356 797 446 823 sunt.

381 844 416 871 ‘3
440 841 597 881 Anytique
618 842 716 882 reum]
735 843 908 874 Socratem
930 843 973 874 ab
993 843 1039 874 A·

355 894 437 929 nyto
457 894 662 922 accusatum.

388 942 416 970 ’4
433 940 614 980 Peccatum]
632 940 747 970 Verba
758 940 905 972 Horatii.
933 941 1040 982 Laevo]

355 988 518 1027 Tempore
534 989 772 1028 inopportuno.

395 1040 415 1067 6
439 1037 501 1068 Sed
524 1038 578 1067 des
605 1038 725 1069 veniam
753 1038 856 1074 bonus,
883 1041 950 1080 oro]
973 1040 1041 1071 Sed

355 1094 425 1124 oro,
453 1090 491 1116 ut
519 1086 597 1116 mihi
628 1096 689 1126 pro
720 1086 871 1118 bonitate
898 1092 956 1118 tua
983 1088 1042 1119 des

355 1134 504 1166 veniam:
529 1135 582 1166 vel
597 1135 692 1167 dabis
713 1136 789 1167 mihi
807 1137 951 1175 veniam,
966 1147 1040 1178 quae

357 1189 414 1214 tua
443 1187 497 1214 est
526 1184 674 1215 bonitas:
710 1186 760 1215 vel
798 1185 903 1216 bonus
934 1186 978 1216 sis
1008 1187 1041 1217 in

356 1232 468 1264 danda
485 1233 560 1264 mihi
578 1234 686 1265 venia.
709 1235 817 1275 Steph.

397 1285 418 1313 6
441 1282 655 1323 Interciderit]
676 1283 711 1314 Si
734 1284 858 1325 aliquid
885 1285 1041 1316 memoria

356 1330 534 1363 effluxerit.
589 1333 720 1372 Repetes
747 1335 833 1375 mox]
867 1334 980 1365 Facile
1009 1335 1040 1364 in

357 1381 548 1412 memoriam
577 1382 761 1423 revocabis,
788 1384 857 1415 sive
883 1383 1042 1414 memoria

357 1435 488 1462 constet
514 1436 645 1471 natura,
670 1432 739 1463 sive
765 1436 850 1464 arte.
893 1433 996 1474 [Quin
1014 1433 1042 1463 si

356 1478 513 1519 Angelic.
532 1480 580 1519 2.]

399 1530 418 1559 7
441 1528 515 1559 Sive
529 1533 573 1560 est
589 1530 726 1569 naturae]
749 1530 916 1562 Auctores
929 1541 1040 1562 memo·

355 1577 412 1607 riae
432 1577 630 1609 beneficium
652 1579 699 1610 ita
722 1584 851 1611 naturae
877 1580 1041 1620 tribuunt,

357 1630 394 1656 ut
421 1631 495 1656 arte
524 1631 636 1657 tamen
670 1628 844 1666 plurimum
877 1629 1038 1668 juvetur:

357 1679 498 1713 utroque
521 1675 721 1706 excelluisse
743 1676 788 1705 ait
810 1677 953 1711 Catium,
977 1686 1042 1717 quo

357 1723 532 1754 blandiens
561 1722 696 1755 facilius
724 1724 811 1765 quod
841 1726 910 1756 vult
938 1726 1042 1765 impe-

358 1776 437 1803 tret.
469 1772 515 1803 At
531 1773 600 1812 ille,
614 1773 692 1814 quin
708 1773 771 1805 hoc
787 1774 907 1814 ipsum,
923 1774 1043 1814 iuquit,

357 1821 515 1862 agebam:
540 1831 661 1861 nempe
680 1827 717 1853 ut
734 1823 901 1853 memoriae
918 1822 1042 1853 benefi-

357 1871 410 1902 cio
440 1871 549 1901 omnia
575 1871 634 1902 illa
662 1871 704 1902 de
736 1871 835 1902 rebus
863 1871 1041 1902 subtilibus

357 1920 574 1951 subtilissime
590 1920 762 1960 disputata
777 1922 957 1952 retinerem
970 1931 980 1960 ;
994 1921 1042 1952 sic

357 1969 444 2000 enim
462 1969 662 2000 vocabulum
678 1973 765 2001 tenue
779 1970 833 2000 hie
850 1970 991 2010 accipio,
1005 1974 1042 2000 ut

357 2022 366 2036 ⁸
383 2023 517 2049 textura
542 2018 670 2049 tenuis’
690 2019 877 2050 Lucretius.
903 2019 1043 2050 Torrent-

358 2067 432 2098 Sive
443 2071 490 2099 est
501 2068 636 2108 παίωνα]
651 2067 786 2099 Ironiea
798 2067 1042 2099 commendatio

357 2117 458 2155 Catii,
476 2118 596 2156 partini
613 2127 633 2147 a
647 2121 777 2155 natura,
792 2117 854 2146 hoc
867 2120 931 2154 est,
947 2120 1042 2146 natu-

355 2165 418 2196 rali
438 2174 547 2195 rerum
570 2174 808 2205 causarumque
831 2164 1041 2203 cognitione3

356 2213 480 2255 partim
497 2214 538 2244 ab
554 2217 640 2251 arte,
651 2214 714 2244 hoc
726 2218 790 2251 est,
804 2212 945 2243 artificio
962 2212 1041 2243 culi-

356 2262 460 2297 nario,
477 2261 826 2302 praeceptionibusque
845 2260 1040 2301 opsonandi.

359 2313 453 2352 (ἵν-ια’.
497 2311 602 2342 Mirus
623 2310 766 2350 utroque]
788 2310 838 2340 Tu
853 2310 886 2340 iu
901 2313 1043 2350 utroque

357 2370 392 2392 es
408 2359 633 2391 admirandus.
668 2358 804 2389 Ironica
815 2362 866 2389 est
878 2367 1043 2389 commen-

358 2411 462 2449 datio,
479 2414 515 2440 ut
530 2418 605 2439 eum
628 2408 781 2448 impellat
795 2407 837 2438 ad
853 2406 1043 2439 dicendum.

356 2459 450 2499 [Vat.
465 2461 496 2489 9.
519 2467 539 2489 a
554 2467 595 2489 m.
618 2466 669 2498 pr.
692 2466 801 2488 munus
814 2457 968 2497 utroque]

400 2512 420 2540 8
444 2508 529 2544 Quin
556 2508 591 2538 id
618 2505 700 2545 erut]
731 2505 892 2538 Profecto
920 2505 1045 2548 (inquit

358 2558 493 2599 Catius)
522 2559 583 2588 hoc
607 2557 758 2597 agebam.
812 2557 973 2597 fenerem]
998 2556 1044 2588 Ut

358 2613 506 2640 tenerem
525 2607 696 2647 memoria.

399 2660 420 2688 9
444 2655 576 2695 Tenues]
599 2655 666 2686 Res
685 2653 835 2686 subtiles.
854 2656 858 2659 ’
879 2653 1044 2695 Peracta-⁹]

359 2707 574 2747 Disputatas.

402 2759 441 2786 10
465 2757 531 2787 Ede
545 2755 676 2787 hominis
696 2753 817 2793 nomen]
842 2753 909 2786 Dic
925 2763 1043 2785 nomen

360 2805 514 2846 Magistri
531 2806 589 2845 tui,
606 2804 714 2845 inquit
732 2804 906 2835 Horatius.

806 310 947 342 NOTAE
979 311 1241 344 VARJORUM
1273 314 1325 345 IN

1132 408 1168 436 11
1188 406 1256 446 Ipsa
1269 415 1380 438 memor
1390 412 1540 448 proecepta
1550 409 1671 449 canam]
1685 410 1768 442 Ver-

1089 452 1131 484 ba
1143 455 1242 484 Catii.
1277 454 1363 495 [Ipse
1376 465 1481 487 canam
1492 461 1645 498 precepta
1658 467 1770 491 memor

1089 503 1166 533 Vat.
1180 505 1229 544 9.]

1133 553 1173 582 12
1194 553 1302 591 Longa
1317 552 1439 593 quibus]
1463 554 1661 585 Doctrinam
1678 564 1770 586 suam

1090 599 1195 630 bonus
1211 601 1266 631 ille
1284 606 1485 642 praeceptor,
1505 606 1540 634 ut
1563 612 1689 634 coenam
1704 603 1772 634 Ro·

1091 648 1190 686 mani,
1216 649 1258 680 ab
1282 651 1350 680 ovis
1375 660 1510 682 exorsus
1536 655 1601 682 est.
1650 652 1770 693 Neque

1090 695 1143 727 hic
1170 697 1212 727 de
1238 698 1373 738 singulis
1395 699 1573 739 praeceptis
1600 699 1772 739 disputare

1090 745 1202 783 velim,
1215 750 1349 777 rectene
1363 756 1402 776 an
1415 757 1511 778 secus
1525 757 1597 778 sese
1610 747 1772 780 babeant:

1089 794 1151 825 hoc
1175 799 1302 826 tantum
1325 796 1445 835 dicam,
1470 805 1582 827 errare
1597 797 1682 837 illos,
1697 805 1771 828 mea

1089 842 1222 883 quidem
1256 846 1435 882 sententia,
1470 845 1526 885 qui
1564 846 1772 877 contendunt

1089 891 1214 921 nullum
1244 893 1332 922 serio
1367 895 1503 924 tractari
1542 895 1585 924 ab
1617 895 1771 926 Horatio.

1091 939 1178 969 Nam
1195 940 1246 969 vel
1263 940 1343 970 illud
1369 941 1458 980 quod
1473 942 1515 972 de
1530 943 1600 973 ovis
1615 948 1679 983 est,
1695 944 1771 975 col-

1090 989 1255 1019 lumellam
1272 994 1306 1020 et
1322 990 1466 1020 Plinium
1484 995 1665 1022 assertores
1679 994 1772 1025 inve-

1091 1038 1150 1068 nit.
1174 1038 1315 1069 Torrent.
1360 1039 1468 1070 Facies
1487 1039 1566 1080 ovis]
1587 1039 1706 1072 Forma
1721 1036 1774 1073 ve'l

1091 1086 1210 1127 figura.

1133 1138 1173 1166 13
1200 1136 1243 1166 Ut
1265 1136 1350 1167 succi
1373 1136 1520 1178 melioris]
1546 1136 1596 1168 Ut
1620 1137 1774 1178 gratioris

1092 1185 1231 1225 saporis.

1133 1236 1172 1264 14
1186 1234 1321 1274 Ponere]
1335 1233 1464 1265 Mensae
1475 1242 1656 1274 apponere.
1677 1235 1776 1266 Nam-

1090 1294 1146 1325 que
1178 1294 1292 1316 marem
1318 1285 1457 1316 cohibent
1484 1286 1596 1317 callosa
1623 1286 1774 1327 vitellum]

1093 1335 1178 1365 Nam
1203 1343 1265 1364 ova
1289 1333 1373 1364 dura
1397 1335 1500 1366 veluti
1521 1335 1607 1366 callo
1629 1335 1773 1367 obducta

1091 1391 1213 1413 rnarem
1230 1383 1392 1423 vitellum,
1418 1383 1452 1414 id
1467 1387 1529 1423 est,
1553 1393 1664 1416 semen
1688 1392 1772 1416 mas-

1090 1432 1156 1463 culi
1170 1432 1352 1464 continent.
1386 1433 1687 1474 Callosa10blonga
1699 1442 1776 1474 pro-

1090 1481 1149 1513 bat
1161 1491 1240 1520 ova3
1256 1482 1332 1523 quia
1343 1492 1465 1514 marem
1478 1483 1669 1522 continent;
1684 1482 1774 1514 ideo-

1089 1540 1154 1570 que
1170 1531 1271 1570 magis
1287 1532 1413 1562 callosa
1428 1533 1562 1572 ceteris,
1578 1536 1612 1563 et
1627 1531 1772 1562 melioris

1088 1580 1282 1618 euntem-ei,
1297 1584 1332 1611 et
1347 1580 1493 1611 caudore
1509 1587 1639 1620 quoque
1650 1579 1772 1620 gratio-

1090 1638 1137 1659 ra.
1188 1629 1198 1646 ‘
1221 1628 1409 1660 Callosum’
1436 1633 1560 1669 autem,
1588 1634 1625 1660 ut
1654 1627 1772 1659 durum

1091 1677 1192 1716 magis
1215 1686 1254 1708 ac
1277 1677 1428 1717 spissum,
1446 1678 1456 1694 ‘
1475 1677 1610 1708 teuero'
1631 1677 1772 1718 opponi-

1092 1730 1165 1757 tur:
1188 1729 1223 1756 et
1244 1726 1254 1742 ‘
1271 1725 1374 1756 callus
1390 1725 1468 1765 ovi,'
1493 1726 1526 1756 ni
1550 1724 1660 1760 fallor,
1681 1725 1774 1756 albu-

1091 1769 1166 1804 men
1184 1774 1304 1813 ipsum,
1327 1774 1398 1804 sive
1422 1773 1598 1804 candidum
1618 1778 1672 1805 est
1688 1773 1774 1815 (λεύ-

1091 1834 1176 1861 κωμα
1193 1827 1314 1854 vocant
1329 1822 1460 1863 Graeci)
1485 1832 1552 1863 quo
1574 1823 1700 1854 luteum
1721 1823 1774 1855 ovi

1091 1881 1150 1903 seu
1167 1871 1311 1906 vitellus,
1325 1871 1412 1902 unde
1427 1872 1519 1911 pullo
1539 1870 1609 1902 vita
1629 1876 1696 1911 est,
1709 1872 1775 1903 cir-

1089 1921 1285 1959 cumdatum
1309 1921 1444 1952 densius
1465 1921 1508 1952 ob
1529 1922 1684 1960 calorem,
1698 1930 1773 1952 cum

1091 1975 1213 2002 natura
1241 1979 1365 2001 marem
1395 1970 1552 2010 parturit.
1602 1969 1689 2001 Sunt
1717 1970 1774 2012 qui

1090 2020 1210 2051 callum
1235 2020 1288 2051 ovi
1313 2019 1503 2051 testiculum
1523 2027 1595 2050 esse
1622 2019 1775 2051 credant.

1093 2070 1233 2101 Torreat.

1134 2121 1172 2148 15
1198 2117 1264 2153 Qui
1281 2117 1372 2149 siccis
1385 2116 1498 2157 crevit]
1519 2116 1657 2148 Dulcior
1679 2117 1775 2149 caule

1091 2168 1226 2206 agresti,
1243 2168 1310 2206 qui,
1326 2169 1390 2198 ὅτε.

1134 2218 1173 2246 16
1205 2215 1330 2254 Irriguo
1351 2215 1436 2245 *nihil
1463 2217 1509 2245 est
1536 2215 1647 2245 elutius
1670 2215 1774 2255 horto]

1091 2264 1168 2297 Quo
1184 2264 1286 2303 magis
1302 2263 1359 2294 has
1375 2263 1570 2294 deliciarum
1593 2272 1698 2303 nugas
1716 2273 1773 2294 ex-

1092 2313 1198 2352 agitet
1214 2312 1387 2351 Horatius,
1405 2312 1451 2342 ita
1466 2311 1625 2352 loquitur,
1640 2317 1678 2343 ut
1693 2313 1773 2354 quid

1092 2361 1235 2392 voluerit
1264 2361 1390 2399 dicere,
1425 2359 1604 2391 intellectu
1639 2360 1773 2393 difficile

1093 2410 1148 2451 sit,
1163 2413 1202 2441 ut
1216 2409 1278 2441 hoc
1293 2409 1367 2440 loco
1382 2413 1524 2440 constat.
1561 2408 1571 2426 ‘
1589 2409 1777 2450 Irriguum‘

1093 2464 1205 2490 tamen
1242 2459 1252 2475 ⁶
1274 2456 1425 2489 hortum’
1471 2458 1582 2488 vocari
1618 2458 1774 2496 arbitror,

1093 2508 1151 2549 qui
1179 2507 1318 2539 assiduis
1342 2505 1483 2537 fontium
1511 2511 1569 2537 aut
1595 2506 1775 2546 aquaednc-

1093 2561 1186 2588 tuum
1212 2555 1460 2596 irrigationibus
1487 2555 1560 2594 plus
1583 2564 1680 2596 aequo
1706 2564 1775 2587 ma-

1093 2604 1184 2645 deat,
1211 2614 1275 2645 quo
1299 2603 1441 2634 caulium
1467 2603 1670 2644 aliorumque
1685 2604 1776 2635 oleo-

1094 2664 1164 2686 rum
1181 2654 1285 2684 virtus
1301 2651 1529 2692 elanguescit:
1547 2652 1686 2693 proinde
1702 2651 1775 2684 dul·

1094 2704 1187 2735 ciora
1201 2701 1312 2734 omnia
1338 2701 1371 2731 in
1395 2709 1476 2738 agro
1498 2700 1604 2740 nasci,
1618 2701 1674 2742 qui
1690 2705 1771 2732 tern-

1094 2753 1225 2793 pestiva
1253 2750 1295 2781 de
1327 2749 1412 2780 coelo
1452 2750 1564 2789 pluvia
1601 2750 1771 2781 irroretur.

1095 2800 1219 2832 Elutius
1248 2808 1327 2840 ergo
1357 2807 1416 2838 pro
1445 2797 1639 2838 languidius,
1669 2797 1771 2838 stupi-
