1930 3204
582 300 793 332 HORATH
829 300 970 330 EPOD.
1001 298 1129 329 Xvu.

72 390 77 394 ’
136 397 226 430 haud
242 396 346 430 dubie
359 396 500 429 rectius.
522 394 646 428 Notior
657 392 747 426 enim
762 392 831 423 Pe-

136 449 237 490 lopis,
253 448 398 490 primum
421 448 456 479 in
471 445 684 480 OEnomaum,
707 441 832 474 deinde

135 498 172 529 in
187 497 380 538 Myrtilum,
398 495 552 537 perfidia.
594 491 716 536 Infidus
727 489 833 532 pater]

135 546 301 579 Tantalus
326 547 478 578 Deorum
516 551 640 575 arcana
670 539 836 581 vulgavit,

139 599 350 638 quapropter
379 593 469 635 apud
494 591 622 624 inferos
659 590 694 622 in
723 588 835 621 media

138 654 253 677 rerum
268 643 368 684 eopia
379 643 434 674 siti
445 644 624 683 torquetur
639 643 676 671 et
691 638 792 671 fame.

109 695 123 711 ’
181 696 225 725 66
246 694 356 733 Egens
377 690 534 732 benigmoe]
556 690 670 731 Egens
696 687 837 720 affluen-

139 742 184 775 tis
199 741 310 783 dapis.
354 740 554 782 [Bamberg.
571 743 670 771 earet
684 737 838 770 versibus

139 794 196 823 65.
212 795 249 823 et
264 794 318 823 66.
336 789 568 823 Schoenborn.
589 791 621 822 2.
642 797 761 830 semper
782 789 837 820 da-

140 841 212 883 tim]

182 894 225 924 67
250 891 418 931 Obligatus
443 891 532 932 aliti]
566 890 663 923 Libri
693 894 839 932 quatuor

139 943 225 978 alite,
239 952 256 974 e
271 951 334 983 pro
349 942 386 980 i,-
408 946 448 973 ut
471 950 564 982 saepe
579 945 716 972 veteres
731 951 739 970 :
763 939 840 972 obli-

138 996 236 1033 gatae
251 997 366 1025 autem
381 1002 444 1034 pro
461 992 611 1032 alligatus
635 1001 729 1023 more
746 995 841 1022 vete-

141 1051 217 1074 rum
228 1041 328 1074 dixit.
349 1041 450 1082 Aliis]
473 1042 634 1075 Quietem
645 1045 744 1083 optat
755 1041 840 1072 Pro-

144 1090 299 1123 metheus
327 1091 455 1122 vulturi
479 1090 670 1122 firmissime
702 1090 840 1131 ligatus.

142 1139 418 1180 [Vanderbourg.
433 1140 583 1179 alligatus
592 1150 605 1177 ,·
619 1139 725 1180 alita]

186 1192 229 1221 70
255 1189 347 1222 Voles
359 1190 447 1220 modo
462 1190 537 1221 altis
552 1189 676 1221 desilire
691 1189 843 1230 turribus]

145 1237 234 1270 vide
262 1247 289 1271 ι.
308 1238 377 1270 od.
392 1241 425 1271 3.
452 1239 463 1258 ⁴
477 1239 583 1270 Modo
605 1239 740 1280 optabis
764 1239 844 1271 des.'

146 1290 212 1320 ἃς.
257 1288 386 1330 [Codd.
403 1298 458 1330 ap.
469 1288 591 1328 Jaeck,
602 1288 766 1329 dissilire]

187 1341 230 1371 71
257 1339 372 1370 Norico
387 1338 559 1379 recludere]
593 1339 740 1370 Noricus
755 1338 845 1371 ensis

146 1387 285 1428 ponitur
314 1397 377 1430 pro
406 1388 525 1430 quovis
555 1397 649 1419 ense.
693 1387 784 1419 Vide
816 1396 843 1420 ι.

147 1437 215 1470 Od.
232 1440 287 1470 16.

188 1489 231 1519 72
254 1487 462 1528 Fama-aque]
498 1487 652 1528 Frustra,
674 1487 756 1530 quia
778 1496 843 1518 non

146 1537 312 1569 morieris.

188 1588 230 1618 78
253 1585 434 1618 Fastidiose
449 1586 550 1618 tristis
561 1586 761 1627 agrimonia]
775 1586 842 1617 Ex-

144 1635 251 1667 istens
266 1635 390 1674 tristis,
413 1635 516 1667 animi
538 1635 752 1677 aegritudine,
767 1645 843 1677 quae

148 1683 251 1716 vitam
270 1682 418 1715 fastidit.

189 1735 232 1764 74
259 1732 412 1764 Vct-labor
444 1732 595 1773 humeris]
639 1732 844 1764 Lecticario-

148 1790 221 1813 rum
237 1785 351 1813 autem
367 1781 514 1812 humeris
529 1781 653 1812 divites
669 1780 849 1820 gestaban-

149 1833 219 1869 tur,
239 1830 434 1860 ostentandi
445 1839 481 1861 se
497 1839 628 1861 caussa.
669 1829 751 1861 Vid.
766 1830 849 1861 Tur-

151 1877 230 1910 neh.
257 1886 284 1910 1.
310 1881 364 1910 10.
402 1878 546 1910 Torreat.
597 1878 750 1910 Humeris
778 1882 851 1911 tanc

151 1927 225 1970 ego]
250 1927 362 1968 Super
381 1927 538 1959 humeros
555 1932 631 1959 tuos
646 1927 727 1960 mihi
742 1928 852 1960 inimi-

153 1986 212 2009 cos
228 1986 292 2018 ego
308 1981 389 2009 tunc
405 1977 577 2019 equitabo.

194 2030 238 2059 76
263 2027 376 2059 Cereus
392 2027 560 2068 imagines]
595 2027 780 2071 Tamquam
805 2028 852 2060 vi·

154 2084 214 2109 vas
227 2076 404 2117 imagines.

196 2127 239 2157 77
262 2125 357 2166 Polo]
387 2125 485 2157 Coelo
514 2124 684 2158 deducere
713 2127 853 2158 Lunam.

155 2173 282 2216 [Codd.
296 2184 351 2214 ap.
363 2174 488 2214 Jaeck,
507 2175 684 2216 cuv-iosias]

196 2226 240 2255 78
268 2223 401 2256 Vocibus
426 2233 550 2264 possum
573 2223 666 2266 meis]
690 2223 854 2256 carmini-

154 2273 219 2306 bus
234 2273 332 2305 meis.

197 2326 242 2355 79
267 2324 429 2355 crematos
443 2323 584 2354 excitare
597 2322 749 2362 mortuos]
778 2323 855 2354 Cre-

156 2375 255 2403 matos
270 2381 346 2403 cum
361 2370 461 2410 dicit,
470 2374 573 2410 auget
583 2371 667 2401 artis
684 2370 764 2409 vim,
779 2381 855 2411 quae

157 2429 224 2452 non
234 2420 367 2452 umbras
381 2423 514 2451 tantum
525 2419 568 2450 ab
581 2418 701 2450 inferis
713 2428 857 2452 evocare

160 2473 290 2510 posset,
319 2467 408 2510 quod
436 2468 608 2509 proprium
638 2468 857 2501 Sciomautiae

160 2521 228 2558 est,
257 2521 319 2549 aut
347 2517 495 2550 cadaver
531 2517 669 2559 aliquod
710 2518 858 2558 elevare,

164 2574 266 2607 quam
291 2565 576 2608 Necyomantiam
606 2566 760 2607 appellat
782 2566 859 2598 Ser·

162 2618 236 2649 vius
251 2628 262 2657 ;
285 2626 427 2658 corpore
442 2616 530 2649 enim
544 2616 586 2648 ad
602 2616 635 2648 id
649 2621 685 2649 et
696 2617 860 2659 sauguine

163 2675 251 2708 opus
268 2671 322 2698 est
335 2676 345 2705 ;
369 2666 428 2698 sed
442 2666 558 2702 etiam,
573 2670 742 2698 crematos
757 2667 861 2699 susci-

163 2721 252 2754 tare,
267 2715 358 2759 quod
373 2716 534 2748 Erichtho
554 2716 611 2747 illa
625 2715 715 2758 apud
733 2716 860 2749 Lucan.

163 2766 222 2799 lib.
260 2775 313 2801 v1·
351 2768 407 2801 vix
435 2766 635 2810 promittere
664 2766 777 2807 ausit;
814 2767 862 2799 ait

1467 287 1579 331 1581

882 391 993 423 enim:
1017 391 1119 423 ‘Non
1148 389 1181 421 in
1205 388 1367 420 Tartareo
1392 387 1580 421 latitantem

882 441 1051 482 poscimus
1067 443 1178 476 antro,
1197 437 1445 478 Assuetamque
1459 436 1515 468 diu
1533 442 1582 469 te-

882 489 1014 527 uebris;
1030 487 1130 519 modo
1146 488 1223 519 luce
1234 486 1353 527 fugata
1363 485 1584 517 Descenden-

884 543 952 570 tem
977 538 1142 569 animam:
1174 538 1283 578 primo
1305 536 1464 577 pallentis
1486 535 1583 567 hiatu

883 587 1006 620 Haeret
1034 586 1145 618 adhuc
1175 585 1280 618 Orci.'
1326 586 1479 617 Excitare
1505 595 1585 616 mor-

884 635 967 677 euos]
1003 636 1163 668 Excitare
1194 636 1238 667 ab
1266 635 1398 667 inferis.
1451 634 1586 676 [Mark-

883 687 978 719 land.
993 686 1129 718 dubitat
1145 685 1188 718 de
1203 695 1288 717 voce
1303 684 1481 725 crematos]

928 739 971 768 80
993 735 1202 776 Βεείἀενίιιαε
1231 739 1403 776 temperare
1428 734 1588 775 poculum]

885 785 983 818 Idem
1012 795 1096 826 ergo
1122 786 1133 804 ⁸
1154 784 1382 817 desiderium’
1410 785 1466 815 hic
1496 783 1587 824 quod

886 845 989 868 amor.
1033 835 1236 868 Petronius:
1262 835 1339 866 ‘Tu
1365 833 1588 872 desiderium,

889 889 928 918 tu
944 885 1102 926 voluptas
1115 884 1216 917 mea.’
1260 884 1375 916 Graeci
1396 882 1513 924 φίλτρα
1530 891 1588 914 vo-

889 939 991 974 cant3
1023 945 1090 976 quo
1121 934 1286 966 vocabulo
1315 934 1423 966 nostri
1454 941 1589 974 quoque

889 984 1015 1018 Juven.
1035 984 1140 1016 Ovid.
1163 988 1199 1015 et
1222 984 1278 1016 alii
1304 984 1354 1015 usi
1379 986 1471 1014 sunt.
1514 981 1591 1013 Tali

891 1035 1015 1076 poculo
1038 1034 1218 1066 Lucretius
1245 1033 1358 1065 Poeta
1387 1037 1424 1064 et
1450 1041 1591 1072 magnus

891 1085 949 1115 ille
985 1085 1145 1116 Lucullus
1184 1084 1332 1125 periere.
1386 1081 1592 1122 Desidertque

893 1137 1060 1174 temperare
1085 1133 1242 1174 poculum]
1272 1131 1404 1164 Amoris
1433 1132 1592 1173 poculum

893 1184 1074 1217 conficere.

937 1235 979 1265 18
991 1235 1116 1266 Plorem
1127 1233 1223 1274 artis]
1235 1232 1397 1265 Lambino
1411 1231 1592 1274 legendum

895 1283 1032 1315 videtur
1044 1294 1054 1314 ε
1080 1285 1206 1315 Plorem
1220 1283 1304 1314 artis
1316 1283 1350 1314 in
1365 1286 1396 1314 te
1410 1283 1528 1314 nullum
1539 1282 1595 1313 Ῑια-

895 1333 995 1365 bentis
1022 1333 1154 1365 exitum.
1212 1333 1338 1364 Graeca
1378 1332 1504 1373 phrasi,
1531 1341 1595 1371 pro

896 1391 1017 1414 caussa
1043 1382 1139 1420 artis,
1164 1382 1217 1412 vel
1242 1381 1284 1412 ob
1311 1385 1433 1419 artem,
1454 1385 1494 1412 ut
1516 1381 1595 1411 Vir-

895 1431 1016 1472 gilius:
1034 1431 1045 1449 ‘
1056 1430 1253 1463 Justitiaene
1265 1431 1358 1471 prius
1372 1430 1488 1470 mirer,
1499 1429 1596 1461 belli-

895 1490 937 1512 ne
953 1479 1132 1512 laborum.’
1175 1480 1302 1511 Verum
1322 1488 1438 1511 omnes
1457 1484 1596 1511 veteres

895 1530 1102 1562 membranae
1127 1529 1181 1560 vel
1207 1530 1345 1569 agentis,
1368 1530 1421 1560 vel
1446 1529 1601 1569 habentis,

895 1590 980 1612 unus
1010 1580 1113 1612 etiam
1139 1584 1243 1620 atque
1273 1580 1360 1612 alter
1389 1579 1523 1611 valentis
1549 1579 1598 1610 le-

896 1634 1004 1672 gunt3
1027 1634 1129 1671 atque
1158 1629 1206 1660 ita
1231 1628 1382 1670 quidem,
1405 1633 1444 1659 ut
1465 1627 1520 1659 ubi
1544 1627 1599 1658 Ῑια-

896 1680 997 1711 bentis
1020 1679 1193 1718 scribitur,
1215 1678 1385 1709 scribatur
1407 1677 1510 1708 etiam
1531 1677 1600 1708 exi-

896 1731 959 1767 tas,
981 1727 1014 1758 in
1039 1727 1115 1757 aliis
1140 1727 1272 1757 exitum.
1316 1726 1395 1757 Jam
1412 1734 1492 1755 vero
1508 1724 1600 1755 idem

897 1783 952 1808 est
973 1777 1055 1808 nihil
1072 1776 1177 1808 exitus
1190 1776 1314 1815 habere,
1330 1779 1367 1807 et
1382 1776 1512 1806 nullum
1528 1774 1601 1805 exi-

899 1831 981 1862 tum,
1006 1830 1045 1857 ut
1068 1826 1115 1856 nil
1140 1830 1302 1866 quaestus,
1323 1825 1370 1855 nil
1395 1824 1527 1865 gratiae,
1554 1823 1602 1855 nil

899 1876 999 1916 lucri,
1028 1875 1111 1906 nibil
1152 1874 1334 1914 commodi,
1370 1883 1434 1915 pro
1471 1873 1601 1904 nullum

900 1929 1079 1966 quaestum,
1100 1924 1257 1964 gratiam,
1281 1925 1416 1955 lucrum
1441 1923 1494 1954 vel
1511 1932 1602 1954 com-

900 1974 1055 2012 modum;
1079 1978 1115 2004 et
1142 1973 1263 2004 similia
1286 1972 1410 2012 passim
1437 1971 1529 2012 apud
1546 1981 1604 2013 op-

902 2023 1002 2054 timos
1032 2029 1189 2054 auctores
1216 2022 1373 2062 legimus.
1427 2022 1496 2053 Sed
1521 2031 1603 2063 quo-

901 2074 992 2104 niam
1009 2076 1045 2104 et
1064 2072 1196 2114 Virgilii
1212 2081 1312 2114 quem
1334 2070 1435 2102 modo
1459 2071 1531 2102 dixi
1554 2071 1603 2102 lo-

901 2132 978 2154 cum
1007 2122 1107 2153 aliter
1130 2121 1273 2162 exponit
1295 2121 1448 2160 Servius,
1464 2126 1499 2152 et
1513 2120 1604 2152 haud

902 2170 1006 2202 dubie
1022 2171 1167 2202 insolens
1180 2171 1311 2202 Latinis
1323 2170 1460 2202 auribus
1475 2161 1605 2202 locutio

903 2225 957 2253 est
972 2222 982 2239 ‘
996 2221 1130 2262 plorare
1147 2220 1252 2262 artis,'
1267 2222 1277 2239 ‘
1289 2220 1404 2252 mirari
1422 2220 1573 2252 laborum
1584 2220 1605 2259 ;'

903 2280 972 2302 non
996 2271 1098 2302 video
1123 2280 1227 2311 quare
1254 2271 1297 2302 ab
1325 2271 1434 2301 altera
1455 2271 1513 2301 illa
1536 2271 1605 2302 lec-

904 2321 998 2352 tione
1014 2320 1059 2351 m’l
1077 2321 1130 2352 vel
1151 2320 1231 2351 nihil
1244 2321 1369 2359 agentis
1383 2321 1514 2356 exitum,
1530 2329 1606 2360 quae

906 2370 1058 2410 pluribus
1080 2370 1330 2410 exemplaribus
1346 2369 1482 2410 nititur,
1497 2368 1606 2399 disce—

907 2419 989 2450 dere
1004 2418 1200 2450 debeamus.
1244 2419 1281 2449 Si
1297 2417 1386 2448 enim
1405 2417 1416 2434 ‘
1429 2417 1512 2447 nihil
1526 2425 1606 2457 age-

907 2467 962 2499 re’
980 2471 1074 2499 recte
1090 2467 1229 2508 dicitur,
1243 2477 1305 2508 pro
1317 2467 1452 2498 inanem
1466 2474 1606 2505 operam

908 2525 1053 2552 sumere,
1074 2516 1145 2547 sive
1168 2516 1300 2557 agendo
1322 2516 1404 2546 nihil
1429 2513 1608 2555 proficere,
1663 2549 1667 2552 p

908 2575 970 2598 cur
984 2574 1050 2596 non
1066 2565 1192 2606 aliquid
1211 2564 1349 2605 adjungi
1365 2563 1493 2603 possit?
1538 2562 1608 2594 Ne-

909 2619 965 2655 gat
987 2614 1092 2656 igitur
1116 2613 1260 2646 Canidia
1283 2617 1406 2652 artem,
1430 2612 1465 2643 in
1492 2622 1607 2653 omnes

910 2663 1095 2704 efficacem,
1110 2663 1270 2695 adversus
1294 2663 1402 2694 solum
1424 2663 1607 2695 Horatium

909 2716 1042 2747 inanem
1069 2719 1171 2757 atque
1197 2713 1352 2746 inutilem
1374 2711 1465 2745 fore:
1489 2722 1605 2754 quam-

911 2765 960 2797 vis
980 2764 1068 2797 enim
1092 2765 1102 2782 ‘
1119 2765 1254 2805 plorare
1275 2762 1425 2796 exitum'
1449 2759 1605 2796 absolute
