1916 3262
462 293 670 326 nonu-n
705 293 979 325 camimum
1017 294 1112 324 niu.
1145 294 1175 324 ι.
1207 285 1277 325 14.

179 392 199 421 4
226 389 354 421 Nudum
373 389 504 433 remigio
532 386 631 427 mus]
665 386 841 418 Nudatum

136 439 300 479 remigiis,
311 438 346 470 id
361 443 428 479 est,
443 441 480 470 ut
495 436 656 478 Respubl.
671 436 842 468 destituta

138 494 192 521 est
207 489 394 522 militibus?

180 543 200 571 5
224 539 348 581 Malas]
372 539 486 571 Malus
501 537 603 570 arbor
617 542 682 576 est,
706 539 762 570 cui
785 548 841 569 ve-

137 590 206 622 lum
217 590 412 623 annectitur
421 600 431 620 ι
441 589 577 631 ponitur
588 589 643 620 hic
655 589 840 631 allegorice

137 650 201 681 pro
225 641 386 682 AEgyptio
413 649 507 682 rege,
530 649 550 671 a
570 649 636 681 quo
657 641 842 682 Pompeius

134 696 188 723 est
201 691 437 724 obtruncatus.
474 689 622 731 Saucius]
637 689 842 723 Perfractus

136 736 319 779 At'rico,'id
329 747 382 773 est
397 740 494 782 gravi
511 740 612 773 bello.
665 763 667 765 -

179 794 202 823 6
222 790 452 832 Anien-aque]
475 790 638 823 Meliores
666 790 747 822 libri
772 791 839 823 An-

133 845 246 873 temnoe
267 841 398 882 legunt.
441 840 674 882 Antennoeque]
697 841 841 873 Senato-

134 900 190 923 res
213 895 251 924 et
277 891 341 923 viri
366 891 556 933 principes.
599 891 679 923 Sine
690 891 840 932 funibus]

132 942 215 975 Sine
229 942 397 984 pecuniis,
420 942 501 974 belli
527 943 657 974 nervis.
701 943 751 974 Ac
773 942 842 975 sine

126 991 262 1031 funibus
284 992 343 1024 vix
366 994 484 1024 durare
506 1003 624 1034 equor,
638 993 709 1034 θα]
728 993 769 1024 Id
786 998 842 1025 est

133 1044 302 1075 sustinere
331 1047 436 1084 atque
463 1041 621 1085 perferre
640 1052 681 1075 ac
705 1043 841 1075 vincere

134 1093 238 1124 maris
251 1092 330 1124 vim.

178 1144 198 1174 *1
227 1142 293 1175 Vix
308 1143 438 1184 durare]
474 1142 660 1176 Lambinus
684 1144 841 1184 exponit,

135 1202 200 1234 pro
221 1192 423 1234 ‘perferre'
464 1193 534 1226 Sed
556 1195 658 1236 male,
671 1195 705 1226 ni
727 1193 841 1227 fallor.

135 1242 263 1275 Durare
285 1243 387 1285 enim,
402 1254 478 1276 cum
500 1245 625 1286 agendi
641 1245 708 1277 vim
723 1245 842 1287 habet,

134 1293 257 1326 durum
287 1293 426 1326 efficere
454 1294 648 1335 significat:
684 1299 722 1327 ut
749 1295 840 1336 apud

135 1344 233 1386 Virg.
258 1346 268 1364 ‘
282 1349 382 1377 natos
395 1354 556 1386 saevoque
578 1345 657 1385 gelu
679 1344 840 1376 duramus

132 1398 171 1426 et
185 1394 310 1426 undis?
352 1394 410 1426 lta
426 1399 464 1425 ut
477 1395 592 1425 durare
603 1394 760 1426 absolute
785 1394 840 1426 hic

133 1443 274 1483 dixerit,
289 1452 351 1484 pro
361 1443 550 1475 subsistere
564 1452 605 1475 ac
618 1452 838 1484 permanere:

132 1498 173 1527 ut
201 1494 331 1527 Noster
354 1495 447 1527 alibi.
492 1495 591 1537 Virg.
614 1498 623 1513 ‘
641 1495 778 1527 Durate
802 1499 840 1527 et

131 1550 266 1578 vosmet
282 1545 385 1578 rebus
401 1549 538 1578 servate
551 1544 733 1577 secundis.⁸

174 1599 196 1628 8
222 1596 424 1638 smper-insius
451 1595 574 1638 equor]
611 1595 839 1636 Imperiosum

130 1650 244 1682 autem
259 1655 378 1688 aequor
389 1645 564 1687 aptissime
574 1651 689 1682 vocat.
702 1645 758 1677 cui
770 1655 840 1677 om-

131 1696 213 1728 nino
237 1696 429 1738 parendum
453 1696 519 1728 sit:
545 1699 584 1727 ut
605 1705 626 1727 a
652 1695 840 1727 severitate

133 1745 355 1787 imperiorum
370 1745 502 1777 Manlio
515 1744 600 1777 illud
611 1745 766 1776 odiosum
782 1745 840 1776 im-

130 1796 248 1837 pedon·
276 1805 464 1837 cognomen
503 1795 661 1827 adhaesit.
700 1795 842 1826 Torrent-

134 1845 352 1887 Insuper-iosias]
381 1845 597 1877 Severiorem
626 1844 738 1876 civilis
760 1844 842 1876 belli

134 1900 390 1936 tempestatem.

177 1947 200 1976 9
221 1945 357 1984 Integra
382 1943 495 1986 lintea]
523 1944 666 1986 Integra
693 1944 780 1982 vela,
806 1943 840 1976 id

133 1999 203 2034 est,
213 1994 342 2034 integri
356 1995 540 2026 exercitus.

179 2046 221 2076 10
242 2043 317 2075 Non
338 2044 399 2082 Di,
420 2052 507 2084 qnos,
521 2043 592 2083 qm]
615 2043 682 2076 Qui
696 2049 775 2075 snut
790 2044 842 2077 illi

134 2095 209 2135 Dii,
223 2105 306 2136 qnos
321 2095 354 2126 ei
369 2094 455 2126 dicit
473 2094 618 2126 deesse?
640 2103 705 2135 ego
719 2094 839 2127 existi-

133 2155 190 2178 mo
202 2154 247 2177 ex
261 2143 509 2177 consuetudine
526 2149 677 2176 veterum
703 2143 737 2176 id
761 2155 838 2177 esse

132 2195 312 2236 scriptum,
346 2194 405 2236 qni
442 2194 477 2226 in
513 2195 622 2236 puppi
651 2195 838 2228 sacrarium

133 2244 304 2287 quoddam
327 2244 512 2285 habebant,
535 2245 642 2277 veluti
666 2246 838 2277 larariuni.

135 2294 270 2327 Meo.
291 2303 372 2327 xix.
397 2298 429 2327 2.
472 2295 676 2328 Torrentius
702 2297 837 2337 statuit,

134 2345 238 2377 etiam
253 2345 295 2377 ad
314 2346 468 2377 Deorum
485 2345 569 2377 iram
588 2344 709 2378 referri
725 2357 839 2387 posse,

137 2394 195 2435 qui
217 2394 344 2426 mutuis
367 2395 492 2426 civium
508 2395 734 2428 Romanorum
751 2397 838 2429 odiis

137 2442 260 2476 offensi
288 2453 354 2475 non
380 2443 483 2476 facile
503 2455 579 2477 sese
600 2446 838 2479 invocantibus

136 2503 236 2526 aures
253 2494 445 2535 prebeant.
489 2496 564 2528 Non
580 2496 641 2537 Di]
665 2498 726 2530 Dii
749 2503 840 2530 tute-

137 2546 238 2585 lares,
253 2550 293 2577 ut
308 2545 431 2577 Castor
446 2550 484 2578 et
500 2546 638 2587 Pollux,
653 2557 715 2579 seu
729 2549 841 2590 quivis

137 2595 226 2627 alius
241 2595 348 2634 Deus,
361 2595 450 2637 quod
469 2601 543 2627 erat
565 2596 674 2628 Navis
697 2598 841 2639 insigne.

139 2645 227 2681 Quos
254 2645 368 2676 iter-um
391 2645 515 2687 pressa]
539 2646 635 2679 Quos
664 2656 752 2679 nunc
779 2648 842 2680 sub

137 2694 331 2728 Octaviano
353 2700 391 2727 tu
407 2705 573 2739 oppressa
591 2697 741 2729 invoces.

182 2748 221 2777 n
246 2746 399 2782 Quamvis
426 2746 574 2788 Pontica]
598 2747 762 2780 Quamvis
785 2758 842 2789 ge-

137 2795 229 2827 neris
258 2794 436 2827 nobilitate
462 2796 630 2837 glorieris,
655 2796 739 2829 nibil
767 2807 840 2830 eam

138 2851 260 2877 curant
275 2846 412 2878 milites.
430 2846 539 2888 θερμὰ.
586 2847 721 2879 Pontica
730 2848 840 2890 pinus]

1484 290 1599 331 1363

893 386 934 418 In
950 386 1064 418 Ponto
1081 396 1204 427 magna
1231 392 1284 420 est
1304 388 1462 421 arborum
1487 394 1599 433 copia,

892 437 983 469 unde
998 444 1104 469 naves
1117 437 1213 470 fiant.

935 490 974 519 13
996 489 1107 520 Jactes
1122 491 1153 519 et
1163 489 1280 530 genus]
1299 489 1409 528 Dicit,
1424 489 1506 521 nihil
1524 501 1600 532 pro·

891 536 1042 570 futuram
1060 539 1188 580 populo
1206 539 1360 571 Romano
1384 539 1518 582 antiqui
1542 550 1601 572 no-

890 588 991 620 minis
1007 589 1152 630 gloriam
1169 599 1179 620 :
1206 590 1246 631 si,
1272 589 1375 621 rebus
1391 590 1481 622 bello
1507 592 1601 623 civili

891 642 1074 679 tantopere
1086 638 1234 679 afflictis,
1247 639 1352 671 duces
1362 640 1486 672 iterum
1497 642 1601 673 armis

891 689 1113 722 contendant.
1159 690 1231 722 Ant
1245 691 1429 731 perituram
1444 692 1601 724 funditus

891 740 1059 781 Rempub.
1086 741 1150 772 nisi
1175 741 1323 783 Augusti
1353 742 1496 774 arbitrio
1526 743 1599 784 regi

891 799 927 821 se
944 790 1107 831 patiatur.
1134 791 1277 823 Torrent.
1320 792 1429 824 lactes
1441 795 1473 824 et
1482 794 1599 834 genus]

891 840 1055 873 Quamvis
1085 841 1221 880 generis
1245 842 1420 882 claritate,
1446 847 1483 874 et
1510 844 1600 874 anti-

891 891 1025 931 quitate
1042 891 1213 931 glorieris.
1260 893 1306 924 Et
1334 902 1443 924 nomen
1471 893 1606 934 inutile]

891 941 938 972 Et
951 939 1089 980 famam,
1102 952 1178 983 quae
1193 942 1258 975 tibi
1274 943 1321 974 nil
1338 944 1503 984 proderit.

936 994 976 1024 14
1004 993 1110 1026 Pictis
1123 993 1268 1034 timidus]
1282 995 1358 1026 Non
1375 995 1469 1026 navis
1487 996 1600 1037 pictu-

891 1051 951 1083 rae,
978 1043 1038 1074 sed
1063 1043 1176 1075 robori
1202 1049 1238 1076 et
1265 1047 1475 1078 ornamentis
1490 1046 1601 1082 fidunt

891 1097 1005 1124 nautae
1021 1103 1031 1131 3
1068 1092 1117 1124 sic
1145 1094 1271 1125 milites
1302 1103 1370 1126 non
1399 1095 1434 1126 iu
1462 1097 1599 1136 generis

891 1143 1087 1183 splendore,
1121 1143 1182 1175 sed
1221 1145 1326 1177 armis
1362 1150 1398 1177 et
1437 1147 1598 1178 exercitu

892 1202 989 1234 spem
1011 1194 1197 1226 collocant.

936 1246 975 1275 15
991 1244 1067 1275 Nisi
1085 1244 1202 1285 veneis]
1220 1245 1295 1276 Nisi
1310 1245 1344 1276 iu
1357 1245 1536 1287 naufragio
1551 1248 1599 1278 vis

890 1292 966 1324 fieri
989 1293 1138 1325 ludibrio
1162 1295 1284 1333 ventis,
1313 1294 1348 1326 id
1375 1301 1443 1336 est,
1471 1295 1599 1328 inflatis

890 1347 928 1374 et
940 1343 1128 1374 ambitiosis
1143 1343 1299 1376 ducibus.

934 1395 976 1423 16
1000 1392 1101 1432 Cave]
1117 1393 1199 1424 Noli
1215 1394 1360 1435 amplius
1375 1404 1512 1427 movere
1531 1396 1601 1428 bel·

890 1442 972 1474 lum.

934 1495 974 1524 17
991 1493 1103 1534 Nuper·
1116 1493 1301 1534 sollicitum]
1314 1495 1513 1536 Dupliciter
1525 1495 1599 1527 Ho-

890 1544 999 1576 ratius
1014 1543 1160 1576 affectus
1177 1543 1242 1576 fnit
1254 1555 1263 1576 t
1276 1555 1351 1577 nam
1362 1546 1523 1588 quamdiu
1535 1548 1599 1578 sub

891 1595 1002 1626 Bruto
1017 1594 1193 1631 militavit,
1207 1595 1250 1627 ob
1264 1595 1395 1628 militiae.
1408 1596 1545 1628 labores
1562 1603 1599 1630 et

890 1646 1095 1684 molestiam,
1116 1650 1154 1677 et
1174 1646 1264 1687 quod
1286 1647 1436 1687 partium
1463 1648 1599 1680 illarum

891 1695 1161 1727 imbecillitatem
1189 1701 1362 1736 cerneret,
1388 1697 1507 1738 ingens
1539 1706 1601 1729 tae·

891 1745 984 1776 dium
1001 1745 1199 1776 sentiebat:
1226 1751 1346 1785 postea
1365 1756 1446 1777 vero
1463 1746 1599 1787 Augus·

893 1798 929 1825 to
958 1794 1210 1834 reconciliatus,
1234 1795 1338 1826 taedio
1354 1796 1492 1837 quidem
1506 1797 1599 1828 nullo

893 1853 1073 1883 nauseam,
1087 1844 1146 1875 sed
1163 1845 1294 1885 ingenti
1316 1845 1489 1877 desiderio
1515 1846 1600 1886 pub-

892 1895 968 1926 licae
984 1894 1104 1926 salutis
1121 1904 1235 1926 curam
1253 1895 1437 1927 retinebat.
1454 1897 1600 1928 Tam-ent.

893 1946 1007 1986 Nuper
1020 1945 1203 1986 sollicitum]
1216 1945 1249 1976 Ο
1262 1946 1415 1986 Respub.
1427 1956 1503 1987 qnae
1517 1947 1598 1978 miili

892 2004 935 2026 ex
952 1995 1019 2026 tuis
1046 1995 1147 2026 malis
1170 1995 1421 2027 solicitudinem
1445 2002 1481 2027 et
1501 1996 1598 2028 taedi-

891 2054 945 2076 um
962 2045 1158 2076 induxeras.

934 2097 974 2126 18
999 2096 1092 2126 Num:
1105 2095 1310 2137 desiderium]
1334 2097 1422 2130 Quae
1437 2106 1527 2129 nnnc
1543 2107 1598 2130 me

890 2145 1065 2177 absentem
1081 2146 1129 2177 tui
1147 2146 1318 2178 desiderio
1333 2146 1453 2178 afficis.

933 2198 975 2228 19
997 2197 1159 2235 Interfusa
1179 2197 1332 2237 nitentes]
1357 2198 1427 2229 Pro
1452 2198 1540 2230 Vites
1553 2208 1596 2229 oe-

888 2256 982 2287 quoru
999 2247 1078 2287 fusa
1103 2247 1189 2279 inter
1221 2248 1383 2289 Cycladas.
1428 2248 1597 2280 Ostendit

889 2303 1003 2329 autem
1027 2307 1094 2329 non
1123 2298 1235 2329 minus
1266 2299 1491 2339 periculosum
1521 2298 1596 2330 fore

888 2346 1024 2380 afflictoe
1041 2347 1115 2389 jam
1142 2347 1292 2389 Reipnb.
1315 2348 1509 2381 diuturnius
1527 2349 1596 2380 bel·

889 2399 972 2437 lum,
987 2407 1089 2439 quam
1102 2403 1280 2430 exarmato
1297 2408 1337 2429 ac
1350 2398 1524 2430 fatiscenti
1538 2408 1596 2430 na·

889 2448 992 2488 vigio,
1007 2449 1035 2479 si
1052 2448 1168 2488 AEgaeo
1184 2449 1217 2480 in
1233 2449 1330 2489 mari,
1347 2450 1438 2480 inter
1449 2455 1500 2482 tot
1512 2459 1595 2480 saxa

889 2508 930 2530 ac
941 2498 1110 2538 scopulos,
1128 2499 1253 2539 agitari
1269 2500 1457 2538 contingat.
1481 2500 1594 2530 Recte

889 2548 994 2579 etiam
1007 2547 1216 2588 Cycladibus
1232 2557 1467 2589 comparemus
1480 2550 1595 2589 plures

891 2599 972 2630 belli
988 2598 1098 2630 civilis
1115 2599 1233 2638 duces,
1249 2608 1364 2630 omnes
1389 2609 1487 2640 aeque
1513 2600 1594 2631 Rei-

891 2648 973 2689 pub.
1003 2647 1224 2689 perniciosos.
1282 2648 1386 2678 Plura
1410 2649 1467 2690 qni
1497 2650 1593 2689 velit,

888 2697 1084 2730 Turnebum
1115 2697 1218 2729 adeat
1244 2706 1324 2729 xrx.
1350 2700 1403 2730 ll.
1449 2699 1592 2731 Torrent-

891 2749 1069 2789 Nitenteis]
1078 2748 1247 2789 Cycladas
1260 2749 1359 2789 longe
1370 2754 1591 2790 apparentes.

933 2803 976 2832 20
1003 2800 1092 2831 Viles
1103 2799 1241 2841 oequora]
1265 2800 1412 2836 Suadeo,
1427 2807 1463 2831 ut
1480 2800 1591 2842 fugias

890 2850 1117 2891 periculorum
1138 2852 1322 2892 augustias,
1335 2851 1457 2893 quibus
1482 2858 1515 2883 te
1542 2852 1590 2883 fa-
