<?xml version="1.0" encoding="UTF-8"?>
<!DOCTYPE html PUBLIC "-//W3C//DTD XHTML 1.0 Transitional//EN"
    "http://www.w3.org/TR/xhtml1/DTD/xhtml1-transitional.dtd">
<html xmlns="http://www.w3.org/1999/xhtml" xml:lang="en" lang="en">
 <head>
  <title>
</title>
<meta http-equiv="Content-Type" content="text/html;charset=utf-8" />
  <meta name='ocr-system' content='tesseract 3.04.00' />
  <meta name='ocr-capabilities' content='ocr_page ocr_carea ocr_par ocr_line ocrx_word'/>
</head>
<body>
  <div class='ocr_page' id='page_1' title='image "./operazeune03horauoft/operazeune03horauoft_0012.png"; bbox 0 0 1982 3230; ppageno 0'>
   <div class='ocr_carea' id='block_1_1' title="bbox 387 277 1331 326">
    <p class='ocr_par' dir='ltr' id='par_1_1' title="bbox 387 277 1331 326">
     <span class='ocr_line' id='line_1_1' title="bbox 387 277 1331 326; baseline 0 -8"><span class='ocrx_word' id='word_1_1' title='bbox 387 277 496 319; x_wconf 76' lang='lat'>1158</span> <span class='ocrx_word' id='word_1_2' title='bbox 851 289 894 326; x_wconf 87' lang='lat' dir='ltr'><strong>Q.</strong></span> <span class='ocrx_word' id='word_1_3' title='bbox 926 288 1128 318; x_wconf 64' lang='lat' dir='ltr'><strong>nonum</strong></span> <span class='ocrx_word' id='word_1_4' title='bbox 1165 289 1331 318; x_wconf 69' lang='lat' dir='ltr'><strong>FLAcoi</strong></span> 
     </span>
    </p>
   </div>
   <div class='ocr_carea' id='block_1_2' title="bbox 386 378 1802 824">
    <p class='ocr_par' dir='ltr' id='par_1_2' title="bbox 387 378 1493 434">
     <span class='ocr_line' id='line_1_2' title="bbox 387 378 1493 434; baseline 0 -14"><span class='ocrx_word' id='word_1_5' title='bbox 387 378 514 431; x_wconf 79' lang='lat' dir='ltr'><strong>Jugis</strong></span> <span class='ocrx_word' id='word_1_6' title='bbox 535 393 684 432; x_wconf 80' lang='lat' dir='ltr'><strong>aquae3</strong></span> <span class='ocrx_word' id='word_1_7' title='bbox 713 379 832 434; x_wconf 85' lang='lat' dir='ltr'><strong>(nam</strong></span> <span class='ocrx_word' id='word_1_8' title='bbox 854 380 949 419; x_wconf 84' lang='lat' dir='ltr'><strong>vina</strong></span> <span class='ocrx_word' id='word_1_9' title='bbox 966 379 1069 418; x_wconf 90' lang='lat' dir='ltr'><strong>nihil</strong></span> <span class='ocrx_word' id='word_1_10' title='bbox 1085 391 1224 418; x_wconf 87' lang='lat' dir='ltr'><strong>moror</strong></span> <span class='ocrx_word' id='word_1_11' title='bbox 1242 379 1360 420; x_wconf 87' lang='lat' dir='ltr'><strong>illius</strong></span> <span class='ocrx_word' id='word_1_12' title='bbox 1380 392 1493 420; x_wconf 85' lang='lat' dir='ltr'><strong>orae:</strong></span> 
     </span>
    </p>

    <p class='ocr_par' dir='ltr' id='par_1_3' title="bbox 387 442 1433 498">
     <span class='ocr_line' id='line_1_3' title="bbox 387 442 1433 498; baseline 0.002 -14"><span class='ocrx_word' id='word_1_13' title='bbox 387 445 507 485; x_wconf 88' lang='lat' dir='ltr'><strong>Rure</strong></span> <span class='ocrx_word' id='word_1_14' title='bbox 528 458 622 484; x_wconf 92' lang='lat' dir='ltr'><strong>meo</strong></span> <span class='ocrx_word' id='word_1_15' title='bbox 640 457 816 496; x_wconf 82' lang='lat' dir='ltr'><strong>possum</strong></span> <span class='ocrx_word' id='word_1_16' title='bbox 837 443 1008 496; x_wconf 84' lang='lat' dir='ltr'><strong>quidvis</strong></span> <span class='ocrx_word' id='word_1_17' title='bbox 1029 442 1213 496; x_wconf 87' lang='lat' dir='ltr'><strong>perferre</strong></span> <span class='ocrx_word' id='word_1_18' title='bbox 1234 446 1433 498; x_wconf 79' lang='lat' dir='ltr'><strong>patique3</strong></span> 
     </span>
    </p>

    <p class='ocr_par' dir='ltr' id='par_1_4' title="bbox 386 509 1503 563">
     <span class='ocr_line' id='line_1_4' title="bbox 386 509 1503 563; baseline 0.003 -14"><span class='ocrx_word' id='word_1_19' title='bbox 386 510 457 549; x_wconf 91' lang='lat' dir='ltr'><strong>Ad</strong></span> <span class='ocrx_word' id='word_1_20' title='bbox 481 522 594 549; x_wconf 83' lang='lat' dir='ltr'><strong>mare</strong></span> <span class='ocrx_word' id='word_1_21' title='bbox 615 523 711 549; x_wconf 88' lang='lat' dir='ltr'><strong>cum</strong></span> <span class='ocrx_word' id='word_1_22' title='bbox 733 510 845 558; x_wconf 89' lang='lat' dir='ltr'><strong>veni,</strong></span> <span class='ocrx_word' id='word_1_23' title='bbox 865 522 1117 560; x_wconf 84' lang='lat' dir='ltr'><strong>generosum</strong></span> <span class='ocrx_word' id='word_1_24' title='bbox 1137 515 1180 549; x_wconf 90' lang='lat' dir='ltr'><strong>et</strong></span> <span class='ocrx_word' id='word_1_25' title='bbox 1199 509 1295 550; x_wconf 85' lang='lat' dir='ltr'><strong>lene</strong></span> <span class='ocrx_word' id='word_1_26' title='bbox 1316 512 1503 563; x_wconf 85' lang='lat' dir='ltr'>requiro,</span> 
     </span>
    </p>

    <p class='ocr_par' dir='ltr' id='par_1_5' title="bbox 388 574 1518 627">
     <span class='ocr_line' id='line_1_5' title="bbox 388 574 1518 627; baseline 0.003 -14"><span class='ocrx_word' id='word_1_27' title='bbox 388 574 518 623; x_wconf 84' lang='lat' dir='ltr'><strong>Quod</strong></span> <span class='ocrx_word' id='word_1_28' title='bbox 539 587 660 614; x_wconf 85' lang='lat' dir='ltr'><strong>curas</strong></span> <span class='ocrx_word' id='word_1_29' title='bbox 682 575 842 625; x_wconf 83' lang='lat' dir='ltr'><strong>abigat,</strong></span> <span class='ocrx_word' id='word_1_30' title='bbox 862 574 980 626; x_wconf 91' lang='lat' dir='ltr'><strong>quod</strong></span> <span class='ocrx_word' id='word_1_31' title='bbox 1000 587 1097 614; x_wconf 91' lang='lat' dir='ltr'><strong>cum</strong></span> <span class='ocrx_word' id='word_1_32' title='bbox 1120 587 1198 627; x_wconf 86' lang='lat' dir='ltr'><strong>spe</strong></span> <span class='ocrx_word' id='word_1_33' title='bbox 1219 574 1352 616; x_wconf 89' lang='lat' dir='ltr'><strong>divite</strong></span> <span class='ocrx_word' id='word_1_34' title='bbox 1370 581 1518 616; x_wconf 83' lang='lat' dir='ltr'><strong>manet</strong></span> 
     </span>
    </p>

    <p class='ocr_par' dir='ltr' id='par_1_6' title="bbox 388 639 1802 758">
     <span class='ocr_line' id='line_1_6' title="bbox 388 639 1802 692; baseline 0.001 -13"><span class='ocrx_word' id='word_1_35' title='bbox 388 639 440 679; x_wconf 91' lang='lat' dir='ltr'><strong>In</strong></span> <span class='ocrx_word' id='word_1_36' title='bbox 461 651 594 678; x_wconf 84' lang='lat' dir='ltr'><strong>venas</strong></span> <span class='ocrx_word' id='word_1_37' title='bbox 615 639 886 692; x_wconf 87' lang='lat' dir='ltr'><strong>animumque</strong></span> <span class='ocrx_word' id='word_1_38' title='bbox 907 652 1059 688; x_wconf 86' lang='lat' dir='ltr'><strong>meum,</strong></span> <span class='ocrx_word' id='word_1_39' title='bbox 1077 641 1196 692; x_wconf 91' lang='lat' dir='ltr'><strong>quod</strong></span> <span class='ocrx_word' id='word_1_40' title='bbox 1219 642 1348 681; x_wconf 88' lang='lat' dir='ltr'><strong>verba</strong></span> <span class='ocrx_word' id='word_1_41' title='bbox 1369 642 1592 690; x_wconf 83' lang='lat' dir='ltr'><strong>ministret,</strong></span> <span class='ocrx_word' id='word_1_42' title='bbox 1747 641 1802 681; x_wconf 75' lang='lat'><strong>20</strong></span> 
     </span>
     <span class='ocr_line' id='line_1_7' title="bbox 389 704 1526 758; baseline 0.003 -15"><span class='ocrx_word' id='word_1_43' title='bbox 389 704 520 754; x_wconf 86' lang='lat' dir='ltr'><strong>Quod</strong></span> <span class='ocrx_word' id='word_1_44' title='bbox 540 717 606 743; x_wconf 87' lang='lat' dir='ltr'><strong>me</strong></span> <span class='ocrx_word' id='word_1_45' title='bbox 627 705 816 746; x_wconf 79' lang='lat' dir='ltr'><strong>Lucanae</strong></span> <span class='ocrx_word' id='word_1_46' title='bbox 830 705 1032 758; x_wconf 81' lang='lat' dir='ltr'><strong>juvenem</strong></span> <span class='ocrx_word' id='word_1_47' title='bbox 1055 706 1319 747; x_wconf 87' lang='lat' dir='ltr'><strong>commendet</strong></span> <span class='ocrx_word' id='word_1_48' title='bbox 1337 705 1526 758; x_wconf 85' lang='lat' dir='ltr'><strong>amicae.)</strong></span> 
     </span>
    </p>

    <p class='ocr_par' dir='ltr' id='par_1_7' title="bbox 386 768 1513 824">
     <span class='ocr_line' id='line_1_8' title="bbox 386 768 1513 824; baseline 0.003 -16"><span class='ocrx_word' id='word_1_49' title='bbox 386 768 570 809; x_wconf 86' lang='lat' dir='ltr'>Tractus</span> <span class='ocrx_word' id='word_1_50' title='bbox 588 777 684 809; x_wconf 88' lang='lat' dir='ltr'><strong>uter</strong></span> <span class='ocrx_word' id='word_1_51' title='bbox 704 771 848 822; x_wconf 88' lang='lat' dir='ltr'><strong>plures</strong></span> <span class='ocrx_word' id='word_1_52' title='bbox 869 771 1058 824; x_wconf 82' lang='lat' dir='ltr'><strong>lepores,</strong></span> <span class='ocrx_word' id='word_1_53' title='bbox 1073 775 1164 811; x_wconf 88' lang='lat' dir='ltr'><strong>uter</strong></span> <span class='ocrx_word' id='word_1_54' title='bbox 1184 771 1337 812; x_wconf 86' lang='lat' dir='ltr'>educet</span> <span class='ocrx_word' id='word_1_55' title='bbox 1356 784 1486 824; x_wconf 83' lang='lat' dir='ltr'><strong>apros</strong></span> <span class='ocrx_word' id='word_1_56' title='bbox 1503 785 1513 821; x_wconf 92' lang='lat'>;</span> 
     </span>
    </p>
   </div>
   <div class='ocr_carea' id='block_1_3' title="bbox 382 901 1805 1068">
    <p class='ocr_par' dir='ltr' id='par_1_8' title="bbox 382 901 1805 1068">
     <span class='ocr_line' id='line_1_9' title="bbox 388 901 1804 945; baseline 0 -13"><span class='ocrx_word' id='word_1_57' title='bbox 388 901 458 934; x_wconf 76' lang='lat' dir='ltr'><strong>bus.-</strong></span> <span class='ocrx_word' id='word_1_58' title='bbox 485 902 612 943; x_wconf 79' lang='lat' dir='ltr'><em>(etenim</em></span> <span class='ocrx_word' id='word_1_59' title='bbox 626 914 731 944; x_wconf 80' lang='lat' dir='ltr'><strong>sperno</strong></span> <span class='ocrx_word' id='word_1_60' title='bbox 753 905 823 935; x_wconf 80' lang='lat' dir='ltr'><strong>vina</strong></span> <span class='ocrx_word' id='word_1_61' title='bbox 837 905 927 935; x_wconf 76' lang='lat' dir='ltr'><strong>istius</strong></span> <span class='ocrx_word' id='word_1_62' title='bbox 950 905 1105 944; x_wconf 72' lang='lat' dir='ltr'><strong>regionis.-</strong></span> <span class='ocrx_word' id='word_1_63' title='bbox 1127 905 1161 935; x_wconf 81' lang='lat' dir='ltr'><strong>in</strong></span> <span class='ocrx_word' id='word_1_64' title='bbox 1180 906 1253 936; x_wconf 76' lang='lat' dir='ltr'><strong>villa</strong></span> <span class='ocrx_word' id='word_1_65' title='bbox 1267 905 1385 945; x_wconf 82' lang='lat' dir='ltr'><strong>quidem</strong></span> <span class='ocrx_word' id='word_1_66' title='bbox 1399 915 1464 935; x_wconf 82' lang='lat' dir='ltr'><strong>mea</strong></span> <span class='ocrx_word' id='word_1_67' title='bbox 1479 904 1631 944; x_wconf 79' lang='lat' dir='ltr'><strong><em>quodlibet</em></strong></span> <span class='ocrx_word' id='word_1_68' title='bbox 1651 904 1734 934; x_wconf 76' lang='lat' dir='ltr'><strong>valeo</strong></span> <span class='ocrx_word' id='word_1_69' title='bbox 1758 906 1804 933; x_wconf 81' lang='lat' dir='ltr'><strong>to·</strong></span> 
     </span>
     <span class='ocr_line' id='line_1_10' title="bbox 386 945 1805 985; baseline 0 -12"><span class='ocrx_word' id='word_1_70' title='bbox 386 945 484 975; x_wconf 80' lang='lat' dir='ltr'><strong>lerare</strong></span> <span class='ocrx_word' id='word_1_71' title='bbox 498 954 533 975; x_wconf 81' lang='lat' dir='ltr'><strong>uc</strong></span> <span class='ocrx_word' id='word_1_72' title='bbox 543 946 690 977; x_wconf 74' lang='lat' dir='ltr'><strong>sustinere</strong></span> <span class='ocrx_word' id='word_1_73' title='bbox 700 948 728 985; x_wconf 69' lang='grc' dir='ltr'><strong>ε)</strong></span> <span class='ocrx_word' id='word_1_74' title='bbox 741 950 775 977; x_wconf 81' lang='lat' dir='ltr'><strong>at</strong></span> <span class='ocrx_word' id='word_1_75' title='bbox 786 957 853 977; x_wconf 81' lang='lat' dir='ltr'><strong>cum</strong></span> <span class='ocrx_word' id='word_1_76' title='bbox 867 948 974 978; x_wconf 80' lang='lat' dir='ltr'><strong>deveni</strong></span> <span class='ocrx_word' id='word_1_77' title='bbox 984 948 1024 977; x_wconf 79' lang='lat' dir='ltr'><strong>ad</strong></span> <span class='ocrx_word' id='word_1_78' title='bbox 1039 956 1134 984; x_wconf 81' lang='lat' dir='ltr'><strong>mare,</strong></span> <span class='ocrx_word' id='word_1_79' title='bbox 1144 947 1278 977; x_wconf 77' lang='lat' dir='ltr'><strong>desidero</strong></span> <span class='ocrx_word' id='word_1_80' title='bbox 1290 947 1392 977; x_wconf 81' lang='lat' dir='ltr'><strong>vinum</strong></span> <span class='ocrx_word' id='word_1_81' title='bbox 1404 956 1581 985; x_wconf 79' lang='lat' dir='ltr'><strong>generosum</strong></span> <span class='ocrx_word' id='word_1_82' title='bbox 1594 955 1630 976; x_wconf 79' lang='lat' dir='ltr'><strong>uc</strong></span> <span class='ocrx_word' id='word_1_83' title='bbox 1641 945 1718 983; x_wconf 82' lang='lat' dir='ltr'><strong>lene,</strong></span> <span class='ocrx_word' id='word_1_84' title='bbox 1727 945 1805 984; x_wconf 81' lang='lat' dir='ltr'><strong>quod</strong></span> 
     </span>
     <span class='ocr_line' id='line_1_11' title="bbox 382 986 1805 1033; baseline 0.001 -19"><span class='ocrx_word' id='word_1_85' title='bbox 382 986 478 1023; x_wconf 79' lang='lat' dir='ltr'><strong>pellat</strong></span> <span class='ocrx_word' id='word_1_86' title='bbox 491 986 706 1025; x_wconf 73' lang='lat' dir='ltr'><strong>solicitudine-³,</strong></span> <span class='ocrx_word' id='word_1_87' title='bbox 718 989 795 1026; x_wconf 76' lang='lat' dir='ltr'><strong>quod</strong></span> <span class='ocrx_word' id='word_1_88' title='bbox 809 988 842 1018; x_wconf 81' lang='lat' dir='ltr'><strong>in</strong></span> <span class='ocrx_word' id='word_1_89' title='bbox 857 988 1054 1028; x_wconf 73' lang='lat' dir='ltr'><strong>venasfluens</strong></span> <span class='ocrx_word' id='word_1_90' title='bbox 1065 988 1374 1027; x_wconf 38' lang='lat' dir='ltr'><strong>ingentem-fiduciam</strong></span> <span class='ocrx_word' id='word_1_91' title='bbox 1383 998 1457 1018; x_wconf 81' lang='lat' dir='ltr'><strong>meae</strong></span> <span class='ocrx_word' id='word_1_92' title='bbox 1466 987 1559 1018; x_wconf 76' lang='lat' dir='ltr'><strong>menti</strong></span> <span class='ocrx_word' id='word_1_93' title='bbox 1569 987 1717 1024; x_wconf 80' lang='lat' dir='ltr'><strong>conserat,</strong></span> <span class='ocrx_word' id='word_1_94' title='bbox 1727 986 1805 1033; x_wconf 69' lang='lat' dir='ltr'><strong>quod</strong></span> 
     </span>
     <span class='ocr_line' id='line_1_12' title="bbox 386 1026 1805 1068; baseline 0 -13"><span class='ocrx_word' id='word_1_95' title='bbox 386 1026 477 1057; x_wconf 79' lang='lat' dir='ltr'><strong>verba</strong></span> <span class='ocrx_word' id='word_1_96' title='bbox 491 1028 671 1066; x_wconf 69' lang='lat' dir='ltr'><strong>suppeditet,</strong></span> <span class='ocrx_word' id='word_1_97' title='bbox 694 1030 771 1068; x_wconf 82' lang='lat' dir='ltr'><strong>quod</strong></span> <span class='ocrx_word' id='word_1_98' title='bbox 794 1039 839 1059; x_wconf 89' lang='lat' dir='ltr'><strong>me</strong></span> <span class='ocrx_word' id='word_1_99' title='bbox 855 1028 998 1066; x_wconf 79' lang='lat' dir='ltr'><strong>juvenem</strong></span> <span class='ocrx_word' id='word_1_100' title='bbox 1016 1033 1143 1068; x_wconf 81' lang='lat' dir='ltr'><strong>gratum</strong></span> <span class='ocrx_word' id='word_1_101' title='bbox 1155 1031 1265 1060; x_wconf 82' lang='lat' dir='ltr'><strong>reddat</strong></span> <span class='ocrx_word' id='word_1_102' title='bbox 1279 1029 1410 1060; x_wconf 80' lang='lat' dir='ltr'><strong>Lucanoe</strong></span> <span class='ocrx_word' id='word_1_103' title='bbox 1432 1029 1605 1060; x_wconf 79' lang='lat' dir='ltr'><strong>meretrici:</strong></span> <span class='ocrx_word' id='word_1_104' title='bbox 1627 1031 1697 1058; x_wconf 78' lang='lat' dir='ltr'><strong>utra</strong></span> <span class='ocrx_word' id='word_1_105' title='bbox 1719 1035 1805 1065; x_wconf 67' lang='lat' dir='ltr'><strong>reguo</strong></span> 
     </span>
    </p>
   </div>
   <div class='ocr_carea' id='block_1_4' title="bbox 978 1120 1212 1133">
    <p class='ocr_par' dir='ltr' id='par_1_9' title="bbox 978 1120 1212 1133">
     <span class='ocr_line' id='line_1_13' title="bbox 978 1120 1212 1133; baseline 0 -1"><span class='ocrx_word' id='word_1_106' title='bbox 978 1120 1212 1133; x_wconf 66' lang='lat' dir='ltr'><strong>eeeeeeeeeeee</strong></span> 
     </span>
    </p>
   </div>
   <div class='ocr_carea' id='block_1_5' title="bbox 385 1180 1814 2289">
    <p class='ocr_par' dir='ltr' id='par_1_10' title="bbox 385 1180 1814 2289">
     <span class='ocr_line' id='line_1_14' title="bbox 387 1180 1806 1223; baseline 0.001 -13"><span class='ocrx_word' id='word_1_107' title='bbox 387 1187 431 1211; x_wconf 76' lang='lat' dir='ltr'><strong>ve.</strong></span> <span class='ocrx_word' id='word_1_108' title='bbox 454 1180 718 1212; x_wconf 76' lang='lat' dir='ltr'><strong>Sohoenhorn.2.</strong></span> <span class='ocrx_word' id='word_1_109' title='bbox 729 1185 898 1221; x_wconf 71' lang='lat' dir='ltr'><strong>puteosque.</strong></span> <span class='ocrx_word' id='word_1_110' title='bbox 920 1182 1489 1223; x_wconf 72' lang='lat' dir='ltr'><strong>Bamberg.puteosneperennis.—16</strong></span> <span class='ocrx_word' id='word_1_111' title='bbox 1500 1183 1702 1222; x_wconf 68' lang='lat' dir='ltr'><strong>Dulciuaquoe</strong></span> <span class='ocrx_word' id='word_1_112' title='bbox 1710 1181 1806 1212; x_wconf 86' lang='lat' dir='ltr'><strong>Harl.</strong></span> 
     </span>
     <span class='ocr_line' id='line_1_15' title="bbox 387 1221 1808 1254; baseline 0.001 -4"><span class='ocrx_word' id='word_1_113' title='bbox 387 1224 418 1251; x_wconf 84' lang='lat'><strong>2.</strong></span> <span class='ocrx_word' id='word_1_114' title='bbox 432 1221 659 1252; x_wconf 85' lang='lat' dir='ltr'><strong>Schoeuborn.</strong></span> <span class='ocrx_word' id='word_1_115' title='bbox 674 1225 743 1253; x_wconf 86' lang='grc'><strong>2.4.</strong></span> <span class='ocrx_word' id='word_1_116' title='bbox 758 1224 852 1252; x_wconf 85' lang='lat' dir='ltr'><strong>Vatt.</strong></span> <span class='ocrx_word' id='word_1_117' title='bbox 870 1225 898 1252; x_wconf 89' lang='lat'><strong>1.</strong></span> <span class='ocrx_word' id='word_1_118' title='bbox 915 1226 945 1253; x_wconf 75' lang='lat'><strong>3.</strong></span> <span class='ocrx_word' id='word_1_119' title='bbox 961 1233 980 1253; x_wconf 82' lang='lat' dir='ltr'><strong>a</strong></span> <span class='ocrx_word' id='word_1_120' title='bbox 994 1233 1038 1253; x_wconf 88' lang='lat' dir='ltr'><strong>m.</strong></span> <span class='ocrx_word' id='word_1_121' title='bbox 1055 1233 1123 1254; x_wconf 83' lang='lat' dir='ltr'><strong>sec.</strong></span> <span class='ocrx_word' id='word_1_122' title='bbox 1138 1225 1232 1254; x_wconf 83' lang='lat' dir='ltr'><strong>Vatt.</strong></span> <span class='ocrx_word' id='word_1_123' title='bbox 1246 1227 1278 1254; x_wconf 89' lang='grc'><strong>4.</strong></span> <span class='ocrx_word' id='word_1_124' title='bbox 1293 1228 1323 1254; x_wconf 85' lang='grc'><strong>5.</strong></span> <span class='ocrx_word' id='word_1_125' title='bbox 1336 1224 1413 1254; x_wconf 82' lang='lat' dir='ltr'><strong>Vat.</strong></span> <span class='ocrx_word' id='word_1_126' title='bbox 1430 1224 1523 1254; x_wconf 86' lang='lat' dir='ltr'><strong>Rom.</strong></span> <span class='ocrx_word' id='word_1_127' title='bbox 1533 1226 1565 1254; x_wconf 83' lang='lat'><strong>6.</strong></span> <span class='ocrx_word' id='word_1_128' title='bbox 1577 1224 1654 1254; x_wconf 83' lang='lat' dir='ltr'><strong>Vat.</strong></span> <span class='ocrx_word' id='word_1_129' title='bbox 1669 1223 1764 1254; x_wconf 84' lang='lat' dir='ltr'><strong>Rom.</strong></span> <span class='ocrx_word' id='word_1_130' title='bbox 1778 1226 1808 1254; x_wconf 88' lang='grc'><strong>9.</strong></span> 
     </span>
     <span class='ocr_line' id='line_1_16' title="bbox 394 1263 1808 1304; baseline 0.002 -13"><span class='ocrx_word' id='word_1_131' title='bbox 394 1271 413 1291; x_wconf 90' lang='lat' dir='ltr'><strong>a</strong></span> <span class='ocrx_word' id='word_1_132' title='bbox 428 1271 470 1292; x_wconf 88' lang='lat' dir='ltr'><strong>m.</strong></span> <span class='ocrx_word' id='word_1_133' title='bbox 487 1271 554 1293; x_wconf 81' lang='lat' dir='ltr'><strong>sec.</strong></span> <span class='ocrx_word' id='word_1_134' title='bbox 571 1263 651 1293; x_wconf 81' lang='lat' dir='ltr'><strong>vat.</strong></span> <span class='ocrx_word' id='word_1_135' title='bbox 669 1263 776 1293; x_wconf 83' lang='lat' dir='ltr'><strong>Palat.</strong></span> <span class='ocrx_word' id='word_1_136' title='bbox 789 1266 819 1293; x_wconf 92' lang='grc'><strong>1.</strong></span> <span class='ocrx_word' id='word_1_137' title='bbox 831 1263 984 1302; x_wconf 83' lang='lat' dir='ltr'><strong>Angelic.</strong></span> <span class='ocrx_word' id='word_1_138' title='bbox 997 1265 1053 1293; x_wconf 86' lang='lat' dir='ltr'><strong>alii</strong></span> <span class='ocrx_word' id='word_1_139' title='bbox 1069 1264 1165 1294; x_wconf 89' lang='lat' dir='ltr'><strong>codd.</strong></span> <span class='ocrx_word' id='word_1_140' title='bbox 1181 1274 1234 1303; x_wconf 88' lang='lat' dir='ltr'><strong>ap.</strong></span> <span class='ocrx_word' id='word_1_141' title='bbox 1252 1265 1361 1294; x_wconf 86' lang='lat' dir='ltr'><strong>Pulm.</strong></span> <span class='ocrx_word' id='word_1_142' title='bbox 1378 1265 1478 1304; x_wconf 90' lang='lat' dir='ltr'><strong>Cruq.</strong></span> <span class='ocrx_word' id='word_1_143' title='bbox 1492 1265 1621 1294; x_wconf 84' lang='lat' dir='ltr'><strong>Talbot.</strong></span> <span class='ocrx_word' id='word_1_144' title='bbox 1635 1264 1808 1295; x_wconf 79' lang='lat' dir='ltr'><strong>Valart.et</strong></span> 
     </span>
     <span class='ocr_line' id='line_1_17' title="bbox 389 1302 1807 1344; baseline 0.003 -13"><span class='ocrx_word' id='word_1_145' title='bbox 389 1302 544 1333; x_wconf 88' lang='lat' dir='ltr'><strong>Oberlin.</strong></span> <span class='ocrx_word' id='word_1_146' title='bbox 565 1303 640 1332; x_wconf 88' lang='lat' dir='ltr'><strong>‘Sic</strong></span> <span class='ocrx_word' id='word_1_147' title='bbox 655 1303 817 1341; x_wconf 84' lang='lat' dir='ltr'><strong>scriptum</strong></span> <span class='ocrx_word' id='word_1_148' title='bbox 840 1305 950 1342; x_wconf 73' lang='lat' dir='ltr'><strong>reperi</strong></span> <span class='ocrx_word' id='word_1_149' title='bbox 973 1304 1006 1333; x_wconf 88' lang='lat' dir='ltr'><strong>iu</strong></span> <span class='ocrx_word' id='word_1_150' title='bbox 1029 1304 1158 1334; x_wconf 87' lang='lat' dir='ltr'><strong>duobus</strong></span> <span class='ocrx_word' id='word_1_151' title='bbox 1174 1305 1317 1335; x_wconf 87' lang='lat' dir='ltr'><strong>codicib.</strong></span> <span class='ocrx_word' id='word_1_152' title='bbox 1341 1305 1540 1344; x_wconf 71' lang='lat' dir='ltr'><strong>manasei-ip.</strong></span> <span class='ocrx_word' id='word_1_153' title='bbox 1557 1314 1622 1335; x_wconf 86' lang='lat' dir='ltr'><strong>uno</strong></span> <span class='ocrx_word' id='word_1_154' title='bbox 1637 1305 1748 1335; x_wconf 78' lang='lat' dir='ltr'><strong>Vutic.</strong></span> <span class='ocrx_word' id='word_1_155' title='bbox 1772 1310 1807 1335; x_wconf 88' lang='lat' dir='ltr'><strong>et</strong></span> 
     </span>
     <span class='ocr_line' id='line_1_18' title="bbox 388 1343 1808 1384; baseline 0.002 -11"><span class='ocrx_word' id='word_1_156' title='bbox 388 1343 489 1374; x_wconf 80' lang='lat' dir='ltr'><strong>Jann.</strong></span> <span class='ocrx_word' id='word_1_157' title='bbox 504 1349 605 1382; x_wconf 84' lang='lat' dir='ltr'><strong>atque</strong></span> <span class='ocrx_word' id='word_1_158' title='bbox 628 1343 710 1374; x_wconf 75' lang='lat' dir='ltr'><strong>hanc</strong></span> <span class='ocrx_word' id='word_1_159' title='bbox 736 1349 816 1383; x_wconf 90' lang='lat' dir='ltr'><strong>puto</strong></span> <span class='ocrx_word' id='word_1_160' title='bbox 833 1349 972 1381; x_wconf 86' lang='lat' dir='ltr'><strong>rectam,</strong></span> <span class='ocrx_word' id='word_1_161' title='bbox 988 1354 1026 1375; x_wconf 87' lang='lat' dir='ltr'><strong>ac</strong></span> <span class='ocrx_word' id='word_1_162' title='bbox 1042 1354 1232 1384; x_wconf 81' lang='lat' dir='ltr'><strong>germanam</strong></span> <span class='ocrx_word' id='word_1_163' title='bbox 1256 1346 1456 1384; x_wconf 80' lang='lat' dir='ltr'><strong>scripturam</strong></span> <span class='ocrx_word' id='word_1_164' title='bbox 1471 1355 1478 1375; x_wconf 74' lang='grc' dir='ltr'><strong>ε</strong></span> <span class='ocrx_word' id='word_1_165' title='bbox 1503 1354 1568 1375; x_wconf 88' lang='lat' dir='ltr'><strong>non</strong></span> <span class='ocrx_word' id='word_1_166' title='bbox 1582 1346 1688 1384; x_wconf 65' lang='lat' dir='ltr'><strong>Jugu,</strong></span> <span class='ocrx_word' id='word_1_167' title='bbox 1703 1351 1741 1377; x_wconf 90' lang='lat' dir='ltr'><strong>ut</strong></span> <span class='ocrx_word' id='word_1_168' title='bbox 1754 1351 1808 1376; x_wconf 92' lang='lat' dir='ltr'><strong>est</strong></span> 
     </span>
     <span class='ocr_line' id='line_1_19' title="bbox 387 1384 1808 1426; baseline 0.003 -13"><span class='ocrx_word' id='word_1_169' title='bbox 387 1384 421 1413; x_wconf 89' lang='lat' dir='ltr'><strong>in</strong></span> <span class='ocrx_word' id='word_1_170' title='bbox 439 1385 593 1423; x_wconf 85' lang='lat' dir='ltr'><strong>vulgatis,</strong></span> <span class='ocrx_word' id='word_1_171' title='bbox 609 1390 643 1414; x_wconf 89' lang='lat' dir='ltr'><strong>et</strong></span> <span class='ocrx_word' id='word_1_172' title='bbox 658 1385 731 1414; x_wconf 86' lang='lat' dir='ltr'><strong>aliis</strong></span> <span class='ocrx_word' id='word_1_173' title='bbox 749 1385 876 1415; x_wconf 82' lang='lat' dir='ltr'><strong>calamo</strong></span> <span class='ocrx_word' id='word_1_174' title='bbox 893 1386 1039 1416; x_wconf 83' lang='lat' dir='ltr'><strong>exaratis</strong></span> <span class='ocrx_word' id='word_1_175' title='bbox 1053 1396 1061 1416; x_wconf 91' lang='lat'><strong>:</strong></span> <span class='ocrx_word' id='word_1_176' title='bbox 1085 1395 1160 1416; x_wconf 86' lang='lat' dir='ltr'><strong>nam</strong></span> <span class='ocrx_word' id='word_1_177' title='bbox 1177 1395 1250 1416; x_wconf 86' lang='lat' dir='ltr'><strong>cum</strong></span> <span class='ocrx_word' id='word_1_178' title='bbox 1265 1387 1441 1425; x_wconf 87' lang='lat' dir='ltr'><strong>perenneis</strong></span> <span class='ocrx_word' id='word_1_179' title='bbox 1458 1390 1576 1426; x_wconf 85' lang='lat' dir='ltr'><strong>puteos</strong></span> <span class='ocrx_word' id='word_1_180' title='bbox 1591 1386 1730 1424; x_wconf 79' lang='lat' dir='ltr'>dixerit,</span> <span class='ocrx_word' id='word_1_181' title='bbox 1755 1396 1808 1417; x_wconf 83' lang='lat' dir='ltr'><strong>su-</strong></span> 
     </span>
     <span class='ocr_line' id='line_1_20' title="bbox 388 1425 1807 1467; baseline 0.002 -12"><span class='ocrx_word' id='word_1_182' title='bbox 388 1434 635 1464; x_wconf 79' lang='lat' dir='ltr'><strong>pervacaneum</strong></span> <span class='ocrx_word' id='word_1_183' title='bbox 652 1426 695 1456; x_wconf 88' lang='lat' dir='ltr'><strong>sit</strong></span> <span class='ocrx_word' id='word_1_184' title='bbox 710 1425 846 1463; x_wconf 80' lang='lat' dir='ltr'><strong>addere,</strong></span> <span class='ocrx_word' id='word_1_185' title='bbox 858 1427 954 1465; x_wconf 72' lang='lat' dir='ltr'><strong>dag-is</strong></span> <span class='ocrx_word' id='word_1_186' title='bbox 967 1437 1054 1466; x_wconf 76' lang='lat' dir='ltr'><strong>aquoe</strong></span> <span class='ocrx_word' id='word_1_187' title='bbox 1065 1436 1076 1456; x_wconf 91' lang='lat'><strong>.·</strong></span> <span class='ocrx_word' id='word_1_188' title='bbox 1098 1427 1363 1467; x_wconf 87' lang='lat' dir='ltr'><strong>quandoquidem</strong></span> <span class='ocrx_word' id='word_1_189' title='bbox 1378 1427 1480 1466; x_wconf 75' lang='lat' dir='ltr'><strong>jugis,</strong></span> <span class='ocrx_word' id='word_1_190' title='bbox 1495 1431 1531 1457; x_wconf 85' lang='lat' dir='ltr'><strong>et</strong></span> <span class='ocrx_word' id='word_1_191' title='bbox 1543 1428 1697 1466; x_wconf 74' lang='lat' dir='ltr'><strong>perennis,</strong></span> <span class='ocrx_word' id='word_1_192' title='bbox 1718 1427 1807 1459; x_wconf 84' lang='lat' dir='ltr'><strong>idem</strong></span> 
     </span>
     <span class='ocr_line' id='line_1_21' title="bbox 385 1467 1809 1509; baseline 0.002 -13"><span class='ocrx_word' id='word_1_193' title='bbox 385 1467 520 1497; x_wconf 86' lang='lat' dir='ltr'><strong>valent:</strong></span> <span class='ocrx_word' id='word_1_194' title='bbox 543 1475 652 1506; x_wconf 87' lang='lat' dir='ltr'><strong>neque</strong></span> <span class='ocrx_word' id='word_1_195' title='bbox 670 1476 749 1497; x_wconf 89' lang='lat' dir='ltr'><strong>vero</strong></span> <span class='ocrx_word' id='word_1_196' title='bbox 765 1473 829 1507; x_wconf 81' lang='lat' dir='ltr'><strong>est,</strong></span> <span class='ocrx_word' id='word_1_197' title='bbox 844 1469 929 1508; x_wconf 87' lang='lat' dir='ltr'><strong>quod</strong></span> <span class='ocrx_word' id='word_1_198' title='bbox 945 1469 1115 1508; x_wconf 82' lang='lat' dir='ltr'><strong>quisquam</strong></span> <span class='ocrx_word' id='word_1_199' title='bbox 1131 1469 1210 1498; x_wconf 86' lang='lat' dir='ltr'><strong>mihi</strong></span> <span class='ocrx_word' id='word_1_200' title='bbox 1226 1469 1330 1509; x_wconf 82' lang='lat' dir='ltr'><strong>dicat,</strong></span> <span class='ocrx_word' id='word_1_201' title='bbox 1347 1478 1466 1508; x_wconf 83' lang='lat' dir='ltr'><strong>aquam</strong></span> <span class='ocrx_word' id='word_1_202' title='bbox 1481 1467 1612 1507; x_wconf 75' lang='grc' dir='ltr'><strong><em>ἄχυμον,</em></strong></span> <span class='ocrx_word' id='word_1_203' title='bbox 1631 1469 1664 1499; x_wconf 86' lang='lat' dir='ltr'><strong>id</strong></span> <span class='ocrx_word' id='word_1_204' title='bbox 1680 1473 1742 1507; x_wconf 81' lang='lat' dir='ltr'><strong>est,</strong></span> <span class='ocrx_word' id='word_1_205' title='bbox 1757 1478 1809 1499; x_wconf 81' lang='lat' dir='ltr'><strong>sa-</strong></span> 
     </span>
     <span class='ocr_line' id='line_1_22' title="bbox 389 1507 1808 1549; baseline 0.003 -13"><span class='ocrx_word' id='word_1_206' title='bbox 389 1507 479 1546; x_wconf 80' lang='lat' dir='ltr'>poris</span> <span class='ocrx_word' id='word_1_207' title='bbox 495 1513 667 1547; x_wconf 80' lang='lat' dir='ltr'><strong>expertem</strong></span> <span class='ocrx_word' id='word_1_208' title='bbox 684 1517 755 1538; x_wconf 83' lang='lat' dir='ltr'><strong>esse</strong></span> <span class='ocrx_word' id='word_1_209' title='bbox 771 1515 940 1548; x_wconf 80' lang='lat' dir='ltr'><strong>oportere,</strong></span> <span class='ocrx_word' id='word_1_210' title='bbox 955 1515 992 1540; x_wconf 88' lang='lat' dir='ltr'><strong>ut</strong></span> <span class='ocrx_word' id='word_1_211' title='bbox 1008 1510 1124 1540; x_wconf 80' lang='lat' dir='ltr'><strong>scribit</strong></span> <span class='ocrx_word' id='word_1_212' title='bbox 1141 1509 1282 1540; x_wconf 82' lang='lat' dir='ltr'><strong>Aristot.</strong></span> <span class='ocrx_word' id='word_1_213' title='bbox 1296 1511 1353 1540; x_wconf 84' lang='lat' dir='ltr'><strong>lib.</strong></span> <span class='ocrx_word' id='word_1_214' title='bbox 1375 1509 1443 1549; x_wconf 79' lang='grc' dir='ltr'>περὶ</span> <span class='ocrx_word' id='word_1_215' title='bbox 1465 1509 1630 1546; x_wconf 79' lang='grc' dir='ltr'><strong><em>αἰσθήσεως</em></strong></span> <span class='ocrx_word' id='word_1_216' title='bbox 1642 1509 1692 1540; x_wconf 77' lang='grc' dir='ltr'><strong>καὶ</strong></span> <span class='ocrx_word' id='word_1_217' title='bbox 1707 1509 1808 1546; x_wconf 74' lang='grc' dir='ltr'><strong><em>αἴσθῃ·</em></strong></span> 
     </span>
     <span class='ocr_line' id='line_1_23' title="bbox 388 1549 1808 1591; baseline 0.002 -13"><span class='ocrx_word' id='word_1_218' title='bbox 388 1549 457 1578; x_wconf 78' lang='grc' dir='ltr'><strong><em>τοῦ·</em></strong></span> <span class='ocrx_word' id='word_1_219' title='bbox 481 1558 546 1579; x_wconf 90' lang='lat' dir='ltr'><strong>non</strong></span> <span class='ocrx_word' id='word_1_220' title='bbox 573 1549 676 1588; x_wconf 84' lang='lat' dir='ltr'><strong>igitur</strong></span> <span class='ocrx_word' id='word_1_221' title='bbox 692 1549 836 1580; x_wconf 82' lang='lat' dir='ltr'><strong>dulcem.</strong></span> <span class='ocrx_word' id='word_1_222' title='bbox 858 1551 999 1590; x_wconf 87' lang='lat' dir='ltr'><strong>primum</strong></span> <span class='ocrx_word' id='word_1_223' title='bbox 1023 1551 1110 1581; x_wconf 88' lang='lat' dir='ltr'><strong>euim</strong></span> <span class='ocrx_word' id='word_1_224' title='bbox 1133 1551 1264 1582; x_wconf 78' lang='lat' dir='ltr'><strong>dulcem</strong></span> <span class='ocrx_word' id='word_1_225' title='bbox 1287 1560 1404 1591; x_wconf 78' lang='lat' dir='ltr'><strong>aquam</strong></span> <span class='ocrx_word' id='word_1_226' title='bbox 1429 1552 1600 1591; x_wconf 86' lang='lat' dir='ltr'><strong>appellant</strong></span> <span class='ocrx_word' id='word_1_227' title='bbox 1626 1551 1749 1588; x_wconf 83' lang='lat' dir='ltr'><strong>Latini,</strong></span> <span class='ocrx_word' id='word_1_228' title='bbox 1773 1557 1808 1581; x_wconf 85' lang='lat' dir='ltr'><strong>et</strong></span> 
     </span>
     <span class='ocr_line' id='line_1_24' title="bbox 387 1588 1809 1632; baseline 0.002 -12"><span class='ocrx_word' id='word_1_229' title='bbox 387 1589 488 1628; x_wconf 73' lang='grc' dir='ltr'>γλυκὺ</span> <span class='ocrx_word' id='word_1_230' title='bbox 504 1588 580 1630; x_wconf 74' lang='grc' dir='ltr'><strong>ῧδωρ</strong></span> <span class='ocrx_word' id='word_1_231' title='bbox 595 1591 720 1628; x_wconf 85' lang='lat' dir='ltr'><strong>Graeci,</strong></span> <span class='ocrx_word' id='word_1_232' title='bbox 736 1601 809 1631; x_wconf 83' lang='lat' dir='ltr'><strong>quae</strong></span> <span class='ocrx_word' id='word_1_233' title='bbox 826 1601 890 1622; x_wconf 91' lang='lat' dir='ltr'><strong>non</strong></span> <span class='ocrx_word' id='word_1_234' title='bbox 905 1597 958 1622; x_wconf 73' lang='lat' dir='ltr'><strong>est</strong></span> <span class='ocrx_word' id='word_1_235' title='bbox 973 1592 1074 1629; x_wconf 87' lang='lat' dir='ltr'><strong>salsa,</strong></span> <span class='ocrx_word' id='word_1_236' title='bbox 1094 1602 1114 1622; x_wconf 89' lang='lat' dir='ltr'><strong>a</strong></span> <span class='ocrx_word' id='word_1_237' title='bbox 1128 1593 1255 1623; x_wconf 72' lang='lat' dir='ltr'><strong>mariun</strong></span> <span class='ocrx_word' id='word_1_238' title='bbox 1282 1593 1412 1623; x_wconf 79' lang='lat' dir='ltr'><strong>scilicet</strong></span> <span class='ocrx_word' id='word_1_239' title='bbox 1427 1593 1682 1632; x_wconf 61' lang='lat' dir='ltr'><strong>distinguentem</strong></span> <span class='ocrx_word' id='word_1_240' title='bbox 1706 1597 1744 1623; x_wconf 86' lang='lat' dir='ltr'><strong>ut</strong></span> <span class='ocrx_word' id='word_1_241' title='bbox 1760 1593 1809 1623; x_wconf 90' lang='grc' dir='ltr'><strong>Μ.</strong></span> 
     </span>
     <span class='ocr_line' id='line_1_25' title="bbox 388 1631 1809 1672; baseline 0.002 -11"><span class='ocrx_word' id='word_1_242' title='bbox 388 1632 479 1662; x_wconf 84' lang='lat' dir='ltr'><strong>Tull.</strong></span> <span class='ocrx_word' id='word_1_243' title='bbox 494 1632 592 1662; x_wconf 80' lang='lat' dir='ltr'><strong>Vei-r·</strong></span> <span class='ocrx_word' id='word_1_244' title='bbox 607 1641 656 1662; x_wconf 90' lang='lat' dir='ltr'><strong>1v.</strong></span> <span class='ocrx_word' id='word_1_245' title='bbox 668 1631 732 1662; x_wconf 60' lang='lat'><strong>583</strong></span> <span class='ocrx_word' id='word_1_246' title='bbox 748 1633 852 1663; x_wconf 79' lang='lat' dir='ltr'><strong>Lamb.</strong></span> <span class='ocrx_word' id='word_1_247' title='bbox 897 1633 951 1664; x_wconf 85' lang='lat' dir='ltr'><strong>Ita</strong></span> <span class='ocrx_word' id='word_1_248' title='bbox 967 1634 1066 1664; x_wconf 81' lang='lat' dir='ltr'><strong>etiam</strong></span> <span class='ocrx_word' id='word_1_249' title='bbox 1082 1643 1166 1664; x_wconf 88' lang='lat' dir='ltr'><strong>unus</strong></span> <span class='ocrx_word' id='word_1_250' title='bbox 1178 1634 1282 1664; x_wconf 72' lang='lat' dir='ltr'><strong>codex</strong></span> <span class='ocrx_word' id='word_1_251' title='bbox 1301 1634 1377 1664; x_wconf 88' lang='lat' dir='ltr'><strong>Aldi</strong></span> <span class='ocrx_word' id='word_1_252' title='bbox 1395 1635 1561 1672; x_wconf 76' lang='lat' dir='ltr'><strong>Manutii3</strong></span> <span class='ocrx_word' id='word_1_253' title='bbox 1582 1635 1591 1651; x_wconf 87' lang='lat'>‘</span> <span class='ocrx_word' id='word_1_254' title='bbox 1604 1634 1749 1665; x_wconf 84' lang='lat' dir='ltr'><strong>restituit</strong></span> <span class='ocrx_word' id='word_1_255' title='bbox 1765 1633 1809 1664; x_wconf 80' lang='lat' dir='ltr'><strong>H.</strong></span> 
     </span>
     <span class='ocr_line' id='line_1_26' title="bbox 388 1672 1810 1716; baseline 0.002 -14"><span class='ocrx_word' id='word_1_256' title='bbox 388 1672 507 1711; x_wconf 82' lang='lat' dir='ltr'><strong>Steph.</strong></span> <span class='ocrx_word' id='word_1_257' title='bbox 525 1673 641 1703; x_wconf 79' lang='lat' dir='ltr'><strong>Lamb.</strong></span> <span class='ocrx_word' id='word_1_258' title='bbox 657 1673 779 1713; x_wconf 81' lang='lat' dir='ltr'><strong>aliique</strong></span> <span class='ocrx_word' id='word_1_259' title='bbox 796 1674 941 1704; x_wconf 77' lang='lat' dir='ltr'><strong>editores</strong></span> <span class='ocrx_word' id='word_1_260' title='bbox 965 1684 1028 1705; x_wconf 90' lang='lat' dir='ltr'><strong>non</strong></span> <span class='ocrx_word' id='word_1_261' title='bbox 1049 1676 1146 1714; x_wconf 83' lang='lat' dir='ltr'><strong>pauci</strong></span> <span class='ocrx_word' id='word_1_262' title='bbox 1160 1684 1263 1714; x_wconf 82' lang='lat' dir='ltr'><strong>usque</strong></span> <span class='ocrx_word' id='word_1_263' title='bbox 1279 1676 1319 1704; x_wconf 82' lang='lat' dir='ltr'><strong>ad</strong></span> <span class='ocrx_word' id='word_1_264' title='bbox 1335 1676 1537 1714; x_wconf 86' lang='lat' dir='ltr'><strong>Bentleium,</strong></span> <span class='ocrx_word' id='word_1_265' title='bbox 1550 1675 1605 1716; x_wconf 84' lang='lat' dir='ltr'><strong>qui</strong></span> <span class='ocrx_word' id='word_1_266' title='bbox 1623 1675 1742 1706; x_wconf 86' lang='lat' dir='ltr'><strong>iterum</strong></span> <span class='ocrx_word' id='word_1_267' title='bbox 1759 1684 1810 1705; x_wconf 87' lang='lat' dir='ltr'><strong>re-</strong></span> 
     </span>
     <span class='ocr_line' id='line_1_27' title="bbox 391 1714 1810 1756; baseline 0.003 -14"><span class='ocrx_word' id='word_1_268' title='bbox 391 1715 525 1744; x_wconf 87' lang='lat' dir='ltr'><strong>vocavit</strong></span> <span class='ocrx_word' id='word_1_269' title='bbox 540 1714 636 1752; x_wconf 77' lang='lat' dir='ltr'><strong>Jugis</strong></span> <span class='ocrx_word' id='word_1_270' title='bbox 647 1715 787 1744; x_wconf 89' lang='lat' dir='ltr'><strong>aliorum</strong></span> <span class='ocrx_word' id='word_1_271' title='bbox 803 1716 886 1745; x_wconf 80' lang='lat' dir='ltr'><strong>Mss.</strong></span> <span class='ocrx_word' id='word_1_272' title='bbox 903 1721 937 1745; x_wconf 86' lang='lat' dir='ltr'><strong>et</strong></span> <span class='ocrx_word' id='word_1_273' title='bbox 960 1716 1142 1752; x_wconf 85' lang='lat' dir='ltr'><strong>editorum;</strong></span> <span class='ocrx_word' id='word_1_274' title='bbox 1167 1717 1223 1746; x_wconf 82' lang='lat' dir='ltr'><strong>sed</strong></span> <span class='ocrx_word' id='word_1_275' title='bbox 1242 1717 1350 1754; x_wconf 76' lang='lat' dir='ltr'><strong>potius</strong></span> <span class='ocrx_word' id='word_1_276' title='bbox 1369 1716 1541 1747; x_wconf 87' lang='lat' dir='ltr'><strong>verborum</strong></span> <span class='ocrx_word' id='word_1_277' title='bbox 1558 1716 1697 1754; x_wconf 87' lang='lat' dir='ltr'><strong>lusibus,</strong></span> <span class='ocrx_word' id='word_1_278' title='bbox 1711 1725 1810 1756; x_wconf 74' lang='lat' dir='ltr'><strong>quam</strong></span> 
     </span>
     <span class='ocr_line' id='line_1_28' title="bbox 390 1755 1812 1797; baseline 0.004 -14"><span class='ocrx_word' id='word_1_279' title='bbox 390 1758 609 1792; x_wconf 77' lang='lat' dir='ltr'><strong>argumentis.</strong></span> <span class='ocrx_word' id='word_1_280' title='bbox 636 1755 712 1785; x_wconf 78' lang='lat' dir='ltr'><strong>Non</strong></span> <span class='ocrx_word' id='word_1_281' title='bbox 728 1757 831 1786; x_wconf 88' lang='lat' dir='ltr'><strong>solum</strong></span> <span class='ocrx_word' id='word_1_282' title='bbox 847 1757 933 1786; x_wconf 87' lang='lat' dir='ltr'><strong>enim</strong></span> <span class='ocrx_word' id='word_1_283' title='bbox 948 1757 1045 1786; x_wconf 64' lang='lat' dir='ltr'><strong>dulcis</strong></span> <span class='ocrx_word' id='word_1_284' title='bbox 1059 1761 1111 1787; x_wconf 83' lang='lat' dir='ltr'><strong>est</strong></span> <span class='ocrx_word' id='word_1_285' title='bbox 1128 1760 1325 1796; x_wconf 89' lang='lat' dir='ltr'><strong>perpetuum</strong></span> <span class='ocrx_word' id='word_1_286' title='bbox 1342 1767 1437 1797; x_wconf 84' lang='lat' dir='ltr'><strong>aquae</strong></span> <span class='ocrx_word' id='word_1_287' title='bbox 1455 1758 1611 1796; x_wconf 82' lang='lat' dir='ltr'><strong>potabilis</strong></span> <span class='ocrx_word' id='word_1_288' title='bbox 1628 1758 1812 1797; x_wconf 80' lang='lat' dir='ltr'><strong>epitheton,</strong></span> 
     </span>
     <span class='ocr_line' id='line_1_29' title="bbox 388 1795 1811 1837; baseline 0.004 -13"><span class='ocrx_word' id='word_1_289' title='bbox 388 1801 426 1825; x_wconf 83' lang='lat' dir='ltr'><strong>ut</strong></span> <span class='ocrx_word' id='word_1_290' title='bbox 445 1795 592 1834; x_wconf 79' lang='lat' dir='ltr'><strong>pluribus</strong></span> <span class='ocrx_word' id='word_1_291' title='bbox 607 1797 728 1825; x_wconf 86' lang='lat' dir='ltr'><strong>asserit</strong></span> <span class='ocrx_word' id='word_1_292' title='bbox 744 1797 941 1833; x_wconf 78' lang='lat' dir='ltr'><strong>Lambinus3</strong></span> <span class='ocrx_word' id='word_1_293' title='bbox 967 1798 1025 1827; x_wconf 80' lang='lat' dir='ltr'><strong>sed</strong></span> <span class='ocrx_word' id='word_1_294' title='bbox 1042 1798 1183 1837; x_wconf 85' lang='lat' dir='ltr'><strong>qualitas</strong></span> <span class='ocrx_word' id='word_1_295' title='bbox 1200 1807 1293 1837; x_wconf 84' lang='lat' dir='ltr'><strong>aquae</strong></span> <span class='ocrx_word' id='word_1_296' title='bbox 1310 1798 1362 1828; x_wconf 80' lang='lat' dir='ltr'><strong>liic</strong></span> <span class='ocrx_word' id='word_1_297' title='bbox 1377 1799 1419 1828; x_wconf 90' lang='lat' dir='ltr'><strong>ab</strong></span> <span class='ocrx_word' id='word_1_298' title='bbox 1433 1799 1576 1829; x_wconf 85' lang='lat' dir='ltr'><strong>Horatio</strong></span> <span class='ocrx_word' id='word_1_299' title='bbox 1591 1807 1655 1829; x_wconf 90' lang='lat' dir='ltr'><strong>non</strong></span> <span class='ocrx_word' id='word_1_300' title='bbox 1671 1803 1744 1829; x_wconf 81' lang='lat' dir='ltr'><strong>erat</strong></span> <span class='ocrx_word' id='word_1_301' title='bbox 1761 1807 1811 1829; x_wconf 87' lang='lat' dir='ltr'><strong>re·</strong></span> 
     </span>
     <span class='ocr_line' id='line_1_30' title="bbox 389 1836 1811 1874; baseline 0.002 -7"><span class='ocrx_word' id='word_1_302' title='bbox 389 1837 542 1874; x_wconf 81' lang='lat' dir='ltr'><strong>ticenda3</strong></span> <span class='ocrx_word' id='word_1_303' title='bbox 567 1836 620 1866; x_wconf 90' lang='lat' dir='ltr'><strong>cui</strong></span> <span class='ocrx_word' id='word_1_304' title='bbox 636 1837 803 1867; x_wconf 82' lang='lat' dir='ltr'><strong>deterrima</strong></span> <span class='ocrx_word' id='word_1_305' title='bbox 818 1837 903 1868; x_wconf 86' lang='lat' dir='ltr'><strong>adeo</strong></span> <span class='ocrx_word' id='word_1_306' title='bbox 919 1838 1026 1869; x_wconf 88' lang='lat' dir='ltr'><strong>invisa</strong></span> <span class='ocrx_word' id='word_1_307' title='bbox 1041 1847 1065 1869; x_wconf 83' lang='lat'><strong>1.</strong></span> <span class='ocrx_word' id='word_1_308' title='bbox 1079 1838 1151 1868; x_wconf 89' lang='lat' dir='ltr'><strong>Sat.</strong></span> <span class='ocrx_word' id='word_1_309' title='bbox 1167 1842 1198 1869; x_wconf 86' lang='lat'><strong>5.</strong></span> <span class='ocrx_word' id='word_1_310' title='bbox 1211 1841 1242 1868; x_wconf 81' lang='lat'><strong>7.</strong></span> <span class='ocrx_word' id='word_1_311' title='bbox 1266 1838 1458 1869; x_wconf 77' lang='lat' dir='ltr'><strong>deterrimae</strong></span> <span class='ocrx_word' id='word_1_312' title='bbox 1474 1846 1584 1870; x_wconf 81' lang='lat' dir='ltr'><strong>autem</strong></span> <span class='ocrx_word' id='word_1_313' title='bbox 1605 1844 1681 1869; x_wconf 82' lang='lat' dir='ltr'><strong>sunt</strong></span> <span class='ocrx_word' id='word_1_314' title='bbox 1698 1848 1811 1870; x_wconf 81' lang='lat' dir='ltr'><strong>earum</strong></span> 
     </span>
     <span class='ocr_line' id='line_1_31' title="bbox 390 1877 1813 1918; baseline 0.004 -12"><span class='ocrx_word' id='word_1_315' title='bbox 390 1877 564 1916; x_wconf 84' lang='lat' dir='ltr'><strong>potoribus</strong></span> <span class='ocrx_word' id='word_1_316' title='bbox 581 1877 613 1906; x_wconf 92' lang='lat' dir='ltr'><strong>in</strong></span> <span class='ocrx_word' id='word_1_317' title='bbox 630 1877 770 1911; x_wconf 86' lang='lat' dir='ltr'><strong>Baiano,</strong></span> <span class='ocrx_word' id='word_1_318' title='bbox 786 1877 990 1916; x_wconf 80' lang='lat' dir='ltr'><strong>Puteolano,</strong></span> <span class='ocrx_word' id='word_1_319' title='bbox 1007 1879 1247 1918; x_wconf 85' lang='lat' dir='ltr'><strong>Neapolitano,</strong></span> <span class='ocrx_word' id='word_1_320' title='bbox 1265 1884 1383 1918; x_wconf 86' lang='lat' dir='ltr'><strong>utpote</strong></span> <span class='ocrx_word' id='word_1_321' title='bbox 1408 1880 1490 1911; x_wconf 91' lang='lat' dir='ltr'><strong>locis</strong></span> <span class='ocrx_word' id='word_1_322' title='bbox 1514 1881 1708 1918; x_wconf 83' lang='lat' dir='ltr'><strong>vulcanicis,</strong></span> <span class='ocrx_word' id='word_1_323' title='bbox 1730 1881 1813 1912; x_wconf 84' lang='lat' dir='ltr'><strong>late-</strong></span> 
     </span>
     <span class='ocr_line' id='line_1_32' title="bbox 390 1916 1813 1960; baseline 0.004 -14"><span class='ocrx_word' id='word_1_324' title='bbox 390 1926 454 1958; x_wconf 86' lang='lat' dir='ltr'><strong>que</strong></span> <span class='ocrx_word' id='word_1_325' title='bbox 470 1917 603 1952; x_wconf 80' lang='lat' dir='ltr'><strong>salibus,</strong></span> <span class='ocrx_word' id='word_1_326' title='bbox 619 1923 653 1947; x_wconf 88' lang='lat' dir='ltr'><strong>et</strong></span> <span class='ocrx_word' id='word_1_327' title='bbox 664 1916 790 1947; x_wconf 87' lang='lat' dir='ltr'><strong>sulfure</strong></span> <span class='ocrx_word' id='word_1_328' title='bbox 806 1919 987 1956; x_wconf 74' lang='lat' dir='ltr'><strong>saturatis3</strong></span> <span class='ocrx_word' id='word_1_329' title='bbox 1003 1924 1039 1949; x_wconf 91' lang='lat' dir='ltr'><strong>ut</strong></span> <span class='ocrx_word' id='word_1_330' title='bbox 1054 1924 1177 1949; x_wconf 88' lang='lat' dir='ltr'><strong>norunt</strong></span> <span class='ocrx_word' id='word_1_331' title='bbox 1188 1929 1312 1953; x_wconf 88' lang='lat' dir='ltr'><strong>omnes,</strong></span> <span class='ocrx_word' id='word_1_332' title='bbox 1325 1920 1443 1959; x_wconf 76' lang='lat' dir='ltr'><strong>etipse</strong></span> <span class='ocrx_word' id='word_1_333' title='bbox 1459 1930 1531 1951; x_wconf 84' lang='lat' dir='ltr'><strong>sum</strong></span> <span class='ocrx_word' id='word_1_334' title='bbox 1543 1921 1726 1960; x_wconf 55' lang='lat' dir='ltr'><strong>expertus?</strong></span> <span class='ocrx_word' id='word_1_335' title='bbox 1737 1921 1813 1952; x_wconf 74' lang='lat' dir='ltr'><strong>Fen.</strong></span> 
     </span>
     <span class='ocr_line' id='line_1_33' title="bbox 389 1958 1811 2002; baseline 0.003 -14"><span class='ocrx_word' id='word_1_336' title='bbox 389 1958 467 1988; x_wconf 88' lang='lat' dir='ltr'><strong>Vid.</strong></span> <span class='ocrx_word' id='word_1_337' title='bbox 485 1958 618 1988; x_wconf 87' lang='lat' dir='ltr'><strong>Vitrnv.</strong></span> <span class='ocrx_word' id='word_1_338' title='bbox 636 1966 717 1988; x_wconf 81' lang='lat' dir='ltr'><strong>viu.</strong></span> <span class='ocrx_word' id='word_1_339' title='bbox 733 1961 764 1988; x_wconf 82' lang='lat'><strong>3.</strong></span> <span class='ocrx_word' id='word_1_340' title='bbox 792 1964 826 1988; x_wconf 90' lang='lat' dir='ltr'><strong>et</strong></span> <span class='ocrx_word' id='word_1_341' title='bbox 843 1959 930 1989; x_wconf 89' lang='lat' dir='ltr'><strong>Plin.</strong></span> <span class='ocrx_word' id='word_1_342' title='bbox 955 1968 1010 1990; x_wconf 78' lang='grc' dir='ltr'><strong>ιιι.</strong></span> <span class='ocrx_word' id='word_1_343' title='bbox 1036 1960 1144 1999; x_wconf 83' lang='lat' dir='ltr'><strong>Epist.</strong></span> <span class='ocrx_word' id='word_1_344' title='bbox 1158 1963 1207 1991; x_wconf 88' lang='grc'><strong>17.</strong></span> <span class='ocrx_word' id='word_1_345' title='bbox 1242 1960 1429 1991; x_wconf 87' lang='lat' dir='ltr'><strong>Bentleium</strong></span> <span class='ocrx_word' id='word_1_346' title='bbox 1454 1967 1638 2001; x_wconf 83' lang='lat' dir='ltr'><strong>sequuntur</strong></span> <span class='ocrx_word' id='word_1_347' title='bbox 1659 1962 1747 2002; x_wconf 82' lang='lat' dir='ltr'><strong>Traj.</strong></span> <span class='ocrx_word' id='word_1_348' title='bbox 1768 1963 1811 1992; x_wconf 84' lang='lat' dir='ltr'><strong>ad</strong></span> 
     </span>
     <span class='ocr_line' id='line_1_34' title="bbox 390 1998 1814 2039; baseline 0.004 -10"><span class='ocrx_word' id='word_1_349' title='bbox 390 1998 498 2029; x_wconf 82' lang='lat' dir='ltr'><strong>Rhen.</strong></span> <span class='ocrx_word' id='word_1_350' title='bbox 515 2001 609 2030; x_wconf 75' lang='lat'><strong>1⁷13.</strong></span> <span class='ocrx_word' id='word_1_351' title='bbox 631 1999 731 2029; x_wconf 86' lang='lat' dir='ltr'><strong>Baxt.</strong></span> <span class='ocrx_word' id='word_1_352' title='bbox 747 1999 890 2039; x_wconf 88' lang='lat' dir='ltr'><strong>Cuning.</strong></span> <span class='ocrx_word' id='word_1_353' title='bbox 913 1999 1016 2031; x_wconf 82' lang='lat' dir='ltr'><strong>Gesn.</strong></span> <span class='ocrx_word' id='word_1_354' title='bbox 1043 2001 1198 2032; x_wconf 86' lang='lat' dir='ltr'><strong>Oberlin.</strong></span> <span class='ocrx_word' id='word_1_355' title='bbox 1222 2001 1336 2031; x_wconf 78' lang='lat' dir='ltr'><strong>Comb.</strong></span> <span class='ocrx_word' id='word_1_356' title='bbox 1362 2001 1496 2032; x_wconf 85' lang='lat' dir='ltr'><strong>Wakef.</strong></span> <span class='ocrx_word' id='word_1_357' title='bbox 1518 2003 1623 2034; x_wconf 85' lang='lat' dir='ltr'><strong>Zeun.</strong></span> <span class='ocrx_word' id='word_1_358' title='bbox 1649 2001 1754 2033; x_wconf 83' lang='lat' dir='ltr'><strong>Kidd.</strong></span> <span class='ocrx_word' id='word_1_359' title='bbox 1777 2007 1814 2034; x_wconf 85' lang='lat' dir='ltr'><strong>et</strong></span> 
     </span>
     <span class='ocr_line' id='line_1_35' title="bbox 390 2040 1811 2083; baseline 0.004 -13"><span class='ocrx_word' id='word_1_360' title='bbox 390 2040 627 2078; x_wconf 78' lang='lat' dir='ltr'><strong>Doering.—1⁷</strong></span> <span class='ocrx_word' id='word_1_361' title='bbox 651 2040 730 2071; x_wconf 86' lang='lat' dir='ltr'><strong>Vat.</strong></span> <span class='ocrx_word' id='word_1_362' title='bbox 745 2044 773 2071; x_wconf 90' lang='lat' dir='ltr'><strong>l.</strong></span> <span class='ocrx_word' id='word_1_363' title='bbox 788 2040 908 2079; x_wconf 80' lang='lat' dir='ltr'><strong>quidvis</strong></span> <span class='ocrx_word' id='word_1_364' title='bbox 921 2041 1063 2081; x_wconf 72' lang='lat' dir='ltr'><strong>sufflrre.</strong></span> <span class='ocrx_word' id='word_1_365' title='bbox 1106 2042 1182 2072; x_wconf 77' lang='lat' dir='ltr'><strong>Nic.</strong></span> <span class='ocrx_word' id='word_1_366' title='bbox 1210 2042 1369 2072; x_wconf 81' lang='lat' dir='ltr'><strong>Heinsius</strong></span> <span class='ocrx_word' id='word_1_367' title='bbox 1393 2042 1480 2073; x_wconf 82' lang='lat' dir='ltr'><strong>Adv.</strong></span> <span class='ocrx_word' id='word_1_368' title='bbox 1499 2051 1554 2074; x_wconf 84' lang='lat'><strong>111.</strong></span> <span class='ocrx_word' id='word_1_369' title='bbox 1573 2046 1621 2074; x_wconf 80' lang='grc'><strong>13.</strong></span> <span class='ocrx_word' id='word_1_370' title='bbox 1646 2053 1721 2083; x_wconf 75' lang='lat' dir='ltr'><strong>pag.</strong></span> <span class='ocrx_word' id='word_1_371' title='bbox 1736 2046 1811 2075; x_wconf 79' lang='grc'><strong>493.</strong></span> 
     </span>
     <span class='ocr_line' id='line_1_36' title="bbox 392 2081 1813 2123; baseline 0.004 -12"><span class='ocrx_word' id='word_1_372' title='bbox 392 2081 481 2120; x_wconf 88' lang='lat' dir='ltr'><strong>conj.</strong></span> <span class='ocrx_word' id='word_1_373' title='bbox 499 2081 644 2120; x_wconf 77' lang='lat' dir='ltr'><strong>quodvis.-</strong></span> <span class='ocrx_word' id='word_1_374' title='bbox 666 2082 842 2120; x_wconf 83' lang='lat' dir='ltr'><strong>adoptavit</strong></span> <span class='ocrx_word' id='word_1_375' title='bbox 857 2083 999 2121; x_wconf 86' lang='lat' dir='ltr'><strong>Cuniug.</strong></span> <span class='ocrx_word' id='word_1_376' title='bbox 1015 2082 1137 2114; x_wconf 72' lang='lat' dir='ltr'><strong>refutat</strong></span> <span class='ocrx_word' id='word_1_377' title='bbox 1154 2084 1264 2114; x_wconf 90' lang='lat' dir='ltr'><strong>Bentl.</strong></span> <span class='ocrx_word' id='word_1_378' title='bbox 1288 2093 1421 2123; x_wconf 80' lang='lat' dir='ltr'><strong>possem.</strong></span> <span class='ocrx_word' id='word_1_379' title='bbox 1436 2085 1572 2123; x_wconf 79' lang='lat' dir='ltr'><strong>..pative</strong></span> <span class='ocrx_word' id='word_1_380' title='bbox 1585 2085 1813 2116; x_wconf 85' lang='lat' dir='ltr'><strong>Schoenborn.</strong></span> 
     </span>
     <span class='ocr_line' id='line_1_37' title="bbox 391 2122 1812 2163; baseline 0.004 -11"><span class='ocrx_word' id='word_1_381' title='bbox 391 2124 510 2153; x_wconf 80' lang='grc'><strong>3.-18</strong></span> <span class='ocrx_word' id='word_1_382' title='bbox 531 2122 757 2153; x_wconf 86' lang='lat' dir='ltr'><strong>Schoenborn.</strong></span> <span class='ocrx_word' id='word_1_383' title='bbox 772 2125 802 2152; x_wconf 85' lang='lat'><strong>2.</strong></span> <span class='ocrx_word' id='word_1_384' title='bbox 814 2125 845 2153; x_wconf 84' lang='lat'><strong>3.</strong></span> <span class='ocrx_word' id='word_1_385' title='bbox 870 2124 966 2154; x_wconf 85' lang='lat' dir='ltr'><strong>Harl.</strong></span> <span class='ocrx_word' id='word_1_386' title='bbox 982 2127 1014 2154; x_wconf 83' lang='lat'><strong>6.</strong></span> <span class='ocrx_word' id='word_1_387' title='bbox 1030 2124 1152 2163; x_wconf 87' lang='lat' dir='ltr'><strong>aliique</strong></span> <span class='ocrx_word' id='word_1_388' title='bbox 1168 2134 1222 2163; x_wconf 74' lang='lat' dir='ltr'><strong>up.</strong></span> <span class='ocrx_word' id='word_1_389' title='bbox 1238 2125 1366 2155; x_wconf 83' lang='lat' dir='ltr'><strong>Valart.</strong></span> <span class='ocrx_word' id='word_1_390' title='bbox 1381 2135 1448 2155; x_wconf 82' lang='lat' dir='ltr'><strong>cum</strong></span> <span class='ocrx_word' id='word_1_391' title='bbox 1463 2128 1646 2157; x_wconf 58' lang='lat' dir='ltr'><strong>veum—»20</strong></span> <span class='ocrx_word' id='word_1_392' title='bbox 1669 2126 1812 2158; x_wconf 75' lang='lat' dir='ltr'><strong>cuisian.</strong></span> 
     </span>
     <span class='ocr_line' id='line_1_38' title="bbox 390 2163 1811 2203; baseline 0.004 -10"><span class='ocrx_word' id='word_1_393' title='bbox 390 2166 423 2193; x_wconf 86' lang='lat'><strong>5.</strong></span> <span class='ocrx_word' id='word_1_394' title='bbox 438 2163 595 2203; x_wconf 81' lang='lat' dir='ltr'><strong>animoque</strong></span> <span class='ocrx_word' id='word_1_395' title='bbox 610 2173 683 2194; x_wconf 89' lang='lat' dir='ltr'><strong>meo.</strong></span> <span class='ocrx_word' id='word_1_396' title='bbox 730 2165 807 2194; x_wconf 88' lang='lat' dir='ltr'><strong>Vat.</strong></span> <span class='ocrx_word' id='word_1_397' title='bbox 825 2166 874 2195; x_wconf 91' lang='grc'><strong>14.</strong></span> <span class='ocrx_word' id='word_1_398' title='bbox 898 2174 973 2195; x_wconf 90' lang='lat' dir='ltr'><strong>cum</strong></span> <span class='ocrx_word' id='word_1_399' title='bbox 989 2165 1066 2196; x_wconf 86' lang='lat' dir='ltr'><strong>edd.</strong></span> <span class='ocrx_word' id='word_1_400' title='bbox 1083 2166 1220 2196; x_wconf 80' lang='lat' dir='ltr'><strong>Mediol.</strong></span> <span class='ocrx_word' id='word_1_401' title='bbox 1237 2168 1330 2196; x_wconf 85' lang='grc'><strong>1470.</strong></span> <span class='ocrx_word' id='word_1_402' title='bbox 1353 2167 1500 2197; x_wconf 81' lang='lat' dir='ltr'><strong>Florem.</strong></span> <span class='ocrx_word' id='word_1_403' title='bbox 1518 2169 1610 2198; x_wconf 89' lang='grc'><strong>1482.</strong></span> <span class='ocrx_word' id='word_1_404' title='bbox 1633 2173 1667 2198; x_wconf 89' lang='lat' dir='ltr'><strong>et</strong></span> <span class='ocrx_word' id='word_1_405' title='bbox 1688 2167 1811 2198; x_wconf 81' lang='lat' dir='ltr'><strong>Venet.</strong></span> 
     </span>
     <span class='ocr_line' id='line_1_39' title="bbox 394 2205 1809 2248; baseline 0.004 -14"><span class='ocrx_word' id='word_1_406' title='bbox 394 2206 486 2234; x_wconf 77' lang='lat'><strong>1483.</strong></span> <span class='ocrx_word' id='word_1_407' title='bbox 512 2205 766 2235; x_wconf 77' lang='lat' dir='ltr'><strong>ministrat.—2l</strong></span> <span class='ocrx_word' id='word_1_408' title='bbox 791 2206 870 2235; x_wconf 87' lang='lat' dir='ltr'><strong>Vat.</strong></span> <span class='ocrx_word' id='word_1_409' title='bbox 887 2208 936 2235; x_wconf 83' lang='grc'><strong>12.</strong></span> <span class='ocrx_word' id='word_1_410' title='bbox 963 2216 982 2236; x_wconf 89' lang='lat' dir='ltr'><strong>a</strong></span> <span class='ocrx_word' id='word_1_411' title='bbox 998 2216 1040 2235; x_wconf 87' lang='lat' dir='ltr'><strong>m.</strong></span> <span class='ocrx_word' id='word_1_412' title='bbox 1058 2216 1108 2246; x_wconf 90' lang='lat' dir='ltr'><strong>pr.</strong></span> <span class='ocrx_word' id='word_1_413' title='bbox 1123 2207 1202 2237; x_wconf 84' lang='lat' dir='ltr'><strong>Vat.</strong></span> <span class='ocrx_word' id='word_1_414' title='bbox 1227 2207 1317 2237; x_wconf 82' lang='lat' dir='ltr'><strong>Rom.</strong></span> <span class='ocrx_word' id='word_1_415' title='bbox 1332 2210 1364 2238; x_wconf 86' lang='grc'><strong>4.</strong></span> <span class='ocrx_word' id='word_1_416' title='bbox 1391 2217 1409 2237; x_wconf 81' lang='lat' dir='ltr'><strong>a</strong></span> <span class='ocrx_word' id='word_1_417' title='bbox 1426 2217 1468 2237; x_wconf 86' lang='lat' dir='ltr'><strong>m.</strong></span> <span class='ocrx_word' id='word_1_418' title='bbox 1491 2218 1540 2248; x_wconf 89' lang='lat' dir='ltr'><strong>pr.</strong></span> <span class='ocrx_word' id='word_1_419' title='bbox 1566 2209 1642 2239; x_wconf 86' lang='lat' dir='ltr'><strong>Vat.</strong></span> <span class='ocrx_word' id='word_1_420' title='bbox 1669 2208 1763 2239; x_wconf 85' lang='lat' dir='ltr'><strong>Rom.</strong></span> <span class='ocrx_word' id='word_1_421' title='bbox 1779 2212 1809 2239; x_wconf 85' lang='lat'><strong>5.</strong></span> 
     </span>
     <span class='ocr_line' id='line_1_40' title="bbox 392 2245 1810 2289; baseline 0.003 -13"><span class='ocrx_word' id='word_1_422' title='bbox 392 2245 538 2276; x_wconf 84' lang='lat' dir='ltr'><strong>Chisian.</strong></span> <span class='ocrx_word' id='word_1_423' title='bbox 558 2249 585 2277; x_wconf 90' lang='grc'><strong>1.</strong></span> <span class='ocrx_word' id='word_1_424' title='bbox 612 2250 648 2276; x_wconf 86' lang='lat' dir='ltr'><strong>et</strong></span> <span class='ocrx_word' id='word_1_425' title='bbox 667 2246 844 2276; x_wconf 87' lang='lat' dir='ltr'><strong>Barberin.</strong></span> <span class='ocrx_word' id='word_1_426' title='bbox 859 2249 1140 2279; x_wconf 55' lang='lat' dir='ltr'><strong>commendam—22</strong></span> <span class='ocrx_word' id='word_1_427' title='bbox 1166 2248 1294 2278; x_wconf 77' lang='lat' dir='ltr'><strong>Tractus</strong></span> <span class='ocrx_word' id='word_1_428' title='bbox 1315 2252 1383 2279; x_wconf 74' lang='lat' dir='ltr'><strong>uter</strong></span> <span class='ocrx_word' id='word_1_429' title='bbox 1408 2250 1521 2289; x_wconf 82' lang='lat' dir='ltr'><strong>lepores</strong></span> <span class='ocrx_word' id='word_1_430' title='bbox 1543 2249 1646 2289; x_wconf 80' lang='lat' dir='ltr'><strong>plures</strong></span> <span class='ocrx_word' id='word_1_431' title='bbox 1664 2250 1810 2280; x_wconf 85' lang='lat' dir='ltr'><strong>Schoen-</strong></span> 
     </span>
    </p>
   </div>
   <div class='ocr_carea' id='block_1_6' title="bbox 390 2413 1811 2742">
    <p class='ocr_par' dir='ltr' id='par_1_11' title="bbox 390 2413 1810 2495">
     <span class='ocr_line' id='line_1_41' title="bbox 433 2413 1810 2459; baseline 0.007 -17"><span class='ocrx_word' id='word_1_432' title='bbox 433 2415 472 2443; x_wconf 89' lang='grc'><strong>18</strong></span> <span class='ocrx_word' id='word_1_433' title='bbox 496 2413 546 2443; x_wconf 70' lang='lat' dir='ltr'><strong>Aa</strong></span> <span class='ocrx_word' id='word_1_434' title='bbox 568 2422 651 2443; x_wconf 80' lang='lat' dir='ltr'><strong>mare</strong></span> <span class='ocrx_word' id='word_1_435' title='bbox 673 2423 740 2443; x_wconf 86' lang='lat' dir='ltr'><strong>cum</strong></span> <span class='ocrx_word' id='word_1_436' title='bbox 759 2415 842 2454; x_wconf 85' lang='lat' dir='ltr'><strong>veni]</strong></span> <span class='ocrx_word' id='word_1_437' title='bbox 865 2414 916 2444; x_wconf 91' lang='lat' dir='ltr'><strong>Ad</strong></span> <span class='ocrx_word' id='word_1_438' title='bbox 933 2415 1074 2456; x_wconf 82' lang='lat' dir='ltr'><strong>aliquam</strong></span> <span class='ocrx_word' id='word_1_439' title='bbox 1128 2416 1202 2455; x_wconf 88' lang='lat' dir='ltr'><strong>pist.</strong></span> <span class='ocrx_word' id='word_1_440' title='bbox 1219 2419 1250 2445; x_wconf 86' lang='lat'><strong>5.</strong></span> <span class='ocrx_word' id='word_1_441' title='bbox 1275 2420 1283 2432; x_wconf 93' lang='lat'>‘</span> <span class='ocrx_word' id='word_1_442' title='bbox 1300 2416 1460 2447; x_wconf 85' lang='lat' dir='ltr'><strong>Foecuudi</strong></span> <span class='ocrx_word' id='word_1_443' title='bbox 1480 2418 1602 2449; x_wconf 79' lang='lat' dir='ltr'><strong>calices</strong></span> <span class='ocrx_word' id='word_1_444' title='bbox 1623 2428 1722 2459; x_wconf 87' lang='lat' dir='ltr'><strong>quem</strong></span> <span class='ocrx_word' id='word_1_445' title='bbox 1745 2429 1810 2451; x_wconf 87' lang='lat' dir='ltr'><strong>non</strong></span> 
     </span>
     <span class='ocr_line' id='line_1_42' title="bbox 390 2461 1455 2495; baseline 0.004 -4"><span class='ocrx_word' id='word_1_446' title='bbox 390 2461 504 2491; x_wconf 89' lang='lat' dir='ltr'><strong>urbem</strong></span> <span class='ocrx_word' id='word_1_447' title='bbox 521 2461 732 2492; x_wconf 81' lang='lat' dir='ltr'><strong>maritimam.</strong></span> <span class='ocrx_word' id='word_1_448' title='bbox 1126 2462 1241 2494; x_wconf 85' lang='lat' dir='ltr'><strong>fecere</strong></span> <span class='ocrx_word' id='word_1_449' title='bbox 1257 2464 1416 2495; x_wconf 87' lang='lat' dir='ltr'><strong>disertum</strong></span> <span class='ocrx_word' id='word_1_450' title='bbox 1429 2466 1455 2495; x_wconf 88' lang='lat'><strong>?&#39;</strong></span> 
     </span>
    </p>

    <p class='ocr_par' dir='ltr' id='par_1_12' title="bbox 396 2509 1811 2604">
     <span class='ocr_line' id='line_1_43' title="bbox 434 2509 1810 2555; baseline 0.007 -17"><span class='ocrx_word' id='word_1_451' title='bbox 434 2511 473 2539; x_wconf 89' lang='grc'><strong>19</strong></span> <span class='ocrx_word' id='word_1_452' title='bbox 498 2509 587 2543; x_wconf 74' lang='lat' dir='ltr'><strong>Quod</strong></span> <span class='ocrx_word' id='word_1_453' title='bbox 608 2519 698 2540; x_wconf 81' lang='lat' dir='ltr'><strong>curas</strong></span> <span class='ocrx_word' id='word_1_454' title='bbox 717 2509 834 2550; x_wconf 71' lang='lat' dir='ltr'><strong>abigat,</strong></span> <span class='ocrx_word' id='word_1_455' title='bbox 853 2510 921 2552; x_wconf 58' lang='grc' dir='ltr'><strong>εμπ]</strong></span> <span class='ocrx_word' id='word_1_456' title='bbox 947 2511 1032 2542; x_wconf 91' lang='lat' dir='ltr'><strong>Vide</strong></span> <span class='ocrx_word' id='word_1_457' title='bbox 1049 2521 1073 2542; x_wconf 82' lang='grc' dir='ltr'><strong>ι.</strong></span> <span class='ocrx_word' id='word_1_458' title='bbox 1169 2516 1206 2543; x_wconf 91' lang='grc'><strong>21</strong></span> <span class='ocrx_word' id='word_1_459' title='bbox 1232 2514 1425 2545; x_wconf 74' lang='lat' dir='ltr'><strong>Commendet</strong></span> <span class='ocrx_word' id='word_1_460' title='bbox 1446 2515 1565 2555; x_wconf 70' lang='lat' dir='ltr'><strong>amica]</strong></span> <span class='ocrx_word' id='word_1_461' title='bbox 1600 2515 1748 2547; x_wconf 79' lang='lat' dir='ltr'><strong>Hilarem</strong></span> <span class='ocrx_word' id='word_1_462' title='bbox 1773 2521 1810 2547; x_wconf 84' lang='lat' dir='ltr'><strong>et</strong></span> 
     </span>
     <span class='ocr_line' id='line_1_44' title="bbox 396 2557 1811 2604; baseline 0.006 -17"><span class='ocrx_word' id='word_1_463' title='bbox 396 2557 462 2588; x_wconf 87' lang='lat' dir='ltr'><strong>Od.</strong></span> <span class='ocrx_word' id='word_1_464' title='bbox 482 2561 529 2588; x_wconf 88' lang='grc'><strong>18.</strong></span> <span class='ocrx_word' id='word_1_465' title='bbox 545 2560 608 2588; x_wconf 67' lang='grc' dir='ltr'><strong>διο.</strong></span> <span class='ocrx_word' id='word_1_466' title='bbox 1126 2560 1272 2592; x_wconf 80' lang='lat' dir='ltr'><strong>facetum</strong></span> <span class='ocrx_word' id='word_1_467' title='bbox 1291 2566 1495 2602; x_wconf 80' lang='lat' dir='ltr'><strong>praestando.</strong></span> <span class='ocrx_word' id='word_1_468' title='bbox 1529 2563 1648 2604; x_wconf 82' lang='lat' dir='ltr'><strong>Apage</strong></span> <span class='ocrx_word' id='word_1_469' title='bbox 1661 2564 1738 2596; x_wconf 85' lang='lat' dir='ltr'><strong>hinc</strong></span> <span class='ocrx_word' id='word_1_470' title='bbox 1753 2565 1811 2595; x_wconf 80' lang='lat' dir='ltr'><strong>ali-</strong></span> 
     </span>
    </p>

    <p class='ocr_par' dir='ltr' id='par_1_13' title="bbox 393 2607 1809 2742">
     <span class='ocr_line' id='line_1_45' title="bbox 434 2607 1518 2652; baseline 0.006 -16"><span class='ocrx_word' id='word_1_471' title='bbox 434 2608 475 2636; x_wconf 86' lang='lat'><strong>20</strong></span> <span class='ocrx_word' id='word_1_472' title='bbox 498 2607 714 2646; x_wconf 81' lang='lat' dir='ltr'><strong>Animumque]</strong></span> <span class='ocrx_word' id='word_1_473' title='bbox 735 2607 814 2638; x_wconf 87' lang='lat' dir='ltr'><strong>Vini</strong></span> <span class='ocrx_word' id='word_1_474' title='bbox 828 2608 918 2638; x_wconf 88' lang='lat' dir='ltr'><strong>calor</strong></span> <span class='ocrx_word' id='word_1_475' title='bbox 938 2609 1074 2652; x_wconf 75' lang='lat' dir='ltr'><strong>spiritus</strong></span> <span class='ocrx_word' id='word_1_476' title='bbox 1126 2620 1177 2640; x_wconf 84' lang='lat' dir='ltr'><strong>am</strong></span> <span class='ocrx_word' id='word_1_477' title='bbox 1194 2612 1518 2650; x_wconf 84' lang='lat' dir='ltr'><strong>interpretationem.</strong></span> 
     </span>
     <span class='ocr_line' id='line_1_46' title="bbox 393 2653 1809 2702; baseline 0.008 -19"><span class='ocrx_word' id='word_1_478' title='bbox 393 2653 512 2684; x_wconf 82' lang='lat' dir='ltr'><strong>vitales</strong></span> <span class='ocrx_word' id='word_1_479' title='bbox 536 2657 662 2686; x_wconf 80' lang='lat' dir='ltr'><strong>excitat</strong></span> <span class='ocrx_word' id='word_1_480' title='bbox 688 2657 915 2700; x_wconf 84' lang='lat' dir='ltr'><strong>accenditque,</strong></span> <span class='ocrx_word' id='word_1_481' title='bbox 930 2659 1074 2700; x_wconf 84' lang='lat' dir='ltr'><strong>hincque</strong></span> <span class='ocrx_word' id='word_1_482' title='bbox 1168 2663 1209 2690; x_wconf 84' lang='grc'><strong>22</strong></span> <span class='ocrx_word' id='word_1_483' title='bbox 1233 2660 1361 2691; x_wconf 71' lang='lat' dir='ltr'><strong>Tractus</strong></span> <span class='ocrx_word' id='word_1_484' title='bbox 1377 2660 1459 2700; x_wconf 69' lang='lat' dir='ltr'><strong>uter]</strong></span> <span class='ocrx_word' id='word_1_485' title='bbox 1482 2661 1632 2702; x_wconf 76' lang='lat' dir='ltr'><strong>Velinus,</strong></span> <span class='ocrx_word' id='word_1_486' title='bbox 1646 2671 1686 2693; x_wconf 79' lang='lat' dir='ltr'><strong>an</strong></span> <span class='ocrx_word' id='word_1_487' title='bbox 1701 2662 1809 2694; x_wconf 69' lang='lat' dir='ltr'><strong>Saler-</strong></span> 
     </span>
     <span class='ocr_line' id='line_1_47' title="bbox 394 2702 1231 2742; baseline 0.011 -11"><span class='ocrx_word' id='word_1_488' title='bbox 394 2702 537 2733; x_wconf 80' lang='lat' dir='ltr'><strong>animum</strong></span> <span class='ocrx_word' id='word_1_489' title='bbox 554 2704 689 2742; x_wconf 78' lang='lat' dir='ltr'><strong>pariter.</strong></span> <span class='ocrx_word' id='word_1_490' title='bbox 1126 2709 1231 2741; x_wconf 82' lang='lat' dir='ltr'><strong>ninus.</strong></span> 
     </span>
    </p>
   </div>
   <div class='ocr_carea' id='block_1_7' title="bbox 436 2750 1072 2792">
    <p class='ocr_par' dir='ltr' id='par_1_14' title="bbox 436 2750 1072 2792">
     <span class='ocr_line' id='line_1_48' title="bbox 436 2750 1072 2792; baseline 0.014 -13"><span class='ocrx_word' id='word_1_491' title='bbox 436 2750 527 2784; x_wconf 75' lang='lat' dir='ltr'><strong>Quod</strong></span> <span class='ocrx_word' id='word_1_492' title='bbox 549 2751 637 2781; x_wconf 81' lang='lat' dir='ltr'><strong>verba</strong></span> <span class='ocrx_word' id='word_1_493' title='bbox 659 2752 828 2792; x_wconf 68' lang='lat' dir='ltr'><strong>ministret]</strong></span> <span class='ocrx_word' id='word_1_494' title='bbox 853 2754 976 2786; x_wconf 86' lang='lat' dir='ltr'><strong>Noster</strong></span> <span class='ocrx_word' id='word_1_495' title='bbox 990 2764 1013 2787; x_wconf 85' lang='lat'><strong>1.</strong></span> <span class='ocrx_word' id='word_1_496' title='bbox 1029 2756 1072 2787; x_wconf 91' lang='lat' dir='ltr'><strong>E-</strong></span> 
     </span>
    </p>
   </div>
  </div>
 </body>
</html>
