1930 3204
515 286 727 318 HonATu
761 284 1041 316 snnMONUM
1077 275 1310 315 Luhi.4.

182 383 259 416 Nec
283 381 373 414 scire
395 383 508 412 utrum
536 379 582 413 sis
606 385 694 419 ater,
718 386 762 408 an
785 375 882 409 albus

181 430 305 471 bomo-³
347 431 411 463 Illa
427 439 508 463 vero
523 430 728 472 Pythagorae
744 430 883 459 senten-

182 483 232 516 tia
242 482 322 514 hnic
336 482 414 514 loco
427 480 535 521 magis
549 477 720 515 convenit,
734 477 882 509 colorem

182 531 366 566 candidum
381 529 424 562 ad
443 533 600 561 naturam
615 527 693 560 boni
713 531 884 568 spectare,

181 586 296 614 atram
315 580 360 613 ad
375 579 514 613 malum.
546 579 689 611 Torreat.
743 577 811 608 Hic
833 578 882 608 m·-

180 641 241 671 ga·
261 629 326 672 ut]
346 629 416 663 Hic
436 633 491 662 est
508 627 718 670 perniciosus
741 630 778 658 et
797 625 883 658 infe-

182 681 245 714 lix.

227 733 271 763 86
291 730 397 762 Lectis
412 730 516 762 videas
526 726 661 768 mare]
683 726 800 759 Lectis
814 726 883 758 dis-

184 779 374 814 cubitoriis.
405 776 598 817 Quaternos]
617 776 812 808 Notandum
826 776 883 807 tri-

183 829 335 869 clinium,
364 828 454 870 quod
483 828 592 869 ipsum
621 826 716 858 verbi
745 830 884 866 etymon

183 879 346 918 ostendit,
370 883 440 910 tres
466 877 540 910 fere
567 878 727 910 habuisse
753 877 884 915 lectos;

183 939 267 971 quos
297 929 339 960 ad
371 929 616 961 cubicularium
643 927 887 967 differentiam,

180 978 462 1011 ‘discubitorios'
482 977 726 1019 appellabant:
761 977 796 1008 in
819 977 886 1008 sin-

184 1030 270 1070 gulis
285 1039 364 1062 vero
380 1030 482 1063 lectis
508 1029 651 1061 totidem
675 1029 809 1061 culcitis
831 1039 884 1061 ac—

185 1079 344 1112 cubuisse
373 1081 531 1113 convivas
557 1084 643 1112 tres.
701 1081 747 1112 Et
775 1080 887 1112 medio

186 1130 323 1172 quidem
341 1131 540 1172 plerumque
556 1131 596 1170 is,
612 1130 669 1172 qui
684 1130 808 1162 ceteris
819 1140 887 1162 om-

185 1180 285 1212 nibus
308 1181 506 1212 honoratior
529 1184 616 1220 erat,
641 1181 730 1212 solus
754 1190 887 1212 accum-

186 1231 313 1264 bebat:
336 1231 426 1264 unde
442 1231 508 1263 dici
525 1232 610 1263 solet
626 1236 757 1272 septem
773 1230 889 1263 facere

187 1282 392 1314 convivium.
429 1282 590 1313 Pluribus
607 1285 719 1313 tamen
735 1282 790 1313 vel
806 1282 889 1313 invi-

187 1332 284 1372 tatis,
308 1332 362 1364 vel
385 1337 506 1373 sponte
527 1331 800 1371 advenientibus,
826 1341 888 1372 pro

186 1381 417 1413 convivatoris
444 1380 598 1420 arbitrio,
626 1381 798 1422 quaterni,
822 1390 888 1422 quo

186 1430 261 1472 ipse
276 1431 381 1463 vellet
403 1430 507 1467 lecto,
523 1429 683 1461 collocari
709 1433 888 1470 poterant3

187 1484 226 1512 et
260 1480 352 1522 qnod
387 1479 654 1512 sordidissimum
684 1479 888 1520 habebatur,

187 1529 309 1570 stipari
323 1530 427 1562 etiam
443 1531 539 1571 quini
562 1535 622 1561 aut
643 1529 769 1570 plures.
814 1529 888 1562 Ho-

185 1579 292 1612 ratius
320 1579 437 1622 itaque
467 1580 519 1611 vel
549 1579 585 1610 in
611 1577 888 1621 frequentissimo

185 1629 353 1670 convivio,
383 1639 449 1672 quo
485 1629 641 1670 quaterni
673 1630 890 1671 accumbant,

185 1679 335 1712 existere
351 1689 444 1721 saepe
461 1680 606 1720 aliquem
624 1681 684 1719 ait,
707 1679 764 1721 qni
787 1679 889 1712 dictis

183 1730 256 1762 suis
282 1739 400 1762 omnes
423 1729 572 1764 vellicet,
595 1738 659 1760 nec
681 1729 759 1760 ideo
775 1733 890 1761 tamen

187 1789 312 1821 pravus
339 1783 399 1811 aut
426 1778 600 1818 improbus
625 1778 803 1817 habeatur,
830 1778 891 1810 sed

188 1828 347 1860 laudetur
373 1828 508 1869 potius:
544 1837 611 1869 quo
637 1827 742 1868 magis
767 1828 893 1860 miran-

189 1879 271 1910 dnm
285 1877 341 1917 sit,
355 1886 399 1909 ne
416 1877 622 1909 levissimum
644 1877 782 1918 quidem
800 1878 835 1909 in
856 1887 893 1910 se

189 1929 295 1960 risum
307 1926 403 1960 ferri.
421 1928 566 1959 Torreat.
596 1927 786 1968 Quaternos]
801 1928 894 1960 Duo-

190 1978 303 2010 decIm
319 1978 478 2010 convivas
493 1977 526 2008 in
544 1987 610 2008 uno
626 1978 786 2010 triclinio.

234 2029 277 2059 87
302 2027 422 2063 Quavis
435 2036 600 2068 aspergere
613 2031 750 2068 cunctos,
766 2028 894 2059 Praeter

191 2087 261 2109 eam
275 2077 329 2118 qai
338 2077 457 2119 proebet
479 2077 606 2118 aquam]
637 2078 693 2110 Sic
719 2078 796 2109 libri
823 2088 892 2110 om·

190 2138 263 2168 nes,
277 2129 312 2160 in
325 2137 409 2170 qnos
421 2138 581 2170 umquam
593 2128 711 2160 incidi.
734 2129 893 2162 Muretus

190 2183 303 2211 tamen
321 2179 407 2220 legit
421 2189 430 2210 ε
465 2179 576 2220 quavis
589 2188 755 2219 aspergere
767 2185 895 2213 cunctos

190 2229 318 2262 Proeter
331 2238 398 2260 eum
414 2229 467 2269 qui
476 2229 607 2269 proebet,
621 2239 712 2270 aqua.
746 2234 893 2271 Μεταφο-

191 2279 282 2319 ρικῦς
303 2278 411 2320 quavis
425 2288 507 2318 aqua
529 2288 692 2318 aspergere
711 2289 772 2320 pro
788 2281 894 2312 unde-

191 2338 326 2370 cunque
353 2328 463 2368 petito
481 2328 550 2358 risu
578 2329 772 2367 lacessere3
807 2335 845 2362 ut
868 2340 893 2362 1.

194 2377 264 2411 Od.
288 2380 322 2410 7.
355 2379 365 2394 ‘
380 2376 540 2416 Undique
565 2376 764 2417 decerptam
791 2378 896 2411 fronti

194 2435 400 2468 proponere
422 2425 567 2457 olivam!
613 2426 686 2467 Ego
709 2436 789 2458 vero
814 2428 895 2460 nihil

194 2475 395 2508 mutandum
409 2483 554 2507 censeo:
577 2483 652 2506 nam
664 2485 827 2517 aspergere
837 2478 897 2511 ab-

195 2525 308 2558 solute
323 2533 384 2565 pro
399 2524 495 2555 salsis
510 2523 614 2556 dictis
629 2533 784 2567 carpere,
801 2537 898 2560 voca-

198 2574 316 2607 bulum
331 2574 468 2615 elegans
492 2578 556 2606 est.
600 2573 724 2616 Itaque
751 2576 856 2610 libere
879 2588 899 2610 a

197 2623 359 2657 Turnebo
373 2633 418 2655 11.
435 2626 486 2656 11.
504 2623 537 2655 in
556 2624 622 2656 loci
645 2625 744 2666 hujus
762 2635 899 2669 enarra-

200 2674 293 2705 tione
308 2673 484 2709 dissentio,
499 2682 560 2705 cur
574 2674 663 2705 enim
680 2684 742 2714 per
757 2679 899 2709 σννεκδο.

200 2723 265 2763 χὴν
290 2732 358 2755 non
386 2722 520 2755 dicatur
547 2723 557 2739 ‘
572 2723 728 2764 praebere
754 2728 899 2767 aquam’

201 2773 260 2815 qui
274 2772 468 2805 convivium
490 2771 646 2813 praebet?
677 2783 752 2806 nam
772 2777 898 2809 nullum

201 2822 293 2865 apud
323 2827 455 2855 veteres
484 2822 556 2865 sine
583 2833 668 2864 aqua
696 2826 901 2868 convivium,

1525 273 1639 316 1625

933 386 999 408 non
1027 376 1106 409 dico
1130 386 1198 419 qua
1223 385 1340 408 manus
1364 374 1563 415 abluerent,
1585 375 1641 407 vel

933 435 1058 468 corpus
1082 426 1182 460 etiam
1208 426 1242 457 in
1266 424 1475 466 balneo,*sed
1501 433 1578 466 quae
1595 425 1642 456 bi-

935 477 1097 510 bentibus
1118 477 1387 516 ministrabatur,
1410 475 1641 515 nunc-calida,

933 538 1022 561 nunc
1037 527 1174 570 frigida,
1189 533 1227 560 ut
1243 527 1491 560 docuimunn.
1506 526 1574 558 Ocl.
1588 529 1641 558 19.

934 579 980 610 Et
1008 589 1138 610 sumina
1168 579 1202 609 in
1231 578 1297 610 hoc
1327 577 1401 618 ipso
1425 575 1550 609 facetia
1577 582 1644 616 est,

936 628 1029 668 quod
1045 627 1175 658 derisor
1185 627 1264 659 salis
1276 627 1446 668 guttulam
1460 627 1526 667 ipsi
1540 626 1643 658 etiam

934 677 1112 717 praebitori
1139 677 1351 718 asperserit;
1390 681 1427 708 ut
1455 676 1645 708 Nasidieno

935 727 1097 766 contigit,
1111 726 1155 757 de
1172 736 1239 767 quo
1261 726 1321 758 lib.
1346 735 1389 758 11.
1411 726 1485 758 Sat.
1509 727 1642 758 ultima.

935 775 1004 808 Alii
1019 777 1136 808 dicunt
1150 786 1232 817 aqua
1250 786 1412 816 aspergere
1436 777 1638 817 proverbia—

933 827 999 859 lem
1014 836 1088 858 esse
1105 835 1236 861 vocem,
1252 835 1314 867 pro
1337 826 1456 866 jacere
1479 831 1515 857 et
1532 826 1642 858 effun-

935 877 1016 909 dere
1047 877 1080 909 in
1111 877 1260 918 aliquem
1295 875 1493 907 convitium.
1550 877 1638 907 Eum

935 937 1016 969 ergo
1032 937 1119 969 aqua
1137 936 1335 968 aspergere,
1352 926 1409 968 qui
1432 925 1572 958 bibendi
1589 933 1642 958 est

936 978 1080 1018 arbiter,
1095 987 1218 1018 magna
1239 976 1448 1009 contumelia
1470 981 1538 1017 est,
1562 977 1642 1018 quia

937 1038 998 1070 pro
1009 1029 1139 1060 honore
1152 1031 1384 1068 contemptus,
1396 1036 1458 1068 pro
1471 1026 1641 1059 beneficio

937 1079 1081 1113 insertur
1112 1078 1246 1119 injuria.
1292 1077 1391 1118 Aqua
1429 1077 1457 1108 is
1490 1078 1647 1118 aspergit

938 1130 1096 1170 maxime,
1120 1130 1177 1170 qui
1204 1127 1346 1160 mordax
1374 1132 1411 1159 et
1436 1127 1647 1159 conviciator

938 1184 1005 1218 est,
1033 1180 1167 1220 qualem
1197 1178 1251 1210 hic
1277 1178 1452 1211 convivam
1479 1177 1646 1210 describit

939 1229 1064 1262 Poeta.
1081 1229 1205 1261 Fabrit.
1243 1228 1363 1265 Quavis
1377 1235 1542 1268 aspergere
1556 1238 1650 1260 cunc-

939 1282 1000 1319 tos,
1030 1279 1156 1310 Proeter
1185 1288 1254 1310 eam
1286 1278 1340 1319 qui
1371 1277 1488 1318 proebet
1518 1277 1648 1318 aquam]

941 1328 1071 1362 Quavis
1096 1328 1228 1359 ratione
1256 1332 1396 1358 cunctos
1428 1327 1582 1358 dicteriis
1613 1331 1650 1358 et

939 1378 1066 1410 salibus
1092 1386 1290 1418 aspergere.
1335 1377 1408 1418 [Ex
1431 1376 1542 1417 quibus
1563 1377 1647 1409 Vat.

939 1430 971 1458 2.
988 1431 1025 1459 et
1040 1427 1120 1458 Vat.
1138 1427 1235 1458 Rom.
1255 1429 1287 1458 9.
1302 1426 1384 1457 imus
1408 1429 1480 1457 avet
1495 1426 1575 1457 Vat.
1592 1428 1647 1457 lo.

939 1477 1037 1510 Vatt.
1061 1477 1158 1508 Rom.
1175 1479 1207 1508 4.
1224 1480 1255 1508 5.
1272 1481 1308 1507 et
1326 1476 1478 1507 chisian.
1504 1479 1534 1508 1.
1558 1476 1648 1517 quod

940 1532 1148 1569 receperunt
1165 1527 1234 1558 Fen
1250 1530 1287 1558 et
1305 1526 1447 1567 Bothe-J

983 1579 1026 1608 88
1050 1577 1177 1609 Proeter
1189 1587 1261 1609 eum
1272 1577 1326 1618 qui
1345 1576 1479 1618 proebet]
1513 1577 1651 1608 Praeter

938 1627 1086 1660 convivii
1103 1628 1315 1667 magistrum.
1351 1628 1479 1659 Proeter
1493 1637 1575 1667 eum,
1595 1627 1651 1668 qui

937 1678 1058 1719 prebet
1069 1678 1196 1719 aquam]
1221 1677 1287 1710 Qui
1305 1677 1438 1718 praebet
1451 1687 1569 1718 aquam
1582 1688 1651 1719 qua

939 1728 1098 1759 lavarent
1113 1728 1279 1759 convivae.
1327 1727 1418 1766 Post,
1435 1728 1514 1758 hunc
1530 1737 1649 1767 quoque

937 1777 1045 1818 potus]
1061 1777 1322 1809 Convivatorem
1336 1778 1441 1807 etiam
1452 1777 1645 1809 maledictis

941 1827 1132 1859 insectatur
1148 1836 1224 1858 cum
1242 1831 1344 1867 potus
1360 1832 1425 1858 est.

985 1879 1031 1908 89.
1048 1877 1154 1909 Verax
1169 1876 1272 1916 aperit
1283 1877 1476 1918 praecordia]
1492 1877 1650 1909 Bacchus

944 1927 1124 1959 veritatem
1143 1927 1262 1958 dicere
1279 1927 1384 1968 cogit.
1428 1927 1539 1968 Liber]
1563 1929 1652 1961 Bac-

943 1977 1037 2009 chus.
1055 1987 1116 2017 pro
1133 1977 1224 2009 vino.

986 2030 1029 2060 90
1046 2028 1114 2059 Hic
1125 2028 1186 2059 tibi
1196 2028 1309 2069 comis]
1334 2028 1415 2068 Hie,
1433 2038 1532 2070 quem
1549 2038 1651 2069 prox-

944 2078 1011 2110 ime
1036 2078 1214 2118 descripsi.
1268 2079 1335 2109 Hic
1362 2079 1420 2110 tibi
1447 2081 1553 2119 comis,
1579 2080 1651 2120 fisa]

943 2128 1092 2160 Videtur
1115 2129 1220 2160 comis
1246 2128 1320 2168 tibi,
1347 2130 1404 2170 qui
1431 2130 1589 2161 inimicus
1615 2139 1652 2162 es

943 2179 1051 2210 malis.

986 2232 1029 2260 92
1045 2229 1199 2261 Pastillos
1218 2229 1353 2272 Rufillus
1367 2231 1440 2268 olet,
1456 2229 1652 2270 Gorgonius]

943 2279 1034 2311 Vide
1049 2280 1140 2312 hunc
1157 2289 1292 2312 versum
1313 2290 1433 2321 supra,
1458 2280 1586 2321 Satyra
1601 2290 1654 2312 se-

945 2331 1071 2361 cunda.

988 2382 1030 2410 93
1053 2379 1201 2419 Lividus]
1225 2379 1411 2420 Malignus.
1457 2380 1496 2410 Sa·
1521 2380 1595 2420 qua]
1619 2379 1654 2411 Si

946 2438 1013 2470 quo
1029 2438 1122 2466 casn,
1137 2430 1163 2459 si
1180 2439 1246 2469 qua
1262 2429 1453 2461 occasione.
1476 2429 1599 2460 Fame.

989 2481 1032 2510 94
1056 2479 1242 2519 Capitolini]
1266 2477 1524 2519 ‘Capitolinus'
1544 2479 1637 2511 Petu

946 2528 1068 2560 lior-um
1081 2538 1271 2569 cognomen
1282 2528 1359 2564 fuit,
1372 2529 1421 2559 uti
1435 2528 1639 2560 Maniliorum
1645 2553 1655 2570 ,

948 2578 1203 2616 Quinctiorum,
1235 2578 1433 2613 Sestion-um,
1465 2578 1654 2610 Scantinio-

947 2638 1034 2666 rum,
1051 2628 1245 2667 Meliorum,
1261 2632 1297 2659 et
1313 2628 1550 2668 Tarpeiorum‚
1592 2629 1654 2660 Er-

948 2683 1001 2710 rat
1023 2688 1106 2719 ergo
1128 2679 1286 2718 antiquus
1310 2683 1572 2717 commentator,
1595 2681 1653 2720 qui

949 2729 1126 2761 Petillium
1142 2730 1229 2760 bunc
1244 2739 1262 2759 a
1279 2738 1407 2759 corona
1420 2729 1500 2761 Jovi
1515 2729 1638 2769 Capito

949 2780 1018 2811 lino
1046 2785 1207 2820 surrepta
1234 2778 1506 2819 cognominatum
1534 2780 1655 2812 tradit,

951 2831 1024 2871 Ego
1048 2830 1090 2862 de
1117 2831 1276 2871 peculatu
1303 2830 1357 2860 vel
1381 2828 1424 2861 de
1453 2831 1651 2872 repetundis
