1916 3262
373 300 487 342 1366

372 402 502 433 landem
519 403 703 442 agnoverit,
726 406 764 433 ut
778 401 909 433 dicatur
924 403 1060 443 pulchra

371 451 563 491 pulchrior?
1053 448 1059 450 ’

413 503 433 530 2
459 500 556 534 Quem
595 500 778 540 criminosis]
809 500 1060 542 Quemcumque

371 549 464 580 voles
493 549 640 588 modum,
669 549 702 579 id
729 555 793 587 est,
819 559 1059 591 quamcumque

370 598 463 643 voles
502 598 677 638 rationem,
713 603 749 629 tu
779 599 978 639 praescribes
1017 599 1057 629 ad

370 647 544 677 mordaces
584 646 718 678 lambos
743 657 834 679 meos
863 648 1058 687 abolendos,

370 705 451 735 qnos
463 696 494 725 in
507 699 541 726 te
556 696 685 735 scripsi.

412 746 431 774 3
456 743 571 774 lambis
595 745 782 785 criminosis]
813 745 974 781 Iambica,
1001 756 1059 777 sen

370 793 526 824 carminis
555 803 659 832 genus
683 795 823 825 mordax
853 795 886 825 in
917 796 1058 835 puellam

368 841 454 871 hanc
466 842 670 881 scripserat:
687 842 719 873 id
731 843 804 883 ejus
818 853 905 874 nunc
919 844 1060 874 arbitrio

370 890 495 922 aboleri
512 891 654 931 expetit.
690 892 782 923 Hinc
798 893 897 923 etiam
913 892 1061 931 ἰαμβίζειν

368 941 456 980 apud
474 941 623 975 Graecos,
646 950 705 980 pro
721 941 874 972 mordere
896 947 932 973 et
953 943 1059 972 insec-

369 989 456 1020 tari:
480 989 603 1029 quique
623 999 664 1020 eo
679 990 847 1021 scribendi
863 1001 986 1030 genere
1003 991 1058 1022 de-

367 1037 549 1076 lectantur,
559 1037 717 1076 ἷαμβίσται
725 1038 818 1070 dicti.
839 1040 1059 1081 Siveflumma]

366 1086 529 1116 solebant
553 1087 640 1116 enim
665 1092 797 1118 veteres
819 1090 976 1130 quicquid
1001 1091 1058 1120 de-

368 1133 594 1169 testabantur,
615 1135 668 1164 vel
685 1135 718 1164 in
735 1135 953 1175 profluentem
975 1139 1059 1178 abji-

367 1191 469 1214 cere:
493 1183 592 1214 etsie
609 1184 641 1213 iu
664 1184 775 1223 ignem
796 1185 894 1224 lignis
917 1186 1058 1217 infelici-

367 1231 442 1269 bus,
485 1232 548 1263 hoc
586 1237 652 1271 est,
683 1232 727 1263 de
764 1233 892 1265 infelici
937 1236 1058 1267 arbore

366 1280 566 1320 sumptis‚ea
581 1290 734 1313 exurere.
761 1283 902 1315 Turrem.
927 1285 1058 1317 Turneb.

366 1338 475 1360 xviii.
491 1332 524 1360 4.
566 1330 792 1372 Siveflamma]
821 1333 899 1364 Sive
925 1334 1058 1366 lambos

367 1386 510 1408 exurere
526 1379 627 1414 voles,
640 1379 711 1410 sive
725 1381 759 1410 in
774 1390 864 1412 mare
878 1382 1036 1422 dejicere.

407 1430 427 1458 4
441 1427 594 1467 Adriano]
620 1429 714 1459 Mare
727 1429 911 1461 Adrianum
925 1433 1058 1471 ponitur

367 1485 429 1517 pro
444 1477 559 1516 quovis
577 1478 670 1507 mari.
696 1478 824 1510 Tur-neb.
841 1488 918 1512 xxi.
934 1483 984 1512 15.

408 1529 426 1556 5
451 1525 659 1566 Dindymene]
680 1527 912 1559 Pulcherrima
923 1539 1057 1570 compa-

367 1575 496 1605 ratione
512 1575 577 1605 vim
591 1575 649 1606 irae
666 1575 888 1615 demonstrat,
903 1587 976 1608 cum
993 1578 1058 1609 ira-

367 1629 437 1655 tum
453 1623 603 1654 fanatico
619 1629 814 1663 comparat:
839 1635 935 1666 aeque
948 1628 1056 1666 gravi-

367 1679 419 1704 ter
434 1673 522 1704 enim
538 1679 574 1704 et
588 1678 700 1704 mente
716 1679 750 1705 et
764 1684 906 1714 corpore
927 1677 1058 1716 agitan-

366 1727 433 1753 tur.
464 1721 613 1752 Fanatici
629 1727 740 1752 autem
757 1724 888 1754 nomine
909 1729 944 1755 et
960 1725 1057 1765 Lym-

365 1770 514 1808 phatum,
529 1774 564 1799 et
579 1770 740 1805 Ceritum,
763 1775 797 1801 et
812 1771 1007 1811 Larvatum,
1023 1777 1058 1803 et

366 1828 568 1860 quocunque
584 1819 651 1850 alio
673 1819 771 1850 simili
792 1819 903 1851 furore
919 1830 1056 1861 correp-

366 1875 437 1899 tum
465 1868 615 1908 accipio:
641 1869 736 1909 enjus
764 1870 883 1909 morbi,
906 1870 984 1911 quia
999 1871 1056 1902 ob-

366 1926 465 1948 scura
490 1917 575 1948 ratio
603 1923 667 1953 est,
692 1923 823 1949 veteres
849 1928 983 1950 causam
1013 1919 1057 1951 ad

366 1967 460 1998 Deos
477 1967 678 2001 retulerunt,
693 1967 786 2006 quasi
802 1968 937 1999 numine
952 1967 1056 1999 afflati

366 2019 493 2050 essent,
524 2015 581 2054 qui
608 2015 687 2045 talia
715 2020 936 2054 paterentur:
964 2017 1054 2048 unde

367 2069 402 2093 et
425 2061 520 2092 ἔνθεοι
536 2065 572 2093 et
586 2061 816 2102 θεοφορούμενοι
839 2065 1054 2096 vocabamur.

369 2111 509 2142 Torrmt.
561 2110 773 2151 Dindymene]
816 2113 893 2143 Dea.
927 2114 1054 2153 Cybele

366 2159 582 2198 Dindymene
598 2159 690 2190 dicta
710 2169 730 2189 a
746 2160 927 2201 Dindymis
948 2162 1054 2202 Pliry-

367 2208 431 2247 giae
453 2212 578 2246 moute,
595 2207 628 2238 in
642 2217 707 2248 quo
722 2218 818 2240 sacra
831 2209 896 2239 sibi
913 2219 974 2250 per
990 2210 1054 2241 Co-

365 2256 525 2296 rybantes
550 2256 707 2288 instituit.
731 2257 803 2288 Non
822 2259 925 2298 adytis
938 2259 1055 2299 quatit]

366 2305 444 2336 Non
459 2314 502 2336 ex
517 2305 648 2346 adytis:
670 2306 753 2337 locis
770 2308 885 2347 templi
902 2309 1004 2339 sacris
1020 2314 1056 2340 et

363 2355 517 2394 seeretis,
544 2354 586 2385 ad
601 2364 676 2396 quae
697 2355 778 2386 nulli
803 2356 867 2386 nisi
890 2357 1056 2389 sacerdoti

364 2403 416 2435 fas
429 2409 503 2435 erat
517 2403 692 2436 accedere.

406 2455 427 2483 6
449 2452 556 2483 Incola
585 2452 733 2492 Pythius]
766 2452 796 2484 Α
811 2453 963 2494 Pythone
986 2463 1055 2485 ser-

367 2506 469 2541 pente
482 2501 575 2532 mirae
591 2501 843 2541 magnitudinis,
854 2512 872 2533 e
883 2507 983 2533 terrae
996 2512 1055 2543 pu-

367 2549 498 2580 tredine
515 2549 627 2580 statim
645 2556 722 2590 post
737 2551 895 2583 dilnvium
911 2558 1000 2588 nato,
1016 2562 1056 2584 ac

367 2600 525 2630 Latonam
536 2599 608 2639 jam
621 2599 791 2639 gravidam
803 2601 950 2633 ,Iunonis
961 2602 1055 2642 jussu

367 2647 560 2687 infestante,
575 2649 718 2689 ideoque
742 2655 818 2690 post
841 2651 882 2681 ab
898 2650 1055 2690 Apolline

367 2695 474 2726 adbuc
510 2697 637 2736 juvene
687 2698 822 2738 sagittis
864 2698 1056 2740 interfecto,

366 2743 474 2774 Deum
514 2745 562 2775 sic
598 2747 823 2785 cognominari
865 2749 1055 2781 voluerunt.

367 2793 455 2824 Quin
473 2796 508 2822 et
530 2793 599 2822 ludi
623 2795 655 2824 iu
684 2795 840 2827 bonorem
861 2797 934 2837 ejus
960 2798 1054 2830 insti·

368 2842 431 2873 tuti
456 2841 532 2873 hinc
549 2847 558 2860 ‘
573 2842 705 2882 Pytliia’
724 2844 941 2879 vocabantur.
981 2848 1052 2879 Tor-

825 310 964 341 NOTAE
996 309 1257 342 VARIORUM
1294 311 1342 341 {N

1106 407 1187 436 rent.
1222 405 1329 435 Incola
1345 403 1495 444 Pythius]
1531 403 1668 443 Apollo,
1690 404 1744 444 qui
1763 405 1796 436 in

1107 451 1224 483 dandis
1251 454 1396 485 oraculis
1427 456 1572 484 mentem
1611 451 1799 485 sacerdotis

1108 499 1233 537 incolit,
1249 501 1282 532 id
1297 507 1363 540 est,
1381 501 1502 542 quatit,
1518 505 1645 541 movet,
1656 501 1758 540 cogit.

1150 551 1169 579 7
1192 550 1312 589 AEqioe:
1331 550 1407 590 non]
1439 549 1516 581 Non
1532 558 1642 589 aeque‚
1666 549 1726 580 sed
1742 558 1798 580 ve-

1106 597 1292 629 hementius
1306 599 1356 629 ira
1372 599 1498 629 animos
1517 597 1688 628 hominum
1705 607 1797 630 eom·

1109 650 1237 685 movet,
1252 657 1350 688 quam
1368 647 1506 687 Cybele,
1522 646 1659 687 Apollo,
1675 651 1733 678 ant
1748 647 1801 678 Li-

1107 694 1167 725 ber
1181 697 1333 728 concutit
1348 701 1493 728 mentem
1509 696 1730 729 sacerdotum.
1751 696 1800 728 A·

1107 743 1194 783 cuca]
1215 745 1388 786 Tympana
1403 751 1502 777 acute
1519 746 1684 777 sonantia.

1164 797 1184 824 8
1208 795 1395 835 Corybantes
1421 795 1500 836 oera]
1536 796 1572 827 Si
1603 796 1678 836 quis
1707 795 1798 828 forte

1109 843 1320 875 sacerdotum
1344 849 1475 876 mentes
1493 855 1512 876 a
1526 844 1717 876 numinibus
1731 845 1798 884 agi-

1109 893 1173 924 tari
1207 899 1321 934 neget,
1352 894 1381 924 is
1408 903 1474 925 aera
1504 904 1524 925 a
1551 893 1799 934 Corybantibus

1109 943 1204 982 pulsa
1216 943 1404 974 consideret
1419 953 1428 975 ε
1451 943 1599 983 sciatque
1612 952 1677 974 nou
1692 942 1799 973 lenius

1108 993 1232 1022 animos
1255 998 1388 1023 nostros
1409 993 1471 1027 ira,
1490 1001 1587 1032 quam
1604 991 1662 1022 illa
1676 991 1798 1022 crebro

1108 1041 1261 1081 repetitis
1287 1041 1409 1073 ictibus
1435 1041 1573 1081 impelli,
1597 1049 1660 1071 nec
1689 1041 1799 1071 minus

1108 1090 1298 1131 perturbari
1315 1100 1414 1132 qtiam
1430 1091 1476 1122 illi
1492 1091 1612 1127 solent,
1625 1098 1708 1129 quos
1721 1088 1800 1119 assi·

1108 1140 1190 1170 dous
1207 1141 1282 1171 oeris
1298 1140 1426 1171 sonitus
1446 1139 1496 1170 ita
1511 1136 1652 1168 affectos
1674 1136 1799 1176 reddit,

1108 1193 1157 1228 ut,
1172 1189 1273 1219 etiam
1289 1197 1363 1219 cum
1377 1188 1504 1218 nullum
1519 1186 1670 1221 andiunt,
1683 1185 1799 1217 audire

1109 1241 1218 1267 tamen
1230 1237 1462 1277 imaginentur.
1483 1234 1571 1266 Hinc
1581 1234 1801 1275 κορυβαντιᾷν,

1110 1295 1171 1326 pro
1185 1286 1413 1326 Corybantum
1429 1292 1521 1315 more
1547 1281 1635 1315 affici
1655 1288 1691 1314 et
1713 1283 1799 1314 insa·

1109 1336 1193 1373 nire,
1209 1344 1266 1365 seu
1289 1335 1418 1372 μανικῶς
1432 1334 1592 1371 κινεῖσθαι,
1607 1337 1643 1363 ut
1659 1332 1800 1372 exponit

1106 1382 1228 1413 Strabo
1254 1383 1312 1413 lib.
1342 1390 1378 1413 x.
1418 1382 1557 1412 Torrent.
1611 1380 1801 1421 corybantes

1106 1430 1185 1470 aera]
1225 1429 1427 1461 Sacerdotes
1445 1429 1594 1468 Cybelis,
1615 1437 1691 1468 quae
1714 1433 1798 1468 tym-

1106 1488 1268 1519 panorum
1306 1479 1405 1519 pulsu
1431 1483 1468 1509 et
1506 1486 1666 1509 cornuum
1694 1482 1798 1509 cantu

1105 1529 1202 1561 Jovis
1219 1529 1364 1568 vagitum
1381 1527 1538 1558 celabant
1552 1526 1747 1558 Saturnum.

1146 1579 1167 1608 9
1193 1577 1342 1617 Noricus]
1382 1576 1540 1610 Noricus,
1582 1584 1645 1615 pro
1681 1573 1798 1615 quovis

1105 1635 1200 1658 ense.
1254 1626 1294 1657 In
1325 1625 1450 1657 Norico
1478 1623 1595 1664 (quam
1625 1625 1797 1664 regionem

1107 1676 1262 1716 plerique
1285 1683 1373 1705 nunc
1399 1673 1572 1714 appellant
1599 1673 1798 1713 Bavariam)

1105 1724 1225 1763 optimi
1240 1723 1324 1754 finnt
1341 1722 1442 1763 gladii
1458 1728 1500 1752 ex
1521 1721 1611 1754 ferro
1636 1722 1799 1762 probatis·

1106 1773 1200 1803 simo.
1255 1773 1366 1803 Homo
1395 1771 1501 1801 iratus
1536 1779 1645 1811 neque
1687 1780 1798 1810 enses,

1107 1830 1217 1862 neque
1233 1820 1373 1862 quodvis
1398 1819 1488 1851 aliud
1511 1819 1694 1859 periculum
1711 1820 1796 1851 exti-

1105 1870 1236 1902 mescit.

1149 1922 1188 1951 12
1212 1920 1317 1950 Recens
1328 1919 1475 1960 tumultu]
1496 1917 1712 1949 Descendens
1722 1926 1796 1948 cnm

1104 1967 1241 2000 fulmine
1258 1967 1444 1999 tremendo.
1475 1968 1542 1998 Pro
1557 1966 1642 1999 Jove
1658 1969 1798 1997 tonante
1832 1966 1838 1969 ³

1105 2017 1256 2056 ponitur.

1148 2067 1185 2096 13
1220 2064 1423 2095 Prometheus
1451 2062 1578 2102 addere]
1619 2061 1735 2106 Japeti
1760 2067 1797 2094 et

1103 2113 1274 2152 Clymenae
1303 2111 1403 2150 filius,
1433 2115 1573 2150 propter
1594 2110 1796 2149 singularem

1103 2160 1229 2200 ingenii
1258 2159 1510 2197 excellentiam,
1537 2158 1702 2190 hominem
1728 2158 1796 2199 pri-

1103 2219 1191 2240 mum
1220 2218 1264 2239 ex
1294 2209 1372 2239 limo
1402 2208 1539 2239 finxisse
1572 2207 1797 2243 existimatur,

1104 2259 1248 2288 animum
1279 2266 1358 2288 vero
1381 2266 1423 2288 ex
1450 2256 1625 2296 particulis
1654 2256 1794 2288 aliorum

1103 2307 1292 2338 animalium
1309 2305 1458 2346 undique
1474 2305 1625 2344 disjectis
1645 2305 1695 2336 illi
1709 2305 1793 2336 indi-

1104 2356 1202 2388 disse.
1247 2357 1332 2388 Nam
1355 2365 1375 2386 a
1398 2357 1510 2387 Leone
1535 2355 1755 2392 iracundiam,
1776 2366 1797 2386 a

1103 2406 1169 2438 Sue
1185 2405 1370 2443 libidinem,
1394 2413 1414 2435 a
1431 2403 1542 2444 Vulpe
1565 2403 1732 2442 astutiam,
1759 2408 1795 2435 et

1105 2455 1146 2486 ab
1155 2455 1228 2486 aliis
1245 2454 1334 2485 aliud
1351 2457 1522 2484 mutuatus
1539 2456 1602 2483 est.
1638 2452 1795 2492 Principi]

1103 2503 1220 2534 Primo
1237 2501 1359 2533 homini
1374 2511 1416 2532 ex
1433 2501 1510 2531 limo
1526 2499 1711 2531 efformato.

1147 2557 1185 2585 14
1212 2554 1342 2584 Coactus
1352 2550 1553 2591 particulam]
1578 2550 1793 2582 Necessitate

1104 2603 1308 2643 compulsus,
1335 2599 1426 2642 quod
1442 2599 1474 2630 in
1490 2598 1608 2630 bestiis
1629 2598 1793 2638 fingendis

1104 2662 1218 2684 omnes
1244 2658 1374 2684 naturoe
1403 2649 1587 2681 facultates
1617 2656 1792 2687 consump-

1104 2703 1215 2733 sisset.
1260 2698 1418 2740 Undique]
1458 2698 1508 2730 Ex
1536 2697 1687 2728 omnibus
1721 2696 1790 2727 ani·

1103 2751 1256 2782 malibus.

1146 2803 1184 2831 15
1208 2799 1252 2830 Et
1266 2797 1382 2836 insani]
1404 2797 1450 2828 Et
1462 2794 1569 2826 rabidi
1584 2793 1688 2824 leonis
1700 2791 1790 2823 furo-

1104 2858 1184 2881 rem.
1231 2846 1337 2879 Instmi
1358 2843 1484 2883 Leonis]
1527 2841 1604 2874 Hoc
1631 2850 1713 2882 ergo
1738 2846 1790 2872 est
