1916 3262
366 291 477 333 1466

367 402 457 429 saxa.
471 391 506 423 id
521 394 586 431 est,
600 392 675 424 loca
691 391 815 423 munita
830 401 903 433 quae
918 392 1044 423 viribus

366 441 550 482 expugnari
577 449 643 471 non
677 446 826 481 possunt.
883 441 1047 472 Potentius

365 491 428 522 ictu
452 489 618 529 fulmineo]
664 489 793 520 Plinius
822 489 879 520 lib.
908 498 1046 520 xxxm-

365 538 484 571 scribit
505 537 631 568 fulmen
651 547 880 579 nonnunquam
903 538 1047 578 quinque

367 589 466 620 altius
481 588 619 628 pedibus
635 587 842 619 descendere
858 588 892 618 in
913 593 1048 619 terram.

367 637 417 668 At
441 636 512 668 auri
535 636 592 667 illa
616 645 714 667 sacra
738 635 856 675 fames,
878 637 927 667 ire
941 645 1000 667 nos
1016 635 1048 666 in

367 691 467 717 terrae
483 686 621 720 viscera,
637 689 671 716 et
693 684 726 715 in
750 684 830 716 sede
851 685 995 716 manium
1010 684 1048 715 il-

367 736 423 768 lud
437 744 588 778 quaerere
604 735 708 775 cogit.
734 735 874 766 Tenent.

411 787 450 816 11
475 784 618 816 Concidit
643 783 786 823 auguris]
813 783 947 814 Corruit
971 780 1050 812 Am-

368 833 495 874 phiarai
522 833 607 864 vatis
631 831 766 867 familia,
791 832 944 862 nimirum
967 831 1050 870 ipse,

368 887 405 914 et
420 891 514 918 uxor,
528 886 563 912 et
578 881 673 912 liberi
697 881 740 912 ob
759 881 882 911 monile
902 887 1051 912 aureum.

370 931 458 972 quod
473 931 635 971 Eriphyle
656 931 727 970 ejus
749 938 832 960 uxor
846 929 888 958 ab
905 928 1051 960 Adrasto

369 985 561 1020 acceperat.
603 979 741 1017 Auguris
752 977 881 1016 Argivi]
898 975 1053 1016 Amphia-

370 1037 446 1058 raus
477 1036 592 1067 augur,
623 1026 733 1057 Oiclei
761 1025 861 1064 filius,
896 1025 1054 1065 Argivus,

371 1085 511 1107 uxorem
536 1075 652 1106 habuit
675 1074 882 1114 Eripliylem,
901 1073 995 1104 Talai
1009 1082 1053 1104 ex

371 1124 562 1164 Eurynome
578 1122 691 1159 filiam,
703 1123 841 1153 Adrasti
854 1131 1012 1153 sororem.

414 1175 453 1203 13
476 1173 624 1204 Demersa
646 1171 780 1210 excidio]
802 1171 913 1201 Multo
942 1171 1055 1210 plures

371 1221 448 1252 libri
463 1221 559 1253 exitio
580 1221 707 1261 legunt,
731 1225 767 1251 et
784 1223 888 1251 recte.
930 1219 1055 1261 Diffdit

371 1269 507 1309 urbiam]
532 1268 655 1301 Arietis
677 1277 756 1309 ergo
778 1269 852 1300 loco
869 1268 900 1299 ei
917 1277 1056 1299 munera

372 1318 478 1350 fuere.
523 1318 650 1358 Dnffidit
665 1323 776 1348 autem
793 1326 812 1348 a
826 1317 930 1348 verbo
949 1315 1057 1347 diffin-

374 1367 428 1398 do.
449 1367 588 1398 Torrent.
631 1366 780 1396 Demersu
794 1364 928 1403 excidio]
942 1365 1056 1395 Terrae

374 1415 468 1446 hiatu
480 1414 650 1453 absorpta.
692 1411 819 1453 Diffidit
835 1412 970 1452 urbium]
993 1412 1058 1443 Re-

373 1464 490 1504 fregit,
506 1464 558 1494 vel
573 1463 767 1503 prostravit.

419 1515 458 1544 14
483 1512 538 1544 Vir
549 1510 694 1550 Macedo]
718 1511 772 1541 De
786 1509 942 1550 Philippo
957 1509 1060 1540 histo·

374 1562 436 1593 rici
452 1562 629 1601 scripsere,
648 1563 686 1591 ut
701 1569 766 1590 non
782 1564 849 1590 tam
865 1559 948 1598 ipse,
962 1567 1061 1600 quam

376 1610 478 1650 ipsius
489 1618 604 1640 aurum
612 1608 781 1640 Graeciam
791 1607 962 1638 everterit.
987 1607 1060 1638 Nec

378 1659 497 1689 mirum
519 1658 673 1688 hercule:
697 1657 724 1686 si
742 1656 875 1697 quidem
897 1655 1062 1695 Apollinis

379 1706 496 1747 Pythii
521 1706 687 1736 oraculum
710 1704 898 1735 consulenti
926 1711 1062 1743 respon-

381 1765 452 1786 sum
475 1764 496 1785 a
514 1755 591 1786 Deo
613 1754 654 1785 ad
672 1753 760 1783 hunc
778 1751 912 1783 modum
926 1750 1062 1783 ferunt:

379 1803 552 1845 Ἀργυρέαις
578 1801 731 1842 λόγχαισι
750 1800 866 1841 μάχου,
890 1799 941 1831 καὶ
963 1799 1066 1831 πάντα

379 1852 552 1893 κρατήσεις.
588 1853 664 1885 Quo
682 1860 781 1882 versu
797 1850 963 1890 argenteis
980 1859 1066 1890 pug-

380 1903 474 1933 nanti
516 1902 618 1933 hastis
660 1901 804 1932 victoria
847 1899 1064 1940 promittitur.

380 1951 493 1983 Deum
515 1960 579 1990 ego
594 1949 725 1981 consilii
745 1949 797 1979 sui
818 1951 990 1979 auctorem
1009 1947 1066 1977 ba-

382 1999 467 2031 buit.
505 1999 568 2030 His
581 2008 661 2038 ergo
674 1999 857 2028 instructus
873 1997 973 2027 armis
987 1996 1067 2026 Phi-

385 2048 500 2087 lippus
531 2046 718 2086 Olynthum
745 2045 874 2080 urbem,
907 2047 1067 2083 corrupto

383 2097 550 2127 Lasthene
571 2093 874 2134 proditore,cepit.
887 2093 975 2124 Tor-r.
1011 2092 1068 2123 Vir

382 2144 523 2178 Macedo,
537 2146 567 2174 et
580 2142 699 2173 submit
713 2141 853 2180 oemuloe]
877 2141 1067 2181 Philippus,

383 2201 443 2223 rex
458 2191 683 2229 Macedoniae,
694 2190 804 2221 omnia
818 2194 928 2221 castra
940 2199 1067 2230 expug-

384 2241 457 2272 nari
485 2249 581 2280 posse
604 2239 752 2278 dicebat,
778 2239 813 2270 in
840 2248 913 2279 quae
936 2238 1067 2278 asellus,

385 2299 468 2321 auro
483 2294 634 2328 onustus,
650 2288 756 2328 possit
772 2287 965 2319 ascendere.

426 2341 464 2370 15
490 2339 624 2369 Munera
648 2336 786 2376 navium]
815 2337 958 2367 Munera
988 2335 1069 2366 irre-

385 2389 476 2419 tiunt
504 2396 610 2418 saevos
636 2386 768 2416 navium
797 2385 915 2424 duces,
944 2384 977 2415 id
1007 2389 1071 2424 est,

387 2437 529 2477 piratas:
553 2436 617 2475 vel,
638 2443 776 2465 munera
790 2433 936 2473 navium,
951 2433 984 2464 id
1007 2437 1070 2468 est,

386 2494 513 2516 merces
540 2483 740 2524 peregrinae,
765 2492 839 2524 quae
868 2483 1007 2514 navibus
1028 2482 1071 2513 ad

386 2544 448 2566 nos
479 2533 702 2572 advehuntur,
737 2541 843 2564 saevos
869 2532 971 2563 duces
1001 2532 1071 2562 illa·

390 2586 527 2623 queant.

431 2634 469 2662 17
489 2633 572 2662 Cura
585 2629 757 2671 pecuniam]
780 2630 871 2661 Cura
885 2628 1051 2660 servandi.

432 2682 472 2710 18
493 2675 832 2719 Mnjorumquefume's]
856 2678 902 2709 Et
915 2678 1073 2718 majorum

391 2728 580 2759 divitiarum
596 2729 775 2769 cupiditas.
803 2729 882 2758 Jure
895 2727 1072 2768 perhorrui]

393 2775 425 2808 Ο
452 2776 634 2817 Maecenas,
655 2778 806 2818 equitum
830 2779 1073 2817 ornamentum,

816 301 954 332 No'rAE
986 299 1243 332 VARIORUM
1276 300 1327 330 ΙΝ

1095 401 1158 431 ego
1174 390 1292 422 merito
1306 389 1410 422 metui
1425 392 1529 430 caput
1547 398 1657 421 meum
1675 391 1773 422 attol-

1095 441 1178 480 lere,
1193 439 1226 471 id
1242 445 1304 478 est,
1320 439 1362 471 ad
1376 449 1518 471 summas
1533 439 1666 471 divitias
1680 443 1716 470 et
1726 439 1776 470 ni-

1095 489 1194 520 miam
1207 489 1393 530 potentiam
1406 488 1598 520 ascendere.
1617 488 1778 528 [Schoen-

1096 538 1190 569 born.
1203 540 1236 568 2.
1250 547 1329 578 soepe
1339 537 1541 578 perhorruit.]

1141 589 1181 617 19
1202 586 1280 618 Late
1303 586 1509 627 conspicuum]
1538 584 1668 617 Diffuse
1691 585 1779 618 cele-

1097 636 1202 668 brem.
1742 647 1745 650 <

1139 686 1179 714 21
1198 684 1319 719 Quanto
1333 685 1456 725 quisque
1470 683 1532 715 sibi
1543 682 1648 724 plura]
1667 683 1781 715 Quan-

1100 736 1135 762 to
1151 732 1247 772 plura
1261 728 1424 774 quispiam
1444 743 1511 764 suae
1527 731 1708 772 cupiditati
1723 731 1782 761 de-

1099 781 1285 821 negaverit,
1300 781 1350 823 <id
1362 786 1427 822 est,
1436 786 1558 822 quanto
1571 779 1782 821 paucioribus

1100 834 1276 861 contentus
1298 839 1373 861 esse
1396 830 1550 870 voluerit,
1564 839 1632 860 suae
1654 828 1783 868 cupidi-

1100 877 1164 908 tati
1191 886 1316 909 morem
1345 887 1411 909 non
1441 887 1575 919 gerens,
1604 877 1658 908 vel
1686 885 1780 908 suam

1102 924 1325 965 cupiditatem
1341 924 1553 966 resraensns,)
1569 929 1664 957 tanto
1679 924 1784 964 majo-

1102 982 1173 1005 rem
1188 975 1341 1005 Deorum
1357 973 1391 1004 in
1415 982 1451 1003 se
1473 973 1710 1004 liberalitatem
1724 981 1783 1003 ex-

1102 1022 1266 1063 perietur,
1288 1025 1324 1053 et
1343 1025 1439 1053 tanto
1454 1021 1554 1053 ditior
1569 1021 1612 1051 ab
1627 1021 1694 1052 illis
1709 1020 1786 1051 red-

1103 1071 1222 1103 detur:
1245 1074 1365 1111 utpote
1375 1070 1448 1110 jam
1463 1074 1644 1101 contentus
1657 1068 1697 1099 iis
1712 1075 1787 1108 quie

1103 1120 1219 1152 habet.
1259 1119 1389 1151 Tritum
1415 1119 1518 1149 etiam
1546 1117 1652 1148 illud:
1677 1116 1688 1134 ‘
1705 1115 1788 1148 Quis

1104 1169 1284 1210 plurimum
1315 1167 1438 1199 habet?
1471 1166 1499 1197 is
1529 1165 1584 1206 qni
1618 1164 1788 1196 minimum

1103 1217 1221 1258 cupit!
1255 1217 1438 1258 Stephanus.
1493 1215 1593 1246 Plura
1617 1211 1791 1253 negaverit]

1104 1267 1274 1300 Pauciora
1287 1264 1502 1298 desiderabit.

1147 1319 1189 1347 22
1215 1315 1323 1355 Feret]
1359 1314 1528 1354 Accipiet.
1586 1311 1646 1342 Nil
1671 1310 1791 1350 cupien—

1104 1366 1198 1406 tium]
1236 1365 1359 1396 Omnia
1385 1364 1472 1394 enim
1499 1362 1562 1393 sibi
1593 1362 1708 1400 negat,
1733 1358 1790 1400 qui

1107 1415 1190 1445 nihil
1214 1423 1339 1452 eorum,
1353 1421 1427 1454 quae
1451 1411 1582 1450 vulgus,
1596 1409 1727 1449 poscit:
1753 1411 1791 1438 ut

1102 1461 1228 1502 -Cynioi
1249 1461 1327 1492 olim
1349 1465 1385 1491 et
1410 1457 1721 1500 Gymnosophistae3
1746 1455 1791 1486 ad

1107 1519 1248 1552 quorum
1271 1508 1474 1548 institutum,
1487 1516 1562 1538 enm
1582 1506 1681 1536 nudus
1701 1504 1794 1543 dicit,

1109 1559 1257 1591 alludere
1271 1557 1406 1588 videtur
1422 1556 1595 1588 Horatius.
1630 1555 1770 1586 Torreat.

1151 1611 1191 1639 23
1216 1608 1328 1639 Nudus
1350 1609 1451 1637 eastra
1469 1603 1556 1645 peto]
1581 1603 1726 1643 Pauper.
1760 1602 1792 1632 0

1109 1657 1258 1688 divinum
1282 1655 1472 1693 Horatium,
1488 1662 1586 1694 quem
1600 1652 1634 1683 in
1650 1652 1714 1683 hoc
1730 1650 1794 1682 uti-

1111 1716 1188 1737 nam
1199 1704 1378 1737 Christiani
1389 1702 1619 1734 imitarentur!
1640 1702 1682 1732 Et
1692 1704 1794 1732 trans-

1103 1755 1188 1793 fuga
1201 1751 1347 1791 divitum]
1369 1752 1416 1782 Et
1435 1755 1594 1791 tanquam
1609 1747 1796 1789 transfuga,

1112 1808 1148 1834 et
1164 1801 1340 1843 fugitivus.

1155 1854 1195 1883 25
1216 1851 1404 1889 contemptae
1418 1845 1572 1886 dominus]
1592 1844 1704 1876 Acron
1716 1844 1800 1884 legit

1115 1901 1289 1938 Contentoe,
1302 1897 1336 1928 id
1362 1901 1424 1931 est,
1448 1893 1644 1934 compositae
1669 1897 1706 1924 et
1730 1901 1799 1923 me-

1114 1949 1250 1987 diocris,
1267 1952 1305 1978 ut
1325 1947 1399 1987 ipse
1426 1946 1683 1984 interpretatur.
1725 1942 1799 1974 Nec

1116 1998 1159 2030 ab
1175 2007 1216 2029 eo
1230 1995 1389 2028 dissentit
1401 1992 1624 2034 Porphyrion.
1656 1991 1702 2022 Et
1715 1991 1800 2022 banc

1114 2048 1296 2079 lectionem
1332 2043 1484 2084 sequitur
1519 2041 1683 2072 Cantems
1712 2039 1801 2070 Nov.

1116 2097 1212 2128 Lect.
1237 2103 1289 2126 xv.
1308 2096 1340 2125 2.
1364 2092 1501 2122 damnat
1527 2093 1640 2120 tamen
1666 2087 1800 2119 Lambi-

1116 2154 1191 2184 nus,
1215 2152 1278 2174 nec
1299 2141 1380 2173 satis
1402 2137 1601 2170 verecunde.
1645 2137 1718 2176 Ego
1746 2145 1798 2167 re-

1116 2197 1249 2233 ceptam
1261 2189 1440 2222 lectionem
1453 2185 1638 2228 praeferam.
1659 2184 1802 2225 Sapiens

1117 2242 1204 2273 enim
1220 2249 1279 2271 sna
1294 2243 1383 2270 sorte
1398 2240 1576 2268 contentus
1591 2235 1719 2274 vivens,
1734 2243 1800 2266 nou

1117 2290 1183 2331 ipsi
1199 2288 1353 2330 pecunia,
1368 2286 1425 2318 sed
1444 2285 1595 2326 pecuniae
1609 2284 1683 2324 ipse
1698 2284 1803 2325 impe-

1118 2348 1184 2380 rat,
1198 2343 1233 2370 et
1247 2337 1370 2369 nullam
1385 2336 1418 2366 in
1434 2344 1474 2365 ea
1489 2333 1661 2364 felicitatis
1673 2336 1801 2373 partem

1119 2388 1225 2429 ponit.
1259 2391 1267 2404 ‘
1284 2382 1539 2422 Contemptam’
1556 2381 1672 2422 itaque
1687 2381 1697 2398 ‘
1714 2390 1782 2412 rem
1795 2381 1805 2396 '

1121 2436 1280 2477 appellat,
1309 2442 1374 2473 qua
1402 2440 1510 2471 neque
1539 2439 1708 2470 possessor
1735 2429 1806 2470 ipse

1120 2490 1323 2523 magnopere
1337 2479 1514 2518 afficiatur,
1522 2483 1558 2509 et
1567 2487 1665 2518 quam
1677 2478 1719 2510 ob
1729 2487 1806 2519 par-

1121 2534 1271 2571 vitatem,
1281 2530 1420 2561 divitum
1433 2528 1550 2566 vulgus
1563 2527 1685 2567 rideat,
1694 2535 1734 2558 ac
1747 2536 1806 2567 pro

1122 2582 1226 2613 nihilo
1238 2580 1351 2611 ducat.
1374 2578 1512 2608 Torreat.
1556 2577 1743 2615 Contempta
1754 2577 1806 2606 do-

1122 2629 1239 2669 minus]
1274 2629 1360 2660 Nam
1390 2626 1494 2666 magis
1520 2624 1727 2665 possidemus
1756 2633 1809 2660 ea,

1122 2688 1198 2720 qnae
1222 2675 1475 2713 contemnimus,
1491 2683 1590 2715 quam
1613 2681 1666 2714 ea,
1686 2672 1804 2714 quibus

1124 2736 1190 2758 non
1207 2725 1339 2765 utimur,
1352 2724 1378 2755 si
1392 2722 1609 2764 possidemus.
1630 2721 1805 2762 [eo-cepta

1126 2774 1289 2816 Guelph]
