1916 3262
452 307 662 340 noan-11
697 305 970 338 csnummu
1007 306 1102 336 mn.
1133 306 1165 336 1.
1195 296 1238 337 4.

112 405 264 447 expleto,
290 403 364 436 scil.
387 402 475 435 veris
501 407 667 442 tempore.
703 400 812 432 Fauno

110 455 212 497 decet]
236 454 389 486 Faunum
411 462 452 486 ac
471 451 633 490 Faunum,
653 459 752 492 qnam
777 454 814 482 et

112 506 256 537 Fatuam
272 504 451 542 vocabant,
466 502 597 544 patrios
615 501 812 533 Latinorum

114 555 212 588 Deos
243 553 360 595 fuisse,
393 554 443 585 sic
468 562 488 585 a
509 553 520 571 ⁴
534 551 656 584 fando’
687 552 814 593 dictos,

111 605 201 647 quod
218 605 251 638 in
267 605 385 647 sylvis,
398 604 456 637 ille
468 603 562 643 viris,
573 604 648 635 haec
664 602 814 635 mulieri-

111 656 175 688 bus
190 654 260 688 fata
271 655 508 698 proeeinerent.
554 653 647 686 Hinc
660 654 814 686 Faunum

113 706 218 738 etiam
243 705 386 738 Romani
407 702 580 736 sacrificiis
605 708 643 736 et
657 703 816 735 carmini·

112 755 176 788 bus
191 756 381 788 coluerunt.
394 755 540 786 Torreat.
588 754 697 787 Fauno
710 752 815 794 decet]

113 806 230 839 Fauno
244 806 445 839 rusticorum
462 807 549 847 Deo,
561 815 660 848 quem
676 806 816 848 quidam

111 856 230 889 volunt
242 857 387 888 eundem
402 865 479 888 esse
494 861 598 899 atque
613 857 720 889 Pana.
751 857 817 889 Im-

110 907 226 940 molare
247 907 342 950 lueis]
367 906 571 940 sacrificare
601 908 655 940 vel
681 917 816 950 agnam,

110 958 166 990 vel
177 957 326 998 landum,
340 961 456 990 utrum
473 959 613 991 mavult.

154 1010 197 1040 12
217 1007 282 1040 Seu
298 1011 408 1050 poscat
430 1008 562 1049 agnam]
589 1008 720 1041 Omnes
742 1007 815 1040 fere

112 1057 297 1098 Msssagna
310 1062 348 1091 et
362 1059 461 1099 hoedo,
475 1058 531 1090 vel
546 1059 613 1090 oedo
634 1057 706 1089 sine
727 1058 816 1100 sspi-

113 1108 260 1145 rafione,
275 1109 408 1150 legunt,
433 1108 524 1150 quod
550 1118 616 1140 non
634 1108 732 1141 video
754 1118 817 1141 cur

114 1157 236 1189 lectori
274 1162 456 1200 tantopere
493 1157 688 1199 displiceat.
746 1158 816 1190 Cur

113 1206 206 1239 enim
227 1216 294 1239 non
325 1212 364 1239 ut
392 1206 556 1244 ‘facere.'
580 1208 630 1240 sic
659 1209 819 1240 immolare

114 1266 192 1289 cum
208 1261 332 1298 quarto
350 1261 386 1290 et
408 1263 507 1290 sexto
531 1268 610 1290 casn
632 1259 818 1300 conjunga-

115 1309 212 1339 mus?
257 1308 361 1348 Apud
389 1308 570 1348 Virgilium
598 1318 690 1345 sane.
717 1310 817 1340 ‘cum

113 1357 240 1390 faciam
264 1357 394 1398 vitula,’
416 1363 454 1390 et
474 1360 484 1376 ‘
498 1368 575 1390 cum
589 1357 713 1390 faciam
730 1359 819 1389 vitu·

114 1407 205 1447 lam,'
230 1408 264 1440 in
290 1408 434 1439 diversis
457 1407 710 1448 exemplaribus
726 1407 818 1448 opti·

112 1467 178 1490 mn
194 1457 275 1490 fidei
289 1456 427 1498 legitur.

156 1510 196 1540 1⁸
219 1508 349 1540 Pallida
371 1506 468 1547 mors]
497 1507 592 1539 Mors
607 1506 753 1548 pallidos
769 1505 816 1538 ef-

112 1557 197 1590 ficit.
242 1559 343 1600 AEquo
352 1558 459 1599 pulsat
468 1558 547 1599 pede
558 1556 744 1598 pauperum]
760 1557 816 1588 In-

113 1606 317 1641 differenter
338 1613 376 1640 et
402 1617 498 1650 aeque
521 1606 660 1640 fortiter
689 1607 815 1649 princi-

113 1668 193 1700 pum
229 1658 321 1692 fores
352 1663 456 1701 atque
493 1667 683 1700 pauperum
722 1668 817 1690 casas

114 1709 239 1751 pulsat.
296 1709 468 1750 Tabernas]
504 1710 635 1741 Domus
659 1707 817 1740 humilio-

114 1768 180 1792 res.

157 1811 199 1841 1⁴
217 1808 400 1849 &numque
413 1807 535 1848 tunes]
551 1807 620 1839 Per
635 1810 751 1846 turres,
764 1806 819 1838 vel

114 1858 262 1891 munitas
274 1859 406 1899 Regum
418 1866 514 1889 arces
530 1856 703 1897 intelligo,
717 1865 738 1887 a
750 1859 819 1887 ter·

116 1907 239 1948 rendo,
254 1911 294 1939 ut
317 1907 449 1947 volunt,
474 1906 610 1938 dictas:
631 1905 686 1938 vel
711 1905 820 1937 celsas

116 1958 261 1991 divitum
277 1958 404 1990 domos.

160 2011 202 2040 15
231 2008 315 2041 Vite
328 2018 448 2040 suma
469 2007 589 2049 brevis]
611 2006 735 2047 Στιγμῆ
743 2004 819 2047 χρό·

116 2058 340 2091 mvn-asom»
354 2058 372 2090 ὃ
384 2057 466 2099 βίος,
477 2058 586 2100 iuquit
599 2057 818 2089 Plutarchus.

116 2109 207 2143 Quid
223 2109 313 2141 enim
330 2113 460 2150 puncto
476 2107 641 2149 temporis
659 2106 819 2138 brevius?

115 2162 154 2192 et
166 2159 324 2191 tamensi
339 2158 381 2191 ad
398 2157 631 2190 aeternitatem
643 2156 819 2198 respicias,

115 2218 160 2241 ne
183 2214 313 2251 puncto
328 2208 466 2251 quidem
482 2207 646 2249 temporis
661 2207 819 2240 vivimus.

95 2259 100 2266 “
120 2259 204 2293 Vieoe
214 2258 349 2300 summ]
369 2258 441 2290 Pro
452 2267 640 2299 paucorum
655 2266 819 2289 annorum

115 2318 267 2342 numero.
285 2309 404 2341 Comm-
450 2309 534 2342 Vitoe
547 2309 683 2350 summa]
705 2308 820 2340 Breve

119 2359 200 2391 vitae
216 2358 366 2400 spatium
389 2358 527 2399 longam
553 2367 694 2400 sperare
717 2358 819 2390 vitam

121 2418 184 2441 nos
192 2413 298 2442 vetat.

163 2460 206 2490 16
227 2458 306 2489 Jam
332 2456 380 2498 te]
415 2457 540 2490 Statim
576 2461 612 2489 te
649 2458 821 2499 opprimet

121 2515 224 2547 mors,
248 2515 340 2548 qnae,
354 2506 540 2538 secundum
555 2507 757 2548 Epicureos,
770 2508 821 2540 ni-

119 2557 168 2589 hil
181 2555 287 2588 habet
302 2560 430 2596 proeter
441 2556 612 2588 tenebras.
636 2557 823 2599 Fabuzaeqnoe

120 2605 242 2647 mnes]
263 2606 337 2646 Ego
352 2614 457 2637 manses
470 2604 539 2636 dici
554 2605 685 2644 subulas
704 2607 822 2638 existi-

121 2665 190 2695 mo,
206 2665 248 2687 ex
266 2654 512 2696 Epicureorum
538 2655 722 2694 sententia,
733 2655 824 2696 quod

122 2706 206 2738 nihil
224 2711 351 2747 praeter
365 2705 464 2737 inane
479 2709 706 2736 commentum
729 2705 798 2736 sint
814 2715 824 2736 ε

123 2757 175 2789 sic
204 2756 294 2788 enim
318 2755 384 2787 hoc
414 2754 580 2787 vocabulo
608 2758 744 2786 veteres
773 2754 825 2786 usi

123 2810 225 2846 sunt3
258 2815 323 2838 nec
351 2804 505 2845 dubium,
529 2804 611 2846 quin
641 2803 825 2837 Horatium

124 2857 249 2890 imitari
270 2856 415 2889 voluerit
435 2854 590 2898 Persius,
605 2854 680 2889 Sat.
698 2864 734 2889 v.
748 2857 823 2888 151.

1456 298 1568 340 1347

864 408 941 431 cum
962 398 1031 431 ait:
1055 400 1064 417 ⁸
1081 397 1229 440 Indulge
1254 397 1367 439 genio,
1391 407 1570 440 carpamus

863 450 991 483 dulcia.
1022 449 1190 482 Nostrum
1207 454 1262 481 est
1277 448 1378 483 Quod
1390 449 1487 481 vivis.
1516 450 1572 481 Ci-

863 500 929 540 nis,
944 505 980 532 et
997 509 1126 540 manes,
1144 504 1182 532 et
1197 499 1317 531 fabula
1331 498 1419 532 fies!
1467 499 1571 531 Fabu-

861 550 976 592 leque]
999 550 1158 583 Fabulosi
1183 549 1297 590 inferi,
1322 549 1366 581 de
1389 548 1512 591 quibus
1536 552 1573 581 et

863 600 999 639 Poetae,
1015 606 1052 633 et
1067 600 1268 642 Philosophi
1294 604 1365 631 tam
1389 599 1500 631 multa
1523 597 1573 629 fa-

863 651 1038 684 bulantur.
1082 651 1214 693 Manes]
1254 651 1314 683 Dii
1348 650 1426 682 boni
1455 649 1573 681 Manes

865 702 1080 744 dicebantur,
1096 702 1186 734 unde
1198 705 1234 733 et
1256 702 1265 719 ‘
1277 710 1376 733 mane
1387 699 1395 713 ¹
1423 705 1575 732 tractum

864 756 1012 794 putant:
1035 762 1113 784 nam
1137 751 1280 792 ‘mane‚'
1306 750 1397 792 apud
1414 750 1573 792 antiquos

865 803 989 837 bonum
1005 803 1199 835 dicebatur.
1224 803 1344 834 Comm.

909 857 948 886 1⁷
970 854 1093 886 Domus
1105 854 1200 886 exilis
1217 851 1381 893 Plutonia]
1397 851 1476 884 Non
1493 849 1574 892 quia

863 904 947 946 ipsae
965 905 1089 936 animae
1105 905 1226 943 exiles,
1244 903 1308 936 hoc
1325 908 1392 941 est,
1411 900 1577 934 umbrati-

866 964 938 986 σωκ
961 954 1016 986 vel
1041 954 1120 996 quia
1144 954 1254 986 inanis
1281 958 1318 986 et
1340 962 1460 986 vacua.
1504 951 1575 983 Sed

866 1010 997 1037 arctam
1024 1009 1061 1036 et
1089 1010 1267 1046 angustam
1301 1002 1475 1046 frequenti
1501 1002 1576 1034 ani-

865 1065 995 1088 marum
1011 1064 1178 1088 concursu
1194 1055 1362 1087 redditam
1374 1053 1574 1086 Plutoniam

866 1106 1002 1138 domum
1039 1105 1312 1147 interpretabor.
1350 1103 1576 1146 hyperbolica

867 1157 954 1188 enim
972 1156 1114 1188 Flaccus
1129 1155 1314 1197 significat,
1337 1163 1400 1196 per
1422 1153 1577 1185 assiduas

866 1206 1032 1239 bellorum
1054 1205 1203 1238 civilium
1229 1205 1358 1245 caedes,
1373 1209 1442 1236 tam
1458 1204 1577 1235 imma-

867 1266 928 1290 nes
953 1266 1108 1297 acewos,
1132 1256 1196 1288 hoc
1211 1259 1280 1295 est,
1295 1259 1410 1287 tantas
1418 1254 1490 1296 jam
1507 1253 1577 1295 pri-

868 1307 946 1338 dem
972 1307 1186 1338 accessiones
1216 1305 1327 1338 factas
1355 1308 1578 1344 mortuorum,

868 1361 906 1387 ut
922 1356 1142 1387 metuendum
1159 1355 1217 1394 sit,
1232 1360 1270 1386 ut
1283 1355 1337 1385 vel
1361 1354 1436 1394 ipse
1462 1352 1578 1384 Ache·

867 1415 961 1442 runs,
974 1406 1111 1437 tametsi
1127 1406 1295 1437 maximus
1306 1408 1342 1436 et
1359 1403 1574 1435 vastissimus

866 1455 1062 1496 capacitate
1092 1465 1164 1497 sua,
1190 1456 1274 1487 satis
1306 1464 1408 1496 porro
1435 1452 1574 1486 futurus

867 1515 934 1537 non
951 1505 996 1537 sit
1021 1505 1184 1538 morituro
1210 1505 1320 1546 gregi.
1343 1504 1466 1537 Douza.
1510 1503 1578 1536 Do·

864 1564 933 1586 mus
947 1555 1056 1596 exilis]
1089 1555 1211 1596 Virgil.
1232 1555 1373 1586 ‘domos
1398 1554 1490 1586 Ditis
1518 1564 1576 1586 va-

865 1604 971 1646 cuas,'
994 1609 1030 1636 et
1054 1605 1188 1636 ‘inania
1202 1604 1331 1646 regna’
1354 1609 1471 1636 vocat.
1509 1605 1578 1637 Do-

865 1665 934 1687 mus
949 1655 1056 1697 exilis]
1073 1655 1120 1686 Ut
1135 1655 1503 1697 quid,magnansillam
1516 1655 1578 1686 do-

867 1715 972 1745 mum,
997 1714 1063 1746 quo
1086 1706 1249 1746 paulatim
1266 1714 1395 1741 omnes,
1412 1709 1575 1746 tanquam

866 1755 910 1788 ad
925 1754 1033 1787 fatale
1060 1754 1232 1796 quoddam
1253 1755 1459 1795 πανδοχεῖον,
1483 1753 1577 1795 cogi·

868 1813 957 1844 mur,
971 1804 1083 1836 exilem
1094 1803 1204 1835 dixit?
1236 1804 1354 1837 Quare
1366 1803 1458 1836 aliud
1474 1812 1577 1836 exco-

870 1853 1058 1895 gitandum.
1101 1854 1246 1885 Veteres
1261 1853 1404 1886 fatalem
1418 1854 1513 1885 illum
1529 1853 1578 1886 lo-

868 1914 958 1941 cum,
983 1914 1051 1946 quo
1073 1913 1242 1946 nunquam
1258 1903 1404 1936 redituri
1418 1913 1438 1936 a
1453 1907 1578 1935 natura

869 1956 1076 1996 relegamur,
1109 1955 1242 1986 exilium
1280 1954 1459 1986 dicebant.
1518 1954 1578 1987 Sic

869 2005 1004 2036 Seneca
1030 2004 1138 2036 Herc·
1162 2005 1244 2037 Fur.
1272 2004 1492 2036 ‘Nocentnm
1507 2004 1579 2036 exi·

868 2054 936 2095 lia,’
958 2055 1072 2086 locum
1087 2054 1154 2086 illis
1171 2054 1262 2095 apud
1278 2053 1409 2086 inferos
1425 2054 1579 2087 destina-

869 2108 941 2137 tum
953 2109 1064 2136 vocat.
1100 2105 1147 2136 Et
1162 2105 1306 2136 Flaccus
1318 2113 1360 2136 u.
1376 2104 1445 2137 od.
1460 2106 1492 2136 3.
1507 2105 1517 2122 ⁸
1532 2104 1578 2136 Et

869 2165 930 2187 nos
950 2155 985 2187 in
1014 2159 1180 2187 aeternum
1198 2155 1347 2187 Exilium
1372 2154 1578 2196 impositura

869 2205 1027 2248 cymbae.'
1071 2207 1164 2249 Ergo
1175 2208 1284 2239 domus
1292 2207 1384 2238 exilii
1398 2215 1576 2239 censerem

870 2256 1063 2298 legendum,
1081 2257 1172 2299 quod
1196 2262 1250 2290 est
1265 2257 1418 2290 exilium.
1454 2257 1578 2296 Utere,

869 2306 993 2348 inquit,
1018 2311 1124 2339 aetate
1149 2311 1222 2348 tna,
1251 2307 1371 2341 Sexti:
1389 2307 1462 2348 jam
1485 2307 1576 2339 enim

870 2365 938 2387 nox
965 2360 1001 2388 et
1012 2365 1128 2388 manes
1145 2356 1208 2388 tibi
1223 2356 1367 2397 instant,
1382 2361 1419 2388 et
1435 2356 1576 2388 exilium

869 2405 970 2446 illud,
984 2416 1052 2448 quo
1077 2415 1154 2438 cum
1175 2407 1350 2446 relegatus
1376 2405 1497 2445 fueris,
1517 2415 1577 2437 ne-

871 2465 936 2498 que
966 2456 1059 2497 vino,
1088 2465 1200 2498 neque
1225 2456 1397 2488 amoribus
1427 2455 1574 2487 vacabis.

873 2506 1036 2537 Heinsius.
1083 2506 1205 2537 Domus
1219 2506 1314 2537 exilis
1328 2503 1496 2543 Plutonia]
1507 2503 1577 2534 Per

872 2557 984 2588 exilem
1010 2557 1134 2587 domum
1157 2556 1334 2587 intellexit
1362 2554 1474 2585 Poeta
1496 2554 1507 2571 ‘
1523 2562 1578 2584 se-

873 2603 1076 2647 pulchrum.'
1134 2603 1236 2636 Quod
1266 2613 1328 2635 cur
1358 2603 1441 2634 exile
1469 2606 1580 2642 vocet,

874 2665 941 2687 non
957 2659 1022 2696 est,
1037 2653 1126 2695 quod
1144 2653 1314 2685 rationem
1333 2651 1486 2692 afferam,
1499 2660 1579 2683 cnm

874 2705 986 2737 cuivis
1008 2710 1127 2736 notum
1153 2704 1213 2742 sit,
1236 2712 1338 2745 quam
1363 2701 1476 2743 exigui
1502 2701 1578 2734 loco

874 2754 1072 2786 claudamur
1085 2753 1225 2794 mortui,
1250 2753 1309 2795 qui
1333 2756 1429 2784 tanto
1454 2757 1578 2794 paratu

875 2809 944 2837 tam
961 2806 1030 2837 lata
1046 2809 1213 2836 terrarum
1225 2802 1338 2844 spatia
1354 2802 1421 2834 vivi
1436 2802 1580 2844 conqui-

875 2855 988 2888 rimus.
1032 2854 1234 2898 Sepulcrum
1254 2858 1369 2887 autem
1394 2853 1404 2872 ‘
1422 2851 1577 2886 domum'
