1930 3204
394 277 504 318 1522

434 381 476 410 24
501 379 648 418 compede
669 379 818 421 vinctum]
841 380 948 412 Grata
973 381 1078 412 servi-

393 432 477 459 tute.
518 427 642 466 [Vand.
659 430 688 459 1.
704 433 739 459 et
753 432 783 460 5.
799 438 819 460 ιι
842 439 886 460 ιιι.
911 438 963 470 pr.
987 429 1076 460 Com·

390 478 465 517 pede
478 476 620 516 victum]

433 527 474 556 25
499 524 605 556 Terret
623 524 794 564 ambustus]
823 525 993 566 Exemplis
1018 525 1076 556 do-

393 578 450 604 cet
464 571 665 612 Phyllidem,
681 573 804 606 debere
831 583 961 606 omnem
983 583 1075 615 spem

391 622 527 662 Telephi
547 621 727 662 deponere,
749 633 824 654 cum
845 624 903 656 ille
917 624 961 655 sit
977 632 1077 663 supra

392 670 560 702 fortunam
569 680 672 702 suam.
693 671 867 703 Phaethon
876 676 967 703 vetat
978 671 1076 702 a'vide

394 729 543 760 sperare,
553 719 610 761 qui
619 721 790 761 negotium
803 731 905 762 supra
912 721 998 752 vires
1009 729 1077 751 sns-

392 769 533 809 cipiens‚
556 769 690 801 scilicet
711 771 845 810 paterni
868 779 984 801 currus
1006 778 1075 800 mo-

393 817 611 856 derationem,
638 819 706 858 igni
738 819 931 850 combustus
966 818 1075 858 periit.

393 867 514 898 Anam
536 867 620 907 spes]
643 867 773 898 Avarus
793 867 836 898 ab
850 867 978 898 avendo
993 866 1075 897 dici-

393 919 460 954 tur,
479 925 546 947 non
568 916 643 946 oeris
660 921 800 955 tantum,
815 916 874 947 sed
890 921 924 946 et
939 916 1076 946 aliarum

393 972 503 994 rerum
514 969 694 1003 appetem:
715 973 826 1004 neque
839 964 927 994 enim
943 972 1078 1003 semper

393 1011 428 1040 in
448 1011 705 1050 reprehensione
728 1016 779 1042 est
803 1020 934 1050 avarus,
956 1011 1014 1042 sed
1030 1011 1078 1042 in-

393 1059 524 1089 terdum
543 1059 646 1090 etiam
665 1060 708 1091 sd
731 1069 784 1091 res
806 1061 960 1091 honestas
975 1059 1079 1090 refer-

395 1114 463 1147 tur,
478 1113 515 1139 ut
530 1118 604 1140 cum
627 1111 636 1127 ⁴
650 1109 789 1140 Graecos
805 1113 932 1148 praeter
945 1108 1078 1140 laudem

392 1157 516 1188 nullius
531 1158 668 1188 avaros'
688 1157 773 1189 dicit
795 1157 916 1189 Horat.
959 1156 1080 1188 Ami-as

393 1206 498 1244 igitur
511 1215 580 1246 spes
594 1206 814 1246 interpretor,
834 1215 898 1246 per
922 1215 1004 1246 quas
1026 1215 1080 1244 ea,

394 1264 468 1295 quae
484 1264 583 1295 supra
600 1255 685 1286 vires
697 1260 826 1286 nostras
840 1259 931 1293 sunt,
946 1255 1079 1295 assequi

393 1312 494 1343 posse
507 1303 712 1334 confidimus.
748 1304 903 1344 Nigidius
915 1303 1078 1343 composi-

394 1356 465 1382 tum
497 1360 570 1382 esse
600 1351 798 1382 vocabulum
828 1351 984 1386 credidit,
1017 1359 1079 1390 pro

395 1400 406 1416 ⁸
424 1400 540 1431 avidus
557 1399 658 1431 aeris.’
681 1399 759 1430 Vid.
776 1400 863 1431 Gen.
878 1402 954 1430 x.5.

435 1449 478 1478 26
491 1449 579 1489 Ales]
592 1448 743 1489 Pegasus
758 1447 932 1488 penniger,
949 1446 1000 1478 vel
1014 1446 1080 1477 ala·

397 1501 462 1528 tus.

436 1547 476 1576 27
491 1545 654 1577 Terrenum
662 1545 792 1586 equitem
796 1546 963 1585 gravatus]
974 1547 983 1564 ‘
995 1546 1025 1578 G
1031 1555 1080 1577 ra·

393 1593 482 1625 vari'
507 1602 582 1624 cum
606 1594 785 1625 accusandi
811 1603 902 1635 casu,
929 1603 988 1634 pro
1004 1604 1080 1634 gra-

395 1646 471 1672 vate
501 1650 541 1672 ac
574 1642 715 1673 moleste
750 1641 854 1682 ferre,
883 1643 1080 1674 vocabulum

394 1689 555 1720 Suetonio
567 1693 603 1719 et
613 1689 851 1725 Quinctilisno,
867 1690 1082 1731 ejusdemque

394 1736 504 1768 aetatis
513 1736 730 1777 scriptoribus
740 1736 911 1778 frequens.
936 1738 1081 1770 Bellero-

394 1786 536 1827 phontes
548 1790 760 1826 sutem‚ante
770 1785 1082 1826 Hipponemusdic-

395 1840 462 1875 tus,
476 1843 595 1866 nomen
609 1834 673 1866 hoc
694 1835 748 1865 vel
768 1844 788 1866 a
807 1835 942 1866 Bellero
965 1834 1083 1866 Corin·

398 1884 542 1915 thiorum
567 1884 734 1924 principe,
759 1893 859 1925 quem
889 1883 1081 1915 adolescens

395 1933 534 1973 occidit,
549 1933 678 1974 retulit,
690 1937 728 1964 ut
740 1933 774 1964 in
785 1931 906 1964 fabulis
915 1937 1080 1964 narratur.

395 1982 483 2013 Vide
502 1983 676 2014 Erasmum
698 1981 888 2022 proverbio,
909 1981 919 1999 ‘
936 1982 1081 2013 Bellero-

395 2030 530 2070 phontis
552 2030 701 2061 litterae.’
724 2031 863 2061 Torreat.
909 2030 1081 2070 Gravatus]

397 2078 573 2109 Gravatim
586 2078 696 2109 ferens
711 2078 1081 2117 Bellerophontem,qui

396 2126 499 2156 eoelos
523 2135 773 2163 conscensurus,
798 2129 847 2164 ut,
866 2125 946 2165 quid
971 2134 1080 2156 rerum

398 2178 517 2213 ageret
539 2173 675 2213 Jupiter
697 2177 929 2213 cognosceret,
952 2173 986 2203 in
1013 2178 1081 2204 ter-

397 2232 466 2254 ram
489 2223 626 2254 decidit.
673 2221 870 2263 [Bamberg.
894 2222 1079 2261 gravitatis,-

399 2272 542 2312 Guelph.
562 2271 750 2311 gravitaret]

439 2324 482 2352 29
503 2322 545 2352 Te
555 2321 650 2360 digna
660 2319 800 2360 sequare]
813 2321 861 2351 Ut
875 2329 1014 2361 sequare
1027 2329 1080 2352 res

398 2369 460 2401 tibi
486 2375 596 2409 aptas.
641 2370 685 2400 Et
700 2368 798 2408 ultra]
820 2368 915 2400 Ordo
937 2373 1012 2400 est:
1036 2369 1083 2401 Et

398 2419 485 2449 vites
507 2418 687 2458 disparem,
712 2417 860 2458 putando
882 2417 977 2449 nefas
998 2427 1083 2458 esse,

397 2477 535 2508 sperare
549 2467 638 2498 ultra
652 2476 748 2508 quam
765 2466 855 2497 licet.

441 2518 481 2547 31
493 2515 563 2555 Age
569 2515 638 2553 jam
650 2513 796 2554 meorum]
806 2514 836 2546 O
852 2513 975 2554 Phylli,
983 2523 1081 2555 quam

399 2564 543 2596 omnium
561 2569 759 2604 postremam
775 2571 886 2593 amare
911 2562 1081 2602 constitui,

401 2612 558 2644 condisce
573 2613 658 2652 lyrae
683 2611 812 2650 modos,
827 2620 906 2652 qnos
930 2610 1023 2642 suavi
1045 2614 1081 2642 et

401 2660 533 2692 amabili
548 2670 630 2692 voce
647 2660 819 2691 decantes.

442 2710 482 2738 33
507 2709 631 2748 Colcho]
655 2709 731 2740 Non
755 2709 821 2740 ulia
846 2706 1019 2748 incendat,
1044 2706 1080 2738 id

402 2759 465 2795 est,
476 2757 542 2787 no'n
554 2757 649 2788 alium
661 2756 790 2789 amabo.

846 289 985 320 No'rAE
1016 289 1272 320 VARIORUM
1307 289 1357 319 IN

1167 383 1208 412 34
1233 381 1378 412 Condisce
1387 380 1504 420 modos]
1526 379 1732 420 Obliviscere
1753 388 1805 415 01⁴-

1126 437 1168 468 go
1196 429 1350 470 Telephi,
1380 434 1414 460 et
1444 438 1535 460 meos
1566 438 1695 469 versus,
1722 439 1804 471 quos

1126 477 1259 508 amabili
1285 482 1344 509 tua
1363 486 1444 509 voce
1467 477 1590 509 recites
1614 482 1651 510 et
1675 482 1811 518 cantesy

1125 525 1293 566 condisce,
1310 531 1344 557 et
1358 525 1572 558 sollicitudini
1597 525 1640 558 ob
1659 535 1804 558 umorem

1124 574 1267 615 Telephi
1284 580 1467 607 contractae
1487 575 1664 607 valedicss.
1679 575 1791 607 laabin.

1166 625 1206 653 35
1229 623 1318 655 Atroe
1329 624 1425 664 curce]
1442 624 1483 655 Id
1498 628 1565 663 est,
1580 624 1706 662 tristes,
1717 623 1805 665 quod

1125 669 1221 710 niger
1235 672 1328 702 color
1343 671 1507 703 infaustus
1521 671 1583 702 sit:
1607 671 1654 704 sic
1668 671 1806 703 Homer.

1124 717 1269 756 μελαίνας
1283 719 1389 752 ὀδύνας
1410 720 1507 752 dixit.
1548 720 1636 752 Vide
1659 719 1807 752 Turneb.

1125 775 1176 798 ιν.
1191 770 1242 800 14.
1264 769 1408 800 Pulmun.
1791 795 1794 799 -

1126 816 1208 848 One
1233 826 1300 850 xn.
1342 817 1552 859 Παραινενηκή.
1596 817 1652 849 An
1676 817 1807 848 Vmer-

1165 874 1269 897 ιιυΜ.
1310 867 1481 898 Describit
1495 866 1596 899 Veris
1616 866 1808 904 adventum,

1168 918 1203 944 et
1213 914 1386 954 Virgilium
1402 916 1444 946 ad
1456 916 1643 948 convivium
1654 915 1715 946 sub
1725 923 1803 946 con·

1168 962 1295 993 ditione
1310 962 1441 994 invitat.

1170 1010 1246 1041 Non
1258 1009 1417 1050 displicet
1431 1010 1560 1050 titulus,
1573 1018 1672 1051 quem
1692 1010 1727 1041 in
1749 1010 1807 1041 tri-

1127 1057 1189 1088 bus
1199 1057 1298 1088 codd.
1308 1058 1392 1088 Mss.
1404 1057 1560 1098 repperi:
1575 1057 1629 1088 Aa
1644 1057 1810 1096 Virgilium

1126 1107 1372 1146 unguentarium,
1392 1107 1475 1138 urbis
1497 1106 1681 1147 &scripum
1702 1106 1811 1137 Pam-

1128 1156 1238 1187 netice.
1281 1155 1546 1195 Unguentsrium
1573 1159 1684 1187 autem
1707 1153 1810 1186 fuisse

1127 1204 1209 1236 illud
1221 1205 1368 1236 ostendit
1379 1213 1389 1235 ε
1404 1205 1414 1222 ‘
1427 1204 1510 1236 Cum
1521 1208 1579 1235 tua
1591 1204 1688 1235 velox
1699 1211 1811 1234 meree

1128 1254 1203 1285 veni
1214 1253 1236 1285 :'
1258 1263 1323 1295 quo
1352 1253 1452 1284 etiam
1481 1252 1694 1284 referendum
1722 1251 1810 1292 quod

1127 1303 1300 1344 sequitui-2
1319 1303 1461 1333 ‘Verum
1477 1311 1563 1342 pone
1575 1310 1682 1333 moras
1693 1305 1730 1332 et
1741 1306 1810 1332 stu-

1127 1352 1217 1382 dium
1245 1351 1351 1382 lucri.’
1394 1351 1464 1382 Illis
1479 1354 1574 1382 certe
1588 1358 1660 1381 non
1671 1348 1811 1380 assenti-

1127 1410 1176 1439 or,
1191 1400 1246 1441 qui
1273 1399 1382 1430 odam
1396 1399 1538 1439 Virgilio
1562 1397 1674 1438 poetae
1694 1396 1810 1428 inscri-

1127 1448 1235 1479 bunt-³
1261 1449 1403 1479 Torrent.

1170 1500 1186 1527 l
1213 1495 1408 1536 Temperavit]
1431 1496 1516 1528 Quae
1542 1503 1634 1526 mare
1650 1493 1811 1535 tranquil-

1126 1546 1193 1577 lum
1211 1545 1366 1576 reddunt.
1771 1542 1773 1544 ’

1168 1597 1188 1625 2
1210 1593 1376 1633 Ιηιρεῑίιιιιι
1399 1589 1525 1630 αηίηιιε]
1547 1590 1679 1622 Thracii
1703 1590 1810 1630 venti,

1127 1641 1162 1673 id
1178 1645 1243 1676 est.
1257 1640 1408 1678 Favonii,
1422 1639 1598 1679 impellunt
1619 1639 1703 1670 veis.
1732 1638 1811 1670 Ani·

1128 1698 1186 1719 moe
1202 1687 1353 1727 Thraciae]
1371 1687 1546 1718 Thracium
1557 1692 1692 1718 ventum
1706 1685 1811 1728 Aqui-

1129 1738 1239 1768 lonem
1254 1741 1311 1767 sut
1324 1737 1465 1767 Boream
1476 1735 1608 1775 proprie
1618 1744 1689 1766 esse
1699 1728 1821 1767 osten-⁴

1130 1786 1251 1826 dimus,
1266 1795 1292 1817 ι.
1310 1786 1377 1817 Od.
1391 1788 1442 1816 16.
1477 1784 1532 1816 Αιι
1546 1793 1626 1825 ergo
1639 1789 1676 1816 et
1688 1785 1750 1816 hoc
1763 1785 1812 1816 lo-

1129 1845 1171 1867 co
1207 1837 1217 1854 ⁴
1230 1835 1354 1867 animas
1388 1833 1547 1866 Thracias
1559 1833 1568 1847 ’
1605 1842 1667 1874 pro
1699 1834 1810 1865 ventis

1130 1884 1391 1926 Aquilonaribus
1406 1883 1493 1914 dixit
1507 1882 1670 1914 Horatius
1685 1882 1697 1913 ἓ
1731 1881 1772 1913 Id
1785 1882 1813 1913 si

1129 1934 1177 1965 ita
1191 1939 1257 1972 est,
1270 1942 1331 1965 cur
1343 1942 1400 1964 eos
1415 1933 1494 1963 veris
1507 1932 1631 1963 comites
1645 1931 1812 1971 appellat?

1130 1982 1222 2013 Vere
1229 1982 1315 2012 enirn
1324 1979 1463 2012 Favonii
1471 1978 1564 2019 flant,
1573 1978 1812 2019 hiberniamque

1129 2031 1282 2061 molliunt
1295 2030 1425 2068 coelum,
1441 2033 1476 2060 et
1489 2027 1723 2068 navigantibus
1733 2035 1813 2066 spe·

1129 2079 1220 2109 riunt
1245 2087 1349 2118 mare,
1379 2080 1416 2107 ut
1439 2085 1496 2107 ιιι.
1521 2075 1588 2107 Od.
1616 2078 1650 2107 7.
1673 2074 1809 2106 dictum.

1129 2125 1251 2156 Animoe
1275 2134 1354 2164 ergo
1381 2123 1520 2155 Thraciae
1544 2132 1608 2154 non
1632 2123 1810 2155 invenuste

1129 2172 1285 2203 dicuntur
1310 2172 1401 2204 venti
1415 2181 1539 2210 omnes,
1551 2179 1690 2212 qnorum
1705 2172 1811 2203 veluti

1129 2221 1225 2252 sedes
1250 2230 1289 2252 ac
1309 2220 1511 2252 domicilium
1527 2219 1692 2261 quoddam
1706 2220 1809 2252 Thra-

1130 2269 1182 2300 cia
1196 2273 1259 2300 est.
1301 2268 1398 2301 Quod
1415 2277 1494 2299 vero
1510 2267 1606 2299 addit
1619 2269 1699 2300 veris
1720 2269 1812 2300 comi·

1130 2321 1186 2358 ter,
1195 2323 1229 2348 et
1238 2326 1303 2357 quoe
1310 2326 1391 2348 mare
1402 2320 1566 2357 temperant
1573 2339 1582 2356 ,
1597 2317 1737 2357 perinde
1746 2322 1812 2354 est,

1130 2375 1170 2398 ac
1185 2366 1212 2397 si
1235 2375 1310 2397 cum
1332 2366 1342 2383 ‘
1353 2365 1444 2396 venti
1458 2365 1467 2379 ’
1486 2365 1638 2406 dixisset,
1649 2365 1812 2406 adjunge-

1130 2419 1183 2446 ret
1197 2413 1374 2454 ‘Favonii,'
1397 2422 1461 2454 quo
1476 2412 1519 2444 de
1530 2417 1624 2445 certo
1639 2418 1811 2445 ventorum

1130 2473 1252 2504 genere
1265 2473 1301 2494 se
1317 2463 1405 2504 loqui
1425 2463 1642 2494 ostenderet:
1665 2462 1698 2494 id
1724 2463 1811 2494 enim

1129 2513 1172 2544 ad
1194 2513 1276 2544 alios
1304 2521 1403 2553 quam
1425 2511 1587 2543 Favonios
1611 2510 1728 2543 referri
1753 2519 1810 2542 ne*-

1131 2562 1214 2603 quit.
1241 2556 1380 2592 Tor-rent.

1170 2613 1191 2641 3
1213 2609 1342 2649 Rigent,
1352 2607 1522 2649 necfluoii]
1538 2607 1616 2640 Non
1629 2607 1738 2648 glacie
1751 2605 1808 2639 du-

1129 2663 1277 2691 rescunt.

1170 2710 1190 2739 4
1215 2705 1361 2746 Turgffli]
1383 2704 1495 2737 Aucti.

1149 2750 1189 2786 ‘⁴5
1217 2756 1291 2795 Ityn
1308 2754 1458 2795 flebiliter
1478 2751 1617 2792 gemus]
1638 2749 1728 2782 Nota
1737 2756 1806 2780 om·
