1916 3262
553 288 758 318 nonA'ru
793 286 1066 319 cARMmuM
1101 289 1196 319 mn.
1226 289 1281 318 11.
1310 279 1353 320 6.

229 380 361 411 tentes'
379 380 564 421 appellent,
579 382 721 410 venusta
743 377 925 409 admodum

227 431 487 471 compositione.
503 429 646 460 Tem-ent.
682 428 778 460 Tauri
789 427 924 467 ruentis]

227 478 366 511 Pondus
390 479 454 512 viri
485 478 612 512 robusti
634 476 676 509 ad
703 477 922 509 concubitum

228 528 393 571 prompti.

266 581 289 609 6
308 578 474 619 Juvencoe]
495 578 577 609 Tuoe
593 578 728 618 puellae.

267 631 287 659 7
311 628 452 660 Soluntis
465 627 589 668 astum]
613 626 864 666 Refrigerantis
880 637 922 658 ae·

223 682 326 709 stum.

265 730 286 758 9
310 725 561 767 Proegeotiemis]
581 726 813 758 Vehementer
825 726 920 766 cupi-

222 777 310 808 entis
326 777 444 808 ludere
465 786 531 808 non
555 786 632 807 cum
649 776 754 807 tauris
767 775 920 816 morosis,

219 825 280 857 sed
303 834 380 857 cum
395 825 509 856 vitulis
536 826 625 856 laetis
641 825 677 856 iu
700 825 768 856 udo
790 825 921 865 salicto,

217 874 252 905 id
283 878 347 914 est,
369 874 403 905 in
435 875 524 910 loco,
553 874 713 906 salicibus
746 880 919 906 conserto.

221 923 304 956 Tolle
339 924 530 965 cupidinem]
552 926 614 956 Est
648 926 716 956 alia
746 924 920 966 Allegoria

218 973 323 1006 ducta
337 974 382 1006 ab
397 975 590 1006 immatura.

262 1027 302 1055 1⁰
324 1024 463 1056 Immitis
488 1025 572 1065 utoe]
606 1024 738 1056 Puellae
762 1024 917 1065 impube-

216 1073 274 1113 ris,
298 1074 340 1105 ad
367 1075 585 1107 concubitum
610 1079 753 1116 propter
772 1077 917 1107 tenerio-

217 1131 289 1153 rem
311 1129 446 1156 aetatem
467 1125 606 1165 ineptae.
653 1125 781 1156 Lividos
803 1125 916 1158 distin-

214 1172 307 1213 guet]
329 1173 408 1205 Jam
424 1174 499 1211 tibi,
516 1174 639 1215 inquit,
654 1174 848 1206 Autumnus
866 1175 916 1216 ip-

216 1231 252 1252 so
270 1223 386 1255 colore
411 1223 573 1256 indicium
597 1223 717 1263 faciet,
739 1225 821 1266 quid
844 1230 915 1258 tuto

215 1281 350 1313 carpas,
361 1273 510 1315 quidque
525 1274 636 1305 adime
653 1275 834 1316 relinquas.

259 1324 297 1353 ll
326 1323 512 1362 Distinguet
544 1324 735 1364 Autumnus]
770 1324 913 1356 Autum-

213 1381 275 1402 nus
291 1371 353 1403 tibi
369 1371 502 1403 fructus
517 1376 668 1402 maturos
681 1372 857 1412 depinget,
878 1372 912 1403 id

213 1425 280 1459 est,
293 1423 426 1461 tempus
439 1419 651 1461 subsequens
663 1421 762 1451 istam
775 1421 835 1452 tibi
848 1421 912 1452 vir-

210 1469 322 1510 ginem
340 1469 536 1500 maturabit.

255 1521 295 1550 12
318 1519 480 1560 Purpureo
504 1519 613 1551 varius
635 1520 750 1561 colore]
775 1520 816 1551 Id
846 1525 912 1562 est,

210 1567 392 1600 distinctus
407 1574 443 1600 et
465 1573 606 1600 ornatus
629 1578 802 1610 purpureo
818 1570 908 1601 colo-

207 1625 258 1653 re,
273 1617 307 1648 id
325 1622 391 1658 est,
405 1618 512 1658 pomis
527 1623 562 1650 et
578 1620 649 1650 uvis
666 1620 827 1660 purpurei
853 1630 909 1652 co-

209 1667 300 1698 loris.
316 1668 435 1707 varius,
446 1668 481 1699 ni
494 1667 605 1710 fallor,
618 1668 707 1700 idem
719 1668 794 1700 fere
804 1670 910 1710 valet,

208 1716 299 1758 qnod
324 1717 576 1758 πεποικιλμένος,
602 1719 636 1750 id
661 1723 727 1760 est,
745 1720 909 1752 distinctus

209 1777 246 1798 uc
260 1768 412 1807 depictus.
427 1769 586 1799 Torrent-

250 1819 291 1848 13
312 1818 389 1848 dum
413 1820 443 1848 te
471 1818 630 1858 sequetur]
668 1819 803 1858 Puella,
831 1829 908 1860 quae

206 1870 348 1906 propter
369 1871 508 1898 aetatem
530 1867 744 1899 immaturam
761 1874 795 1899 te
819 1877 909 1900 nunc

209 1914 348 1956 refugit,
376 1916 575 1956 propediem
603 1922 747 1957 matura,
762 1922 796 1949 te
818 1918 908 1949 ultro

207 1971 317 2006 petet.
365 1966 488 2005 Currit,
514 1966 584 2007 φη]
614 1967 691 1998 Non
725 1967 825 1999 tarda
856 1973 907 2000 est

207 2019 306 2054 aetas,
321 2015 391 2056 cito
411 2015 498 2055 pede
514 2016 651 2047 labitur.
695 2017 802 2049 Ferox
815 2017 907 2058 aetas]

204 2064 262 2095 Sic
275 2065 494 2104 juventutem
512 2070 623 2105 vocat,
639 2067 728 2106 quod
746 2071 829 2098 aetas
845 2067 905 2099 illa

202 2112 246 2144 ob
260 2113 435 2153 sanguinis
450 2113 620 2146 fervorem
635 2114 765 2146 feroces
781 2125 840 2147 nos
854 2115 903 2148 fa-

201 2162 284 2194 ciat.
310 2162 455 2194 Tamne.

246 2214 287 2244 14
311 2213 356 2244 Ee
385 2213 445 2251 illi,
469 2213 558 2254 quos]
581 2215 626 2246 Et
654 2219 753 2255 aetas,
776 2215 810 2247 id
838 2219 900 2252 est,

201 2265 337 2303 tempus
353 2262 494 2304 adjiciet
516 2269 584 2295 tuae
606 2264 722 2306 Lalagi
737 2264 900 2298 florentes

202 2321 319 2352 anuos,
334 2322 417 2355 quos
441 2312 504 2344 tibi
521 2313 684 2353 detraxit,
703 2314 737 2346 id
761 2320 826 2354 est,
843 2316 901 2347 illa

200 2366 419 2402 maturescet,
432 2366 470 2394 tu
494 2372 575 2395 vero
600 2373 767 2397 senesces.
814 2366 901 2402 Quos

200 2410 260 2441 siin·
283 2411 465 2452 dempserit]
487 2412 581 2452 Tibi,
606 2413 672 2445 hoc
697 2419 762 2452 est,
785 2416 899 2447 aetatis

202 2462 270 2490 tuae
293 2457 446 2498 flosculo,
471 2465 509 2491 ut
535 2461 626 2502 quod
657 2462 720 2494 tibi
747 2463 899 2504 decedit,

201 2508 250 2538 illi
276 2509 440 2540 accedere
462 2510 708 2550 quodammodo
730 2513 899 2545 videatur.

202 2557 346 2589 Torreat.

245 2610 284 2639 15
306 2607 383 2639 Jum
401 2609 564 2650 protervo]
585 2610 663 2642 Jam
679 2612 732 2642 vel
751 2612 827 2652 ipsa
848 2617 899 2645 ta·

201 2663 316 2696 cente,
330 2659 446 2690 vultus
461 2659 518 2691 ille
535 2665 714 2700 protervus
738 2672 778 2693 ac
794 2663 898 2694 lubri-

200 2719 260 2739 cus
284 2708 409 2740 indicio
430 2709 509 2748 erit,
531 2709 619 2740 ultro
639 2719 713 2741 eam
739 2712 897 2744 maritum

199 2762 375 2798 appetere.
418 2759 494 2790 Jom
527 2760 687 2800 proterva]
722 2761 801 2793 Jam
840 2767 898 2794 tua

201 2808 328 2852 Lalage
342 2814 376 2840 te
390 2810 547 2841 maritum
563 2813 661 2850 petet
676 2809 789 2843 fronte
805 2812 895 2845 inve-

1565 282 1678 324 1403

976 378 1141 414 recunda,
1156 379 1191 410 id
1207 382 1272 417 est,
1284 388 1352 411 non
1367 379 1511 420 pudebit
1522 390 1595 413 eam
1607 394 1676 416 ma-

976 427 1078 459 ritum
1095 431 1229 467 petere.

1018 478 1058 507 1⁷
1092 476 1234 517 Dilecta,
1266 476 1431 518 quantum]
1479 477 1620 510 Dilecta
1656 492 1676 512 a

973 534 1190 568 quocunque,
1214 527 1273 568 qui
1297 537 1372 559 eam
1401 527 1540 568 viderit,
1568 529 1675 570 magis

972 585 1072 615 quam
1088 575 1218 609 Pholoe
1232 582 1267 608 et
1281 577 1425 614 Chloris,
1438 576 1587 610 foemiuae
1600 579 1676 619 pul·

972 623 1164 657 cherrimae.
1202 626 1336 667 Fugam]
1352 626 1455 658 Viros
1469 625 1620 668 fugiens,
1637 632 1675 660 ut

970 671 1051 705 inde
1067 674 1142 715 plus
1159 678 1302 706 ametur.

1016 726 1056 754 18
1087 723 1170 754 Albo
1201 724 1247 755 sic
1276 725 1420 765 humero]
1466 725 1594 766 Lalage
1624 725 1673 758 sic

969 773 1154 814 splendens
1174 774 1322 806 humeris
1345 774 1443 815 albis,
1456 774 1674 816 quemadmo-

970 821 1048 854 dum
1078 824 1160 855 luna
1188 834 1286 864 pura,
1312 824 1348 855 id
1376 828 1441 863 est,
1465 825 1545 855 luna
1573 825 1673 856 nullis

969 872 1102 904 nebulis
1125 872 1290 913 obducta,
1306 873 1505 915 resplendet
1531 874 1564 905 in
1588 875 1673 906 mari

969 926 1124 964 tempore
1140 929 1320 956 nocturno.

1009 976 1052 1004 20
1078 974 1248 1006 Cnidiusve
1272 974 1396 1016 Gyges]
1426 975 1522 1007 Puer
1546 974 1670 1008 formo-

968 1023 1118 1056 sissimus
1135 1024 1276 1056 Cnidius
1298 1025 1411 1057 dictus
1432 1035 1476 1056 ex
1495 1025 1604 1058 Cnido
1620 1026 1671 1057 in-

967 1074 1043 1105 sula
1057 1074 1184 1106 Veneri
1201 1074 1327 1106 dicata.

1010 1126 1050 1155 21
1077 1124 1176 1159 Quem
1201 1125 1229 1154 si
1253 1124 1442 1165 puellarum]
1475 1125 1584 1157 Quem
1601 1123 1671 1166 Gy-

967 1182 1035 1213 gen
1074 1174 1102 1204 si
1136 1174 1226 1205 inter
1257 1175 1386 1214 puellas
1428 1175 1670 1215 prostitueres,⁴

966 1222 1147 1254 discrimen
1175 1223 1370 1264 obscurum,
1401 1224 1435 1255 id
1466 1227 1532 1264 est,
1562 1234 1668 1265 parva

965 1271 1172 1310 differentia,
1189 1272 1327 1305 falleret
1344 1274 1544 1315 peregrinos
1561 1283 1669 1315 quan-

965 1323 1088 1353 tumvis
1108 1328 1225 1354 acutos
1241 1328 1276 1353 et
1298 1323 1528 1363 perspicaces.
1576 1323 1667 1355 Nam

963 1370 1178 1410 ignoraretur
1210 1371 1268 1402 ille
1304 1371 1346 1402 ab
1376 1371 1581 1412 hospitibus,
1607 1373 1666 1413 qui

963 1430 1040 1452 eum
1071 1420 1249 1461 aspiciant,
1273 1421 1352 1462 quia
1379 1421 1530 1453 crinibus
1556 1422 1666 1463 longis

962 1470 1082 1507 utitur,
1109 1475 1145 1502 et
1168 1471 1324 1510 intonsis,
1345 1471 1538 1513 faciemque
1561 1471 1666 1504 habet

962 1524 1030 1552 tam
1047 1525 1238 1557 venustam,
1254 1526 1289 1552 et
1307 1521 1460 1562 politam,
1479 1526 1516 1553 ut
1536 1522 1665 1563 ambigi

961 1571 1080 1612 possit,
1094 1572 1182 1603 sitne
1200 1581 1294 1612 puer,
1311 1581 1354 1602 an
1370 1572 1496 1613 puella.

1005 1621 1062 1662 [22
1086 1621 1173 1653 Mire
1196 1631 1341 1661 sagacem
1359 1621 1491 1659 falleret
1514 1621 1664 1662 hospitem

961 1671 1062 1703 codd.
1075 1672 1227 1703 nonnulli
1243 1682 1299 1712 ap.
1314 1670 1455 1710 Jaeck.]

1002 1724 1044 1753 23
1068 1722 1247 1753 Discrimen
1269 1720 1444 1760 obscurum]
1475 1721 1663 1756 Incertum,

960 1772 1051 1812 quod
1068 1781 1159 1812 aegre
1174 1771 1358 1803 internosci
1375 1774 1491 1812 queat.

1002 1822 1043 1851 24
1067 1820 1220 1859 Ambigua
1234 1820 1338 1860 vultu]
1363 1820 1418 1851 De
1431 1829 1497 1860 quo
1511 1819 1661 1861 ambige-

960 1878 1015 1900 res
1031 1869 1073 1900 ad
1090 1870 1259 1908 obtutum,
1272 1870 1483 1901 masculusne
1499 1874 1604 1910 esset,
1616 1879 1659 1901 an

961 1919 1086 1960 puella.
1118 1920 1284 1959 Cruquius.

960 1967 1043 2000 Ona
1069 1977 1122 2000 vr.
1159 1967 1414 2009 Προσφωιηπική.
1452 1968 1512 2000 An
1532 1969 1659 2001 Satvri-

1001 2027 1114 2050 mum.
1160 2019 1271 2059 Optat
1294 2019 1421 2050 habere
1447 2028 1517 2051 suae
1541 2029 1660 2051 senec-

999 2068 1083 2100 tutis
1107 2068 1237 2108 sedem,
1265 2069 1385 2108 Tibur,
1407 2074 1443 2100 et
1462 2070 1659 2110 Tarentum,

997 2127 1139 2159 quorum
1155 2119 1271 2150 laudat.
1287 2119 1528 2150 amoenitatem.

998 2170 1015 2198 1
1033 2167 1168 2208 Septimi
1186 2168 1308 2208 Gades]
1327 2169 1539 2210 Porphyrion
1556 2175 1657 2202 vocat

951 2216 1040 2248 hunc
1055 2217 1271 2258 Septimium‘
1282 2218 1432 2259 equitem
1456 2219 1656 2256 Romanum,

953 2266 1091 2298 Horatii
1106 2268 1386 2300 commilitonem.
1409 2268 1564 2301 Amicum
1582 2279 1656 2302 cer-

953 2320 987 2347 te
1003 2316 1233 2348 fidelissimum
1250 2316 1354 2349 fuisse
1367 2327 1508 2351 necesse
1521 2324 1585 2358 est,
1596 2321 1654 2361 qui

953 2366 994 2398 ad
1013 2372 1082 2398 tam
1100 2367 1282 2410 longinqua
1308 2373 1344 2400 et
1366 2369 1488 2401 dissita
1509 2371 1583 2402 loca
1598 2380 1654 2401 co-

950 2417 1068 2448 mitem
1085 2427 1120 2448 se
1132 2415 1266 2450 offerat.
1287 2419 1429 2451 Tment.
1469 2421 1575 2451 Gades
1585 2420 1653 2450 adt*-

950 2467 1035 2507 ture]
1048 2468 1130 2507 Qui,
1140 2468 1168 2498 si
1178 2477 1263 2507 opus
1276 2474 1340 2504 est,
1352 2478 1485 2500 mecum
1497 2469 1651 2501 aditurus

951 2528 987 2549 es
1002 2518 1119 2550 Gades
1133 2519 1286 2550 ultimam
1302 2521 1479 2561 Hispaniae
1496 2521 1652 2553 insulam.

948 2567 1198 2607 [Schoenborn.
1217 2570 1250 2598 2.
1274 2578 1341 2599 non
1365 2569 1520 2608 agnoscit
1546 2578 1652 2610 copu-

949 2618 1015 2648 lam
1031 2616 1090 2656 ει]

990 2668 1012 2697 2
1039 2665 1231 2696 Cantabrum
1255 2664 1426 2705 indoctum]
1461 2667 1546 2697 Cum
1573 2668 1648 2700 haec

948 2714 1121 2745 scribebat
1135 2713 1314 2753 Horatius,
1328 2714 1476 2746 nondum
1491 2714 1648 2757 Agrippa

950 2762 1167 2796 Cantabriam
1183 2762 1329 2802 Augusti
1349 2763 1508 2804 auspiciis
1522 2765 1646 2804 perdo-

948 2817 1094 2844 muerat.
1127 2812 1269 2844 Torreat.
1319 2812 1371 2844 De
1398 2812 1645 2847 Cantabrorum
