1916 3262
375 291 485 335 1314
844 302 886 338 Q.
915 298 1120 329 HoRA'rn
1154 300 1325 330 FnAccr

1489 362 1505 376 N

375 392 491 435 Celsi
511 396 769 446 praetereunt
788 396 964 432 austera
982 390 1187 443 po'emata
1209 391 1454 432 Rhamnes:

376 457 512 499 Omne
528 459 628 499 tulit
643 461 854 510 punctum
877 456 953 508 qui
971 456 1150 496 miscuit
1165 457 1267 497 utile
1287 458 1417 506 dulci,

375 524 602 565 Lectorem
625 521 892 571 delectando,
912 522 1156 574 pariterque
1178 523 1405 563 monendo.

375 589 466 630 Hic
485 591 618 629 meret
635 599 723 626 aera
741 587 848 626 liber
869 586 1011 626 Sosiis
1027 599 1038 636 ;
1069 586 1139 626 hic
1159 589 1204 627 et
1223 599 1338 628 mare
1357 588 1525 637 transit,
1704 587 1790 628 345

375 655 430 695 Et
449 653 619 705 longum
640 655 740 692 noto
761 651 958 703 scriptori
979 656 1184 703 prorogat
1203 664 1357 693 aevum.

377 721 490 760 Sunt
507 718 666 759 delicta
684 721 829 758 tamen
851 718 1011 769 quibus
1033 717 1254 768 ignovisse
1273 719 1484 760 velimus:

376 785 492 825 Nam
512 796 650 836 neque
669 782 829 823 chorda
849 795 1004 823 sonum
1025 781 1166 822 reddit
1187 795 1314 835 quem
1328 784 1421 825 vult
1435 796 1588 825 manus
1600 787 1644 824 et
1656 795 1797 839 mens,—

377 850 671 902 Poscentique
688 860 858 900 gravem
879 860 1076 900 persaepe
1093 848 1265 888 remittit
1283 853 1457 890 acutum
1477 863 1489 901 ;

378 916 477 957 Nec
495 928 664 967 semper
682 914 807 954 feriet
825 913 1133 966 quodcumque
1154 914 1386 955 minabitur
1404 928 1542 956 arcuS.
1714 914 1798 955 350

377 980 541 1022 Verum
560 982 633 1022 ubi
653 981 780 1033 plura
798 980 930 1020 nitent
949 980 993 1019 in
1015 980 1222 1028 carmine,
1242 992 1325 1020 non
1343 992 1424 1032 ego
1446 980 1602 1033 paucis

377 1047 581 1086 Offendar
601 1046 798 1094 maculis,
818 1057 927 1097 quas
949 1049 1023 1084 aut
1044 1045 1207 1085 incuria
1226 1044 1352 1094 fudit,

376 1111 467 1152 Aut
486 1112 672 1151 humana
691 1124 842 1163 parum
862 1111 978 1150 cavit
998 1115 1163 1151 natura.
1222 1109 1341 1160 Quid
1359 1123 1459 1163 ergo
1479 1114 1544 1152 est
1557 1111 1576 1150 ‘l

372 1239 535 1270 severiora.
569 1239 611 1270 At
626 1240 678 1269 ille
693 1240 825 1270 omnium
838 1238 1093 1279 suffragationem
1106 1239 1206 1276 aufert
1221 1238 1274 1279 qui
1280 1237 1451 1275 jucundum
1461 1240 1552 1276 atque
1563 1235 1641 1267 utile
1653 1235 1801 1276 conjunct-'⁶

374 1282 447 1318 erit,
461 1282 604 1312 lectorem
617 1281 790 1312 oblectando
804 1281 895 1311 simul
909 1284 938 1311 et
953 1281 1102 1311 docendo:
1125 1281 1199 1311 talis
1212 1281 1307 1310 codex
1321 1279 1418 1310 Sosiis
1432 1282 1582 1319 qua-stum
1599 1281 1701 1317 parat,
1714 1280 1802 1307 tram

374 1332 457 1353 mare
469 1326 626 1363 portatur,
638 1326 729 1362 atque
743 1322 988 1359 auctorifamam
1002 1322 1144 1352 conciliat
1159 1325 1190 1352 et
1203 1322 1477 1352 immortalitatem.
1507 1320 1588 1351 Sunt
1603 1322 1704 1350 tamen
1716 1326 1801 1349 erra-

375 1367 419 1401 ta,
435 1363 545 1402 quibus
557 1364 678 1394 veniam
701 1364 770 1393 dari
788 1363 889 1393 velim.
934 1363 1060 1392 Etenim
1074 1363 1186 1392 chorda
1206 1372 1267 1392 non
1289 1371 1405 1400 semper
1426 1362 1491 1392 edit
1508 1370 1614 1392 sonum
1630 1369 1718 1400 quem
1733 1359 1800 1389 vult

375 1413 459 1434 mens
473 1408 503 1434 et
517 1414 623 1435 manus
631 1414 643 1440 ;
666 1407 695 1434 et
717 1404 835 1443 petenti
847 1413 973 1442 gravem
987 1403 1149 1442 aliquando
1163 1406 1286 1433 acutum
1299 1402 1400 1432 reddit
1409 1412 1420 1431 .·
1442 1411 1496 1432 nec
1518 1411 1609 1432 arcas
1629 1398 1802 1432 mutuabit

375 1455 557 1485 quocumque
572 1447 686 1476 tendet.
732 1447 775 1476 At
790 1454 858 1474 cam
873 1454 943 1484 pars
956 1444 1053 1483 major
1067 1443 1213 1474 carminis
1221 1443 1355 1482 speciosa
1367 1443 1482 1480 snex-it,
1505 1451 1562 1480 ega
1579 1451 1639 1472 non
1660 1441 1802 1482 offendar

373 1487 480 1525 paucis
490 1487 654 1527 erroribus,
661 1496 734 1527 quos
743 1488 790 1517 ael
796 1485 952 1525 reliquerit
960 1485 1169 1526 indiligentia,
1174 1486 1222 1516 vet
1232 1484 1364 1516 hominis
1371 1484 1528 1523 ingenium
1538 1487 1626 1515 tenue
1635 1484 1690 1514 vix
1697 1490 1803 1521 canere

973 1576 1208 1590 oooooooooooo

377 1643 476 1670 —341
497 1639 723 1670 Schoenhorn.
733 1642 765 1671 4.
781 1639 938 1678 εεφὶεπεία
947 1638 1172 1678 fragia—342
1191 1640 1280 1670 Celsa
1295 1639 1422 1669 Hellen
1443 1638 1562 1670 austria
1576 1637 1803 1670 Schoenborn.

381 1685 407 1711 1.
442 1684 564 1711 austrea
577 1681 803 1712 Schoenborn.
818 1683 849 1711 4.
878 1681 1012 1711 Ramnes
1025 1680 1168 1719 Bodoni,
1184 1681 1298 1711 Bentl.
1314 1685 1349 1711 et
1362 1679 1573 1711 Ruta—344
1586 1681 1664 1710 Vat.
1676 1683 1708 1710 8.
1723 1679 1803 1710 Vat-

377 1723 473 1752 Rom.
500 1724 531 1752 9.
557 1726 592 1752 et
624 1721 702 1752 Vat-
730 1721 896 1752 ottobon.
924 1725 956 1751 2.
987 1723 1246 1752 movenda—345
1271 1721 1357 1752 Sosis
1384 1721 1562 1760 Bamberg.
1594 1726 1629 1752 et
1655 1726 1800 1762 quatuor·

377 1763 636 1803 Crnquii.—346
657 1763 736 1792 Vat.
754 1763 848 1792 Rom.
863 1765 894 1792 9.
915 1765 985 1792 voto
999 1762 1256 1802 scriptori.—348
1278 1762 1453 1800 Bamberg.
1476 1771 1582 1792 sonum
1602 1763 1695 1793 redit.
1727 1762 1802 1792 Vox

374 1805 477 1835 reddit
493 1803 590 1835 deest
614 1804 646 1834 in
669 1804 895 1835 Schoeuborn.
913 1806 942 1833 l.
983 1813 1074 1843 quam
1088 1804 1153 1834 vult
1176 1803 1305 1834 Hellen
1345 1806 1400 1833 ant
1415 1812 1498 1833 mens
1522 1803 1599 1834 Vat.
1616 1803 1712 1834 Rom.
1727 1805 1803 1834 ⁷.—

377 1848 440 1877 349
462 1845 589 1876 Heller.
610 1855 665 1885 per
678 1855 709 1876 se
724 1845 856 1875 remittit
871 1854 994 1876 acerun.
1038 1845 1122 1876 Tres
1137 1844 1236 1875 codd.
1253 1844 1404 1885 Cruquii,
1419 1843 1545 1875 remittit
1567 1848 1700 1883 acutum,
1714 1844 1803 1883 quod

376 1887 410 1917 in
427 1892 557 1918 textum
575 1887 709 1918 admisit
725 1886 904 1926 Cruquins.
936 1886 1071 1924 remugit
1087 1896 1170 1917 uuus
1187 1886 1483 1917 Puimanni.—360
1507 1886 1577 1916 Non
1590 1895 1708 1926 semper
1721 1885 1804 1918 Vnt.

377 1928 490 1959 Palat.
507 1931 538 1959 3.
571 1937 751 1968 quocumque
767 1937 883 1958 novem
907 1927 1006 1958 codd.
1027 1928 1115 1966 Feae,
1138 1928 1366 1958 Schoenborn.
1389 1929 1420 1958 4.
1446 1931 1482 1958 et
1505 1931 1573 1957 tres
1596 1927 1803 1958 Bersmanni.

378 1979 570 2009 quaeeumque
587 1980 669 2000 unris
693 1969 816 1999 Achin.
831 1969 944 1999 Statii.
980 1969 1154 2008 cuicumque
1177 1969 1263 2007 conj.
1280 1967 1521 1999 Βούτῃ-352
1545 1967 1696 2008 Offendor
1721 1968 1801 1999 Vat.

379 2011 476 2041 Rom.
492 2014 630 2041 3.-353
655 2010 738 2044 Quid
750 2013 844 2048 ergo?
869 2010 940 2039 sine
954 2014 1013 2048 est,
1039 2010 1071 2040 in
1098 2009 1293 2049 quibusdam
1317 2009 1413 2039 codd.
1433 2013 1467 2039 et
1494 2008 1573 2039 edd.
1595 2014 1674 2039 ante
1702 2009 1802 2039 Baxt.

381 2051 466 2086 Quid
489 2061 563 2089 ergo
577 2054 646 2082 est?
668 2052 762 2082 Vatt.
778 2053 809 2081 1.
825 2053 856 2081 2.
874 2053 905 2080 3.
921 2053 953 2080 4.
969 2053 1001 2080 5.
1016 2053 1048 2080 7.
1065 2053 1096 2080 8.
1111 2053 1159 2080 10.
1173 2053 1222 2080 12.
1242 2053 1290 2081 17.
1306 2052 1357 2080 18.
1372 2052 1423 2080 21.
1437 2052 1491 2080 24.
1511 2050 1590 2080 Vnt.
1608 2049 1704 2080 Rom.
1719 2052 1750 2080 2.
1765 2052 1796 2080 3.

378 2095 410 2123 4.
427 2097 456 2123 5.
472 2096 502 2123 6.
517 2096 548 2124 7.
563 2095 593 2123 8.
607 2095 638 2122 9.
661 2095 713 2123 10.
738 2092 822 2134 νηί..
842 2091 953 2121 Palat.
973 2094 1006 2121 4.
1027 2091 1106 2121 Vat.
1130 2091 1293 2122 ottobon.
1319 2094 1350 2121 2.
1373 2090 1517 2121 Chisian.
1538 2093 1571 2121 ὃ.
1594 2089 1747 2130 Angelic.
1770 2093 1802 2121 2.

381 2133 557 2164 Barberin.
573 2136 602 2163 l.
617 2136 649 2165 2.
665 2133 818 2163 Valiicei.
838 2135 866 2162 l.
880 2135 910 2162 3.
928 2141 1041 2162 omnes
1058 2132 1207 2173 Cruquii,
1219 2137 1348 2172 septem
1361 2132 1547 2171 Pulmauui‚
1563 2130 1688 2172 Acron,
1698 2136 1733 2162 et
1745 2141 1803 2162 no-

1016 2223 1154 2256 No'rAE

420 2291 482 2320 342
507 2287 677 2327 Rhamnes]
701 2287 841 2328 Equites
867 2289 902 2316 et
921 2285 1066 2326 juvenes
1160 2289 1220 2318 345
1245 2287 1363 2326 Sosiis]
1393 2286 1438 2318 Hi
1455 2284 1577 2317 fratres
1592 2290 1702 2326 erant,
1716 2287 1802 2318 cele-

375 2337 525 2377 jucunda
561 2340 694 2376 petunt.
737 2335 769 2366 A
804 2335 945 2365 Romulo
981 2333 1066 2365 dicti
1118 2335 1193 2366 brea
1210 2337 1321 2366 Romae
1338 2335 1462 2365 librarii
1478 2338 1514 2365 et
1529 2334 1718 2375 bibliopoiae
1734 2346 1742 2366 :
1759 2334 1802 2367 de

381 2387 547 2417 Rhamnes
560 2394 618 2414 seu
633 2383 1066 2420 Rhamnenses,m'1¹atien-
1118 2384 1168 2415 his
1178 2385 1249 2424 jam
1262 2393 1286 2414 1.
1299 2383 1408 2424 Epist.
1424 2383 1486 2414 ult.

381 2444 434 2465 ses
448 2443 467 2464 a
481 2433 594 2468 Tatio,
607 2433 750 2463 Luceres
765 2442 785 2463 a
797 2432 1001 2469 Lucumone,
1013 2431 1067 2462 vel
1161 2435 1253 2464 Mare
1265 2433 1396 2473 transit]
1420 2433 1601 2473 Expetitur
1615 2433 1658 2464 ab
1672 2434 1801 2466 exteris

383 2494 402 2514 a
418 2484 559 2514 Lucero.
602 2483 711 2513 Varro
726 2482 769 2512 de
788 2482 826 2513 1..
842 2482 879 2513 L.
895 2490 944 2513 lv.
987 2482 1068 2512 Plu·
1119 2482 1322 2514 nationibus.

381 2533 516 2564 tarchus
533 2533 565 2562 in
581 2533 736 2571 Romulo,
750 2533 815 2562 διε.
1160 2534 1222 2563 348
1246 2532 1330 2562 Nam
1344 2539 1439 2570 neque
1457 2530 1582 2570 chorda,
1598 2529 1668 2571 δῖα]
1688 2531 1801 2562 Citha-

423 2584 484 2612 343
511 2582 608 2612 Omne
621 2581 694 2612 tulit
713 2580 872 2620 punctum]
905 2578 1068 2620 Suffragia
1117 2581 1228 2612 roedus
1254 2579 1422 2611 interdum
1448 2578 1593 2615 aberrat,
1616 2579 1744 2620 pariter
1765 2583 1802 2610 et

381 2631 513 2671 punctis
538 2630 714 2671 aliquando
736 2630 950 2661 notabantur.
993 2630 1066 2660 Cic.
1117 2629 1310 2669 sagittarius
1323 2637 1387 2659 uon
1408 2636 1541 2668 semper
1555 2637 1692 2668 scopum
1707 2626 1800 2666 serit,

384 2691 444 2721 pro
459 2681 624 2721 Muraeua,
638 2691 668 2712 n.
683 2683 737 2712 72.
751 2682 760 2698 ‘
777 2679 954 2712 Recordor·
964 2689 1067 2720 quan·
1118 2683 1176 2710 aut
1192 2678 1362 2709 collineat.

383 2735 453 2761 tum
468 2731 520 2762 hae
538 2730 739 2772 quaestiones
753 2730 785 2761 in
800 2730 926 2761 Senatu
940 2728 1064 2761 habitae
1158 2729 1219 2759 351
1245 2727 1316 2758 Non
1335 2735 1391 2764 ego
1413 2724 1519 2765 paucis
1536 2724 1685 2765 Offendor
1697 2732 1798 2756 meu-

384 2784 584 2819 punctorum
597 2779 690 2811 nobis
706 2778 938 2811 detraxerint.'
1038 2812 1042 2813 ⁷
1115 2777 1170 2818 lis]
1191 2776 1280 2808 Vide
1293 2775 1435 2816 Longin.
1449 2784 1524 2815 cap.
1538 2776 1589 2805 30.
