1916 3262
377 283 488 326 1450

403 389 460 418 20
483 386 616 425 Raejectoe
642 386 766 428 Lydiae]
809 387 926 428 Eydiae
963 397 1063 430 repu-

379 435 488 467 diste.
542 436 746 476 [Reice-tneque
779 438 880 476 placet
915 436 971 468 alii
1005 447 1059 478 ap.

376 483 512 524 Jaeck]
578 486 582 490 “
943 487 946 492 “

394 540 400 544 ”
417 534 458 564 21
481 532 591 563 Sidere
604 532 771 573 pulchrior]
799 532 855 564 Sic
871 537 880 551 ‘
898 541 1060 574 purpura-

377 590 448 611 rum
466 590 541 611 usus
557 580 667 612 sidere
680 581 822 618 clarior:
837 581 952 613 eodem
965 582 1022 614 lib.
1034 591 1059 613 1.

378 627 524 659 Luciferi
541 634 651 660 autem
663 630 834 670 praecipua
849 629 1062 670 pulchritudo

376 677 408 707 in
426 677 638 716 proverbium
654 678 747 710 abiit.
771 679 910 710 Torrent-

417 727 460 756 22
482 726 538 757 lue
558 727 618 766 est]
639 727 756 758 Calais.
799 727 910 758 Levior
933 726 1060 766 cortice]

377 773 504 805 Cortex
540 775 686 806 omnium
723 775 878 807 arborum
917 776 1060 807 dicitur:

376 822 435 852 sed
458 822 589 853 suberis
613 824 745 854 ca'teris
767 825 911 855 crassior
935 829 1000 862 est,
1024 832 1063 854 ac

375 880 468 911 saepe
498 881 696 904 renascens:
720 873 797 904 hinc
819 878 827 891 ‘
841 872 977 904 cortex’
1001 881 1062 912 pro

377 920 498 951 subere
529 921 714 961 accipitur:
743 922 831 952 sicut
856 922 944 961 apud
970 921 1064 952 Grae-

377 978 433 999 cos
447 969 575 1008 φέλλος.
605 971 695 1000 Nota
709 975 820 1000 autem
837 970 963 1000 suberis
978 969 1062 999 levi·

378 1022 442 1056 tas,
463 1022 498 1048 et
513 1018 590 1048 hinc
616 1019 790 1058 multiplex
805 1019 878 1058 ejus
890 1027 985 1048 usus:
1013 1021 1062 1048 at-

376 1074 441 1105 que
458 1066 505 1096 ita
516 1066 642 1096 ‘levior
655 1066 808 1104 cortice,'
820 1070 856 1096 et
871 1067 881 1083 ⁴
894 1075 974 1095 nare
990 1066 1061 1096 sine

377 1113 516 1152 cortice,
532 1113 540 1126 ’
593 1114 847 1153 proverbialiter
892 1114 1061 1144 dicuntur.

379 1161 523 1193 Tor-rent.
581 1163 697 1192 Letior
713 1161 841 1201 cortice]
865 1162 986 1193 Levior
1010 1171 1062 1192 su-

376 1211 468 1250 bere,
482 1210 572 1251 quod
587 1210 631 1242 ob
653 1211 823 1242 levitatem
839 1209 946 1241 fertur
961 1219 1061 1250 super

377 1268 491 1298 aquas,
528 1259 686 1299 Improba]
697 1259 850 1289 AEstuoso
866 1258 947 1288 mari
962 1258 1062 1289 Adri-

378 1308 485 1338 atico:
505 1307 580 1338 vide
597 1316 636 1338 ιι.
654 1306 722 1338 Od.
738 1309 789 1338 33.
831 1306 906 1346 [lue
921 1310 955 1337 tu
968 1307 1062 1337 levior

377 1354 573 1394 Bamberg]

419 1406 459 1433 23
483 1403 665 1434 Iracundior
679 1402 795 1442 Adria]
832 1403 938 1433 Notat
970 1412 1060 1432 suam

376 1451 450 1491 ipse
464 1451 667 1482 iracundiam
685 1451 861 1490 Horatius,
886 1451 987 1492 idque
1012 1451 1059 1481 vi-

378 1500 458 1530 tium
471 1500 571 1530 etiam
587 1500 620 1530 in
634 1500 793 1540 Epistolis
807 1499 946 1538 fatetur,
973 1501 1062 1531 sicut

378 1552 414 1577 et
429 1547 461 1577 iu
475 1547 702 1579 Sermonibus.
745 1549 819 1579 Nec
834 1548 1000 1580 dissimilis
1015 1549 1062 1579 lo·

379 1604 438 1625 eus
452 1595 549 1635 hujus
565 1596 639 1626 libri
650 1596 718 1627 Od.
732 1600 785 1628 27.

380 1643 461 1674 One
477 1652 511 1674 x.
534 1644 743 1683 Πραγματική.
773 1645 814 1675 In
830 1646 964 1676 chssn.
999 1646 1062 1685 Ly-

420 1700 483 1720 cen
513 1698 626 1722 monet
654 1697 695 1722 ut
723 1694 833 1732 posita
847 1692 971 1723 duritie
999 1693 1063 1723 sibi

420 1740 564 1779 supplici
580 1746 708 1780 parcat.

421 1788 537 1819 Genus
552 1789 614 1819 hoc
629 1789 782 1820 carminis
808 1792 871 1827 est,
895 1788 992 1829 quale
1007 1799 1064 1818 πα-

378 1837 614 1877 ρακλαυσίθυρον
629 1843 750 1869 vocant
765 1833 891 1877 Giaeci,
908 1836 996 1877 quod
1021 1837 1063 1867 ad

379 1887 492 1917 amicae
508 1886 596 1917 fores
611 1886 818 1918 lamentabili
833 1895 914 1917 voce
929 1894 1065 1916 canere-

379 1940 446 1973 tur,
460 1940 496 1966 ut
513 1944 537 1966 1.
553 1935 620 1967 Od.
635 1939 688 1967 25.

422 1978 438 2015 1
464 1986 647 2015 Extremum
664 1986 805 2025 Tanaim]
829 1985 906 2016 Non
929 1988 1065 2015 conten·

380 2038 433 2064 tus
450 2034 578 2064 Tanaim
591 2034 715 2064 dixisse
729 2033 851 2064 flumen
866 2034 1009 2064 immane
1024 2042 1064 2063 ac

379 2080 571 2118 barbarum,
584 2085 753 2112 extremam
767 2082 910 2120 addidit,
921 2081 983 2112 hoc
998 2085 1063 2120 est,

379 2127 419 2158 ad
435 2128 544 2159 fontes
557 2130 661 2168 ipsos,
685 2130 741 2159 nbi
766 2129 1001 2159 remotissimus
1017 2129 1062 2159 sit

379 2187 400 2207 a
425 2178 514 2208 civili
539 2178 793 2208 consuetudine.
833 2178 910 2209 Jam
937 2177 1064 2207 Tanaim

381 2226 492 2262 bibere,
522 2236 584 2266 >pro
610 2227 772 2265 accolere,
801 2225 975 2256 Poe'ticum
998 2230 1060 2256 est.

383 2275 523 2306 Torrent.
559 2276 739 2307 Extremum
756 2273 898 2313 Tanaim]
911 2274 942 2305 O
959 2275 1063 2314 Lyce,

382 2326 409 2357 si
433 2330 618 2358 extremum
643 2325 790 2366 Scythiae
814 2323 948 2355 fluvium
971 2323 1063 2354 bibe-

386 2383 453 2414 res,
468 2375 502 2405 id
522 2380 587 2413 est,
614 2374 641 2404 si
664 2373 807 2404 barbara
827 2382 916 2403 esses
934 2378 970 2403 et
983 2372 1063 2413 Scy-

382 2423 447 2454 thae
484 2428 600 2464 nupta.
670 2421 832 2462 [Guelph.
868 2422 896 2452 si
930 2421 1064 2458 biberis,-

384 2473 610 2504 Schoenborn.
624 2475 655 2503 2.
671 2472 698 2503 si
711 2469 857 2509 cinerea]

424 2524 444 2552 2
466 2521 601 2562 Asper-as
614 2520 715 2560 sores]
738 2521 840 2551 Fores
868 2519 990 2558 puellas
1015 2527 1064 2549 as·

383 2581 474 2612 perae
487 2576 523 2602 et
537 2570 761 2602 inexorabilis.
774 2569 878 2600 Lamb.
907 2568 1064 2608 [Schoen-

384 2620 478 2651 born.
494 2624 526 2651 2.
540 2629 700 2660 asperum,-
721 2619 867 2659 Guelpb.
879 2617 1022 2658 asperis-J

426 2672 445 2700 3
467 2670 659 2710 Porrectum,
681 2668 749 2709 θα]
770 2669 829 2700 Me
845 2667 1065 2699 dormientem

389 2721 467 2748 ante
481 2722 552 2748 tuas
567 2718 668 2758 fores,
690 2718 767 2749 mihi
783 2717 915 2759 quidem
931 2724 1066 2757 asperas

389 2773 424 2799 et
439 2767 582 2808 iniqua,
598 2777 663 2799 non
679 2768 853 2808 patereris,
869 2768 933 2798 imo
957 2767 1065 2807 plora·

834 293 970 324 NOTAE
1003 292 1260 324 vAmoRtJM
1293 292 1344 325 ΙΝ

1109 397 1163 419 res
1174 397 1226 418 me
1236 386 1402 428 (inquam)
1415 394 1584 426 exponere
1598 386 1706 418 ventis
1715 395 1795 429 sqq

1109 436 1379 471 tentrionalibus‚
1394 435 1450 475 qui
1471 435 1505 465 in
1531 435 1668 475 Scythia
1681 437 1794 469 orium

1108 489 1175 516 tur.
1205 485 1317 515 Incolis
1331 485 1474 514 Plorares
1487 483 1702 524 Aquiloniam]
1711 485 1794 526 Sey-

1107 534 1188 565 tbiae
1203 532 1238 565 fl.
1247 534 1368 564 Tanais
1382 529 1443 564 est‘.
1470 533 1607 573 Scythia
1623 537 1735 565 antem
1749 534 1798 567 ιὰ

1108 583 1378 622 Septentrionem
1391 586 1460 613 est:
1476 582 1564 613 unde
1574 580 1636 613 flat
1648 581 1771 621 Aquilo
1782 590 1796 614 θ

1108 641 1205 671 quem
1222 631 1360 662 eandem
1375 631 1418 662 ob
1430 639 1581 662 caussam
1597 630 1676 662 alibi
1691 628 1793 662 Thm-

1108 679 1188 709 cium
1209 683 1318 710 vocat.
1341 679 1480 711 Torreat.
1523 678 1721 719 [Bamberg.
1739 678 1794 717 Jo-

1109 727 1188 766 ναι]

1151 779 1170 806 5
1194 777 1310 807 Nemus
1333 777 1413 808 inter
1442 775 1537 814 tecta]
1573 777 1695 807 Festus
1733 777 1794 816 ait,

1109 825 1118 842 ‘
1131 834 1268 856 nemora
1279 826 1287 840 '
1323 827 1460 866 proprie
1493 834 1565 856 esse
1597 824 1795 856 amoeniores

1112 874 1231 913 sylvas.
1274 874 1381 906 Recte
1403 874 1505 914 igitur
1533 874 1698 905 Horatius
1726 873 1795 914 bic,

1111 921 1162 952 uti
1178 926 1211 952 et
1226 921 1375 952 Tibullus
1389 930 1445 952 ιιι.
1458 925 1490 953 3.
1502 922 1544 952 de
1561 922 1700 953 divitum
1714 921 1796 953 deli-

1111 970 1190 1001 ciis:
1214 971 1224 988 ‘
1240 971 1282 1001 Et
1298 978 1432 1000 nemora
1455 970 1489 1001 in
1512 970 1660 1001 domibus
1683 979 1797 1002 sacros

1110 1017 1404 1050 imitantialucos:
1447 1018 1556 1050 Quam
1580 1017 1724 1048 habendi
1741 1026 1798 1048 ne·

1110 1075 1202 1097 mora
1222 1067 1255 1096 in
1273 1065 1426 1097 domibus
1448 1065 1723 1096 consuetudinem
1737 1065 1797 1096 do-

1111 1119 1167 1145 cet
1181 1115 1281 1146 etiam
1305 1114 1440 1145 Horatii
1464 1114 1505 1144 ad
1531 1112 1636 1145 Arist.
1651 1113 1797 1146 ruscum

1104 1163 1275 1203 Epistola,
1291 1163 1348 1194 ubi
1372 1163 1440 1194 aitz
1462 1163 1472 1180 ‘
1488 1162 1619 1202 Nempe
1634 1161 1724 1193 inter
1740 1171 1796 1192 va-

1110 1212 1174 1243 rias
1188 1213 1334 1243 nutritur
1347 1212 1445 1251 sylva
1458 1212 1639 1250 columnas,
1663 1210 1794 1242 Lauda-

1111 1265 1231 1302 turque
1253 1261 1368 1292 domus
1393 1261 1509 1300 longos
1533 1269 1608 1301 qnoe
1635 1260 1799 1301 prospicit

1111 1310 1232 1349 agros.’
1275 1310 1344 1341 Rus
1359 1309 1446 1340 enim
1462 1309 1534 1348 ipsa
1548 1309 1581 1340 in
1600 1308 1682 1339 urbe
1693 1308 1798 1348 quaeri

1110 1358 1268 1389 ostendit.
1311 1358 1400 1389 Quin
1417 1366 1457 1387 eo
1471 1365 1604 1397 quoque
1617 1355 1797 1387 dementias

1110 1411 1283 1444 venerant,
1300 1411 1337 1436 ut
1354 1406 1387 1436 in
1412 1405 1494 1444 ipsis
1508 1404 1679 1436 domorum
1699 1404 1797 1435 fasti-

1110 1455 1172 1494 giis
1189 1463 1325 1484 nemora
1340 1457 1500 1484 sererent.
1544 1452 1674 1484 Seneca
1687 1452 1797 1492 Epist.

1110 1505 1182 1533 123.
1208 1503 1348 1533 Torrent-
1392 1501 1524 1541 Nemus]
1545 1501 1762 1532 Viridarium.

1154 1554 1175 1581 6
1198 1551 1284 1581 Inter
1296 1550 1423 1589 pulchra
1432 1548 1540 1588 situm]
1563 1549 1704 1581 Quidam
1720 1549 1797 1580 libri

1110 1605 1242 1630 veteres
1257 1599 1382 1629 hubent
1402 1601 1503 1628 satum
1525 1606 1588 1637 pro
1610 1598 1723 1628 situm.-
1747 1598 1796 1628 ni-

1109 1647 1155 1677 hil
1171 1651 1281 1677 tamen
1299 1646 1493 1677 mutandum
1515 1653 1650 1676 censeo.
1682 1645 1795 1676 Remu-

1108 1695 1195 1734 giut]
1233 1696 1381 1725 Resonet
1395 1704 1402 1723 :
1442 1693 1589 1732 strepitu
1617 1693 1748 1724 scilicet
1777 1703 1796 1723 a

1113 1749 1212 1774 vento
1229 1743 1390 1774 excitato.
1416 1742 1687 1781 [Interp-smm
1698 1741 1798 1773 codd.

1114 1800 1168 1832 ap.
1184 1791 1316 1829 Jaeck.]

1155 1842 1174 1870 7
1199 1840 1241 1870 Et
1256 1839 1368 1879 positus
1381 1842 1415 1869 ut
1426 1838 1539 1877 glaciet
1548 1837 1647 1878 nives]
1665 1838 1708 1868 Et
1719 1846 1799 1877 quo·

1114 1887 1212 1918 modo
1226 1887 1373 1927 Jupiter,
1398 1886 1429 1916 id
1445 1891 1510 1923 est,
1530 1886 1636 1916 aetlter
1660 1893 1799 1915 conver·

1115 1943 1165 1968 tat
1189 1938 1222 1968 in
1247 1937 1388 1977 glaciem
1413 1935 1505 1966 nives
1525 1934 1684 1966 demissas
1713 1943 1798 1974 puro

1113 1986 1260 2023 numine,
1275 1985 1308 2016 id
1332 1990 1397 2022 est,
1413 1988 1530 2024 aperto
1549 1988 1584 2014 et
1597 1991 1713 2014 sereno
1731 1991 1798 2013 coe-

1114 2033 1169 2063 lo?
1190 2032 1267 2063 Vid.
1281 2031 1425 2063 Turneb.
1441 2039 1534 2061 xxu.
1547 2032 1600 2060 24.

1155 2083 1175 2110 8
1197 2080 1284 2110 Puro
1310 2079 1433 2110 numine
1459 2077 1600 2117 Jupiter]
1631 2076 1795 2107 Camenis

1114 2128 1237 2158 Novar.
1254 2127 1348 2157 Lect.
1366 2134 1414 2156 xv.
1425 2128 1455 2156 2.
1471 2125 1613 2165 quodam
1629 2124 1662 2154 in
1677 2123 1795 2155 codice

1111 2175 1216 2206 limine
1231 2175 1392 2214 scriptum
1409 2182 1445 2204 se
1461 2173 1626 2204 invenisse
1641 2171 1794 2212 affirmat,

1111 2223 1199 2254 unde
1223 2223 1334 2253 lumine
1356 2221 1532 2261 legendum
1556 2229 1628 2260 esse
1650 2229 1796 2260 pronun·

1112 2274 1195 2310 tiat;
1219 2272 1325 2302 simile
1347 2272 1432 2302 enim
1449 2270 1605 2301 mendum
1621 2270 1794 2309 irrepsisse

1111 2322 1145 2352 in
1171 2322 1267 2361 Virg.
1292 2322 1364 2352 Ecl.
1389 2329 1423 2351 v.
1467 2321 1476 2337 ‘
1493 2319 1662 2351 Candidus
1685 2320 1794 2350 insue-

1112 2376 1181 2403 tum
1197 2371 1336 2402 miratur
1347 2369 1447 2399 limen
1460 2367 1622 2409 Olympi,’
1635 2376 1708 2398 cnm
1723 2368 1733 2384 ⁶
1746 2367 1793 2397 ln-

1112 2429 1185 2450 men
1199 2419 1208 2433 '
1230 2418 1296 2456 legi
1321 2417 1457 2449 debeat.
1498 2416 1550 2446 Eo
1571 2423 1691 2446 sensu:
1714 2415 1798 2446 cer-

1111 2470 1162 2500 nis
1184 2469 1282 2504 enim,
1309 2471 1345 2498 ut
1373 2470 1555 2497 nocturnus
1582 2463 1719 2503 Jupiter
1742 2463 1797 2494 vel

1114 2517 1183 2556 aet,
1198 2526 1272 2557 puro
1287 2515 1400 2547 lumine
1415 2520 1450 2545 et
1465 2522 1583 2544 sereno
1598 2513 1694 2552 coelo,
1707 2512 1796 2553 quod

1113 2568 1215 2607 magis
1231 2565 1385 2606 frigidum
1401 2569 1465 2603 est,
1480 2564 1607 2604 positas
1627 2567 1663 2594 et
1678 2563 1795 2603 jacen·

1113 2621 1165 2647 tes
1181 2616 1273 2646 nives
1287 2616 1320 2646 in
1332 2613 1473 2655 glaciem
1493 2611 1711 2652 constringat,
1731 2612 1795 2642 &c-

1114 2664 1226 2695 Lubin.

1154 2716 1175 2744 9
1197 2713 1281 2744 Pone
1291 2711 1475 2752 superbiam]
1487 2709 1603 2749 Abjice
1614 2711 1650 2739 et
1664 2707 1791 2746 depone

1115 2761 1315 2803 superbiam.
