1916 3262
387 256 526 317 1216*

387 377 478 428 Qui
495 379 607 419 redit
626 379 680 419 ad
703 380 852 427 fastos,
873 382 917 419 et
933 379 1133 419 virtutem
1154 380 1341 421 aestimat
1358 382 1497 430 annis,

385 442 655 498 Miraturque
675 444 780 484 nihil
797 444 880 484 nisi
900 444 1018 496 quod
1036 443 1233 484 Libitina
1251 446 1455 486 sacravit.

384 510 564 561 Ennius,
586 517 631 552 et
649 513 822 564 sapiens
842 517 886 552 et
905 511 1042 560 fortis,
1063 515 1106 551 et
1124 511 1229 552 alter
1248 511 1482 561 Homerus,

385 575 448 617 Ut
466 577 605 617 critici
626 577 790 625 dicunt,
810 577 961 618 leviter
980 588 1127 616 curare
1146 577 1314 618 videtur

385 640 488 691 Quo
510 642 722 694 promissa
742 642 912 688 cadant,
933 645 977 682 et
996 641 1162 681 somnia
1185 641 1474 694 Pythagorea.

384 707 569 747 Naevius
589 708 631 747 in
652 708 852 747 manibus
874 720 957 747 non
978 711 1056 755 est,
1077 710 1118 746 et
1136 707 1348 748 mentibus
1367 709 1502 749 haeret

854 288 896 325 Q.
929 286 1130 316 HORATM
1166 288 1334 318 FLACC!

1747 510 1802 551 50

382 817 413 844 et
427 824 466 844 ex
480 818 628 846 vetustate
642 815 805 846 bonitatem
817 816 956 854 colligit,·
977 815 1085 855 quique
1099 814 1181 845 nihil
1201 815 1306 845 laudat
1324 814 1386 846 nisi
1409 816 1487 855 quod
1507 823 1587 846 mors
1601 814 1799 845 consecr-avie.

383 856 504 886 Ennius
515 859 546 886 et
558 857 721 897 sapiensyt
734 861 874 887 strenuus
887 860 916 887 el
934 857 1068 887 Homero
1081 857 1240 894 secundus,
1255 858 1289 886 ut
1303 857 1389 886 aiunt
1404 866 1552 894 censores,
1573 865 1680 896 purum
1700 855 1801 886 ,sotici-

382 900 432 927 tus
441 900 486 928 est
500 907 557 937 quo
568 899 729 928 deveniunt
743 899 880 937 pollicita
893 902 922 930 et
941 899 1056 929 somnia
1071 898 1271 938 Pytlmgoroe.
1317 898 1446 929 Naeva‘us
1459 898 1539 929 haud
1549 898 1676 937 legitur,
1687 901 1716 928 el
1733 897 1800 928 uni-

975 989 1207 1001 “oete-eoem

380 1051 477 1083 codd.
496 1053 580 1090 Feae,
595 1053 690 1083 Gott.
708 1052 803 1084 Harl.
818 1055 848 1083 2.
864 1056 894 1084 3.
909 1056 940 1084 6.
955 1056 986 1084 7.
1007 1054 1061 1084 alii
1079 1053 1159 1084 Mss.
1175 1052 1262 1093 apud
1282 1053 1376 1084 Torr.
1391 1053 1504 1084 Bentl.
1521 1056 1558 1083 et
1572 1052 1690 1084 Oberl.
1704 1057 1800 1084 nota·

379 1097 451 1123 tum
467 1103 508 1123 ex
525 1094 590 1124 Ms.
606 1094 636 1123 in
654 1094 801 1124 editione
816 1094 895 1124 Aldi
919 1097 1012 1126 1509.
1040 1095 1129 1126 Bibl.
1145 1095 1246 1126 Barb.
1269 1094 1383 1125 laudat
1405 1095 1436 1125 in
1451 1099 1531 1125 nota
1542 1095 1638 1125 Tor-r.
1654 1094 1801 1126 restituit

380 1134 494 1165 Bentl.
507 1134 583 1164 inde
600 1144 781 1174 anonymus
798 1138 890 1166 1713.
914 1136 996 1166 Con.
1012 1137 1090 1168 San.
1104 1136 1251 1167 Mervill.
1266 1136 1407 1175 Dorigh.
1421 1134 1557 1167 Wakef.
1585 1134 1800 1173 fastmGott.

380 1184 459 1205 am.
477 1185 527 1214 pr.
539 1175 668 1223 aliique
683 1177 780 1207 codd.
797 1177 964 1207 veterrimi
979 1187 1035 1216 ap
1054 1178 1171 1208 Heius.
1187 1178 1228 1208 ad
1245 1177 1346 1208 Ovid.
1363 1177 1455 1208 Fast.
1475 1186 1500 1208 1.
1516 1179 1567 1207 11.
1569 1178 1653 1206 -49
1674 1176 1799 1208 Barbe-

379 1216 443 1247 rin.
458 1219 489 1246 2.
511 1217 572 1247 nisi
586 1217 668 1256 quid.
672 1220 754 1248 —50
776 1218 1006 1248 Sclioenborn.
1023 1221 1054 1249 3.
1076 1220 1214 1250 ueniter.
1256 1218 1485 1250 Schoenborn.
1501 1220 1532 1249 4.
1554 1217 1676 1248 Ennius
1693 1220 1739 1252 ent
1752 1227 1802 1248 aa·

375 1257 478 1296 piens,
493 1258 544 1288 cui
561 1259 661 1288 etiam
678 1259 780 1288 Zach.
797 1260 926 1289 Pearce
942 1260 1081 1290 assentit
1084 1263 1176 1291 .—-5l
1200 1260 1328 1291 Pearce
1343 1258 1552 1299 interpungit
1570 1259 1636 1290 ita:
1681 1258 1726 1289 Ut
1739 1259 1799 1289 cri-

379 1298 556 1328 ticidz’cunt
565 1299 592 1338 ς)
616 1300 736 1337 leviter,
760 1302 812 1338 850.
841 1301 1068 1331 Schoenborn.
1083 1304 1115 1331 4.
1137 1301 1278 1332 breviter.
1321 1302 1400 1331 Vat.
1419 1303 1468 1332 19.
1495 1307 1532 1331 et
1555 1300 1634 1331 Vat-
1689 1308 1753 1330 om.
1767 1302 1798 1330 9.

377 1339 495 1369 leniter.
499 1342 581 1369 -52
602 1340 826 1370 Sclioenborn.
842 1343 872 1370 2.
892 1343 1014 1371 cadunt.
1059 1340 1213 1379 Angelic.
1237 1344 1264 1372 1.
1291 1350 1309 1370 a
1330 1350 1374 1371 m.
1401 1351 1450 1379 pr.
1471 1342 1584 1371 cadant
1598 1340 1798 1371 insomnio.—

375 1382 418 1411 53
446 1380 562 1410 Dousa
588 1389 630 1410 ex
660 1381 808 1420 ingenio.
831 1390 911 1411 nunc
938 1385 994 1412 est.
1039 1381 1151 1412 Bentl.
1172 1391 1232 1412 non
1254 1384 1299 1411 est
1325 1381 1450 1420 accipit
1470 1381 1723 1420 interrogative.
1766 1385 1801 1412 at

1017 1474 1159 1506 NOTAE

377 1539 494 1578 acervi]
517 1539 644 1570 Allusio
671 1545 724 1571 est
751 1541 794 1571 ad
825 1542 961 1581 soriten,
987 1551 1061 1582 quae

376 1589 622 1628 argumentatio
649 1589 826 1620 multarum
850 1596 901 1622 est
924 1601 1062 1622 acervus

371 1636 642 1676 propositionum
656 1648 665 1675 ;
679 1647 759 1678 quas
773 1638 986 1671 dissolvendo
997 1640 1062 1671 sin—

377 1684 482 1723 gulas,
519 1689 592 1715 tota
618 1685 668 1715 vis
697 1688 883 1726 argumenti
913 1689 1061 1720 solvitur,

371 1733 472 1763 'Sicut
500 1737 612 1763 autem
640 1734 847 1774 Chrysippus
877 1737 1060 1766 sistendum

370 1774 409 1818 jin
423 1790 518 1812 unae
538 1783 819 1822 propositionibus
841 1786 1060 1826 nequicquam

371 1829 533 1868 dicebat3
572 1831 620 1861 ita
650 1832 702 1862 hic
732 1841 836 1863 annos
864 1843 928 1864 non
963 1843 1060 1874 posse

375 1877 507 1909 definiri
525 1880 671 1911 ostendit
689 1880 862 1912 Horatius.
901 1882 1058 1923 Chrysip-

376 1937 453 1967 pum
486 1929 644 1967 suggillat
682 1930 816 1960 Persius
853 1932 894 1961 ad
932 1933 1059 1962 calcem

373 1976 499 2007 Satirae
522 1978 670 2008 ultimae:
702 1979 893 2019 ‘Depunge
921 1980 976 2010 ubi
1002 1981 1060 2011 sis-

374 2028 455 2063 tam,
474 2024 645 2064 inventus,
667 2025 867 2066 Clirysippe,
884 2028 929 2058 tui
947 2027 1060 2058 finitor

376 2074 511 2104 acervi!

416 2125 459 2153 49
485 2122 638 2161 Libitina]
672 2123 727 2154 De
749 2123 813 2154 hac
827 2123 903 2155 vide
919 2134 974 2155 ui.
991 2126 1058 2157 Od.

373 2174 428 2203 ³0.
444 2176 478 2202 et
495 2180 535 2202 n.
551 2173 620 2202 Sat.
635 2175 667 2202 6.
686 2175 736 2203 19.

385 2250 389 2253 ,
416 2223 457 2251 50
479 2221 611 2258 Ennius,
636 2224 665 2252 et
687 2222 898 2262 eapiens,85e.]
931 2223 1057 2253 Ennius

372 2268 447 2309 ipse
476 2279 496 2300 a
523 2270 646 2301 criticis
681 2272 870 2309 agnoscitur
901 2273 1057 2312 pleraque

372 2318 581 2358 negligenter
610 2319 792 2359 scripsisse,
820 2320 971 2361 adeoque
1001 2331 1057 2360 pa-

371 2376 444 2398 rum
473 2377 599 2399 memor
621 2377 694 2398 esse
721 2369 951 2408 promissorum
982 2379 1056 2400 suo-

372 2426 445 2449 rnm
471 2422 572 2459 atque
599 2418 821 2456 somniorum3
845 2419 994 2458 quamvis
1015 2428 1057 2449 ex

373 2467 575 2507 Pythagoraa
591 2467 748 2507 opinione
764 2472 799 2498 et
814 2471 1057 2507 metempsyco-

370 2515 412 2555 εἰ,
442 2515 580 2546 Homeri
609 2517 642 2546 in
673 2525 709 2546 se
735 2515 876 2546 animam
901 2517 1054 2547 transmi-

373 2573 486 2602 grasse
517 2565 732 2600 venditasset,
762 2568 798 2594 et
825 2564 959 2604 poetica
985 2565 1055 2605 ejus

370 2610 533 2644 facultate
559 2624 598 2645 ac
622 2614 742 2654 spiritu
768 2622 804 2644 se
830 2613 1054 2645 informatum.

373 2659 426 2689 De
441 2670 482 2691 ea
498 2670 544 2692 ιν.
561 2662 627 2694 Od.
642 2666 672 2694 8.
687 2665 739 2694 20.
755 2667 789 2693 et
806 2671 830 2694 1.
846 2663 918 2693 Sat.
933 2665 984 2694 10.

417 2707 561 2747 Sapiens]
599 2711 687 2742 Quia
712 2720 770 2741 cor
795 2711 919 2751 triplex
940 2721 975 2742 se
1000 2711 1055 2741 lia-

366 2755 453 2787 ·bcre
470 2756 615 2797 dicebat,
637 2768 755 2799 nempe
777 2760 864 2799 quod
889 2760 1054 2800 triplicem

1114 1542 1258 1582 linguam
1289 1542 1440 1580 calleret,
1465 1541 1633 1577 Graecam,
1662 1541 1799 1582 oscam,

1114 1592 1276 1623 Latinam.
1321 1591 1411 1623 Gell.
1427 1599 1520 1622 xvir.
1538 1593 1589 1622 17.

1161 1641 1277 1681 Fortis]
1300 1641 1387 1673 Quia
1413 1640 1578 1672 militavit.
1610 1641 1683 1672 Cic.
1695 1641 1797 1671 Tusc.

1113 1699 1138 1721 ι.
1152 1694 1188 1720 et
1206 1699 1266 1729 pro
1285 1689 1409 1720 Licinio
1425 1688 1565 1730 Poeta„
1579 1688 1754 1720 claudian.

1155 1738 1246 1768 Alter
1274 1737 1438 1777 Homerus]
1463 1737 1643 1769 Homerica
1657 1737 1797 1778 poeseos

1115 1786 1239 1816 virtute
1255 1786 1413 1816 imbutus.

1155 1838 1194 1866 51
1220 1835 1347 1875 Critici]
1371 1835 1674 1873 Grammatici3vel
1688 1835 1796 1867 critici

1114 1883 1155 1914 ab
1172 1883 1325 1923 Augusto
1350 1883 1492 1914 instituti
1516 1883 1558 1914 ad
1577 1883 1797 1915 recensendos

1113 1932 1215 1962 libros
1240 1932 1272 1962 in
1296 1932 1451 1962 Palatina
1474 1931 1676 1963 bibliotheca
1695 1932 1796 1963 collo·

1113 1980 1248 2010 candos.
1292 1980 1378 2010 Vide
1400 1989 1501 2019 supra
1523 1989 1547 2011 1.
1571 1980 1722 2020 Epistola
1745 1983 1795 2011 19.

1110 2032 1148 2058 et
1165 2032 1282 2067 postea
1297 2028 1404 2068 Epist.
1419 2037 1490 2068 seq.

1152 2079 1193 2106 52
1216 2076 1342 2107 Somnio
1353 2074 1566 2116 Pythagorea]
1583 2074 1709 2105 Ennius
1722 2075 1794 2115 ipse

1111 2125 1153 2155 de
1169 2133 1217 2164 se,
1232 2124 1353 2155 Annal.
1369 2133 1393 2155 ι.
1413 2125 1422 2141 ‘
1436 2125 1475 2155 In
1501 2123 1622 2154 somnis
1644 2123 1722 2154 milii
1747 2125 1792 2154 vi-

1110 2184 1164 2205 sus
1191 2174 1355 2205 Homerus
1379 2174 1496 2204 adesse
1512 2171 1634 2213 poeta!
1679 2174 1794 2204 Deliis

1110 2223 1188 2254 vide
1217 2233 1290 2263 quae
1319 2223 1458 2262 amplius
1480 2221 1637 2253 annotavi
1663 2221 1792 2262 pridem

1110 2271 1151 2302 ad
1170 2272 1264 2302 Pers.
1282 2271 1352 2302 Sat.
1370 2280 1419 2302 vr.
1434 2273 1486 2302 10.
1508 2274 1517 2288 ·
1535 2269 1710 2310 Corjubet
1729 2270 1791 2302 lioc

1111 2319 1210 2358 Enni,
1226 2325 1400 2359 postquam
1426 2319 1605 2350 destertuit
1620 2327 1694 2350 esse
1709 2319 1792 2351 Μω-

1109 2370 1224 2400 onides
1241 2369 1386 2402 Quintus
1409 2378 1539 2409 pavone
1561 2378 1604 2399 ex
1623 2368 1792 2410 Pythago-

1111 2418 1189 2449 reo!

1150 2470 1191 2498 63
1219 2467 1343 2498 Naeoius
1365 2468 1398 2498 in
1419 2467 1558 2498 manium
1575 2476 1634 2500 m
1651 2468 1790 2509 emma]

1108 2516 1218 2547 Noevii
1240 2517 1379 2556 scripta,
1394 2516 1520 2556 quippe
1542 2525 1615 2556 qum
1631 2518 1790 2548 memoria

1110 2569 1281 2604 tenentur,
1300 2574 1366 2595 non
1382 2565 1538 2604 leguntur
1553 2563 1706 2606 amplius,
1727 2574 1790 2596 nec

1109 2619 1211 2654 egent
1240 2613 1386 2644 subsidio
1413 2613 1595 2652 literarum,
1627 2616 1694 2644 tam
1722 2613 1789 2644 lm-

1108 2667 1184 2693 rent
1214 2662 1342 2700 animis,
1374 2666 1411 2692 ut
1438 2662 1618 2692 etiamnum
1643 2662 1790 2692 recentia

1074 2726 1083 2730 ·
1109 2711 1297 2742 videantur.
1339 2709 1475 2741 Naevius
1489 2709 1596 2740 Ennio
1612 2708 1786 2750 antiquior.

1107 2760 1225 2791 Cicero
1245 2759 1280 2790 in
1297 2759 1401 2789 Bruto
1415 2758 1462 2789 sic
1484 2757 1625 2788 Ennium
1651 2757 1791 2798 alloqui-
