1916 3262
358 266 469 308 1350

361 366 544 400 Homerico
578 365 726 398 carmine
761 365 898 398 fortuna
940 370 1042 408 atque

359 419 495 448 eventu.
528 415 668 446 Varium
683 415 786 455 igitur
799 425 875 447 cum
895 415 1043 447 Homero

360 468 545 504 comparat,
566 463 668 505 idque
689 464 733 495 ad
757 463 922 505 Agrippae
943 463 1042 495 etiam

359 512 499 553 gloriam
521 516 666 552 spectat,
680 512 776 552 cujus
799 522 853 544 res
876 516 980 553 gestae
995 516 1045 544 ta·

357 562 425 594 lem
438 571 624 603 praeconem
640 562 834 593 sortiantur.
863 562 1044 593 Lambinus

357 611 424 651 legi
438 611 507 642 vult
518 611 599 649 aliti,
609 615 646 642 et
656 611 796 642 Varium
809 611 923 643 alitem
939 612 1044 643 Maeo·

357 659 406 691 nii
435 660 591 691 carminis
614 663 724 691 vocat.
760 660 899 692 Torrent.
944 660 1045 700 Alite]

360 709 440 740 Ales
465 709 566 740 etiam
589 708 837 749 metaphoricos
859 718 921 749 pro
937 709 1047 740 Po'eta

359 758 444 789 sumi
463 761 586 799 potest,
601 757 658 799 qui
680 758 843 797 canendo,
858 757 892 789 id
905 762 960 789 est
974 757 1046 788 He·

361 807 453 839 roica
467 807 701 846 describendo,
725 807 865 838 Homeri
886 808 992 838 instar
1011 806 1046 837 iu

361 856 465 888 altum
481 855 600 887 fertur.
627 856 724 896 Cruq.

402 907 422 935 3
452 905 553 940 Quum
579 903 659 942 rem]
697 904 938 944 Quamcunque
966 913 1047 934 rem.

362 952 502 984 Navibus
514 956 568 983 aut
581 953 682 993 equis]
706 952 808 984 Omni
831 953 965 992 quidem
987 953 1048 983 mi-

360 1002 443 1033 litiae
459 1011 584 1042 genere
603 1001 788 1042 praestabat
804 1001 971 1042 Agrippa,
987 1000 1047 1031 sed

359 1051 471 1081 navali
483 1051 589 1091 gloria
601 1051 704 1090 magis
717 1050 854 1090 enituit,
867 1050 1048 1090 praefectus

360 1099 527 1130 universae
556 1099 653 1130 classi
679 1104 799 1130 contra
827 1100 921 1130 Sext.
950 1100 1049 1131 Pom-

358 1147 487 1188 peium,
497 1157 536 1179 ac
553 1152 630 1187 post
641 1148 816 1179 victoriam
829 1152 975 1179 rostrata
990 1149 1048 1180 do-

359 1202 458 1230 natus
473 1206 607 1229 corona.
652 1198 726 1229 Nec
742 1197 884 1229 otiosum
903 1198 1048 1239 videtur,

361 1246 448 1287 quod
471 1246 611 1278 navibus
635 1255 737 1287 equos
760 1245 916 1286 adjunxit
938 1247 1048 1279 Hora-

360 1295 448 1326 tius:
486 1304 562 1326 nam
593 1300 772 1335 antequam
804 1295 899 1326 bellis
927 1296 1048 1327 Siculis

361 1341 603 1382 praeficeretnr,
627 1342 698 1382 jam
724 1343 853 1378 consul,
883 1352 933 1374 res
962 1352 1049 1384 prae-

361 1391 453 1422 clare
481 1391 515 1422 in
545 1391 660 1422 Gallia
689 1396 853 1431 gesserat,
882 1391 1048 1424 secundus

361 1439 585 1470 Romanorum
623 1443 849 1478 transgressus
885 1440 1047 1473 Rhenum.

362 1489 454 1520 Galli
470 1498 548 1521 vero
563 1493 599 1520 et
615 1488 777 1520 Germani
793 1488 865 1519 sine
884 1490 1047 1530 equestris

361 1538 478 1569 militis
501 1538 632 1578 robore,
655 1547 721 1569 non
737 1537 838 1570 facile
858 1538 1048 1571 vincuntur.

365 1587 508 1618 Tor-rent.

402 1638 424 1665 6
453 1635 592 1666 Peleidoe
615 1635 818 1676 stomachum]
861 1636 930 1668 Pro
957 1637 1049 1677 θυμὸν

361 1683 459 1724 dixit,
482 1689 519 1715 et
537 1684 802 1724 periphrasticfesss
825 1685 967 1716 Iliadem
979 1677 1050 1717 {le-

361 1733 483 1773 signat.
525 1733 738 1773 Stomachum]
753 1733 840 1764 Iram
854 1733 1050 1774 implacabi-

361 1781 427 1812 lem
450 1780 604 1820 Achillis,
628 1780 734 1811 Peleo
761 1785 796 1812 et
820 1781 967 1813 Thetide
993 1792 1051 1822 ge-

361 1829 436 1860 niti.

361 1879 435 1911 luit.

403 1931 423 1959 7
438 1928 554 1958 Cursus
562 1926 707 1967 duplicis]
722 1925 762 1957 Id
775 1931 838 1967 est,
849 1928 1051 1969 odysseam,

362 1976 638 2016 periphrasticaezs‚
668 1976 704 2006 in
737 1975 857 2016 quibus
896 1977 1050 2016 duplices

362 2025 492 2064 Ulyssis
507 2033 621 2055 cursus
639 2023 815 2062 describit,
831 2023 864 2054 id
880 2029 944 2063 est,
959 2034 1051 2056 erro-

362 2083 415 2104 res
431 2073 552 2112 varios,
567 2080 693 2112 perque
712 2072 816 2102 maria
838 2073 984 2111 spatiosa
1001 2074 1050 2104 la-

361 2127 424 2154 tos.
462 2122 505 2153 Et
521 2120 600 2161 quid
617 2121 645 2151 si
661 2128 722 2160 per
735 2120 870 2159 duplices
885 2121 1050 2161 intelliga-

361 2181 447 2210 mus,
461 2170 512 2201 bis
523 2169 746 2201 decennales?
771 2168 851 2209 Alii,
864 2174 900 2201 et
912 2170 1050 2210 rectius,

361 2221 491 2260 legunt,
506 2218 646 2259 duplicis,
662 2217 696 2247 id
719 2222 783 2257 est,
798 2218 938 2258 versuti,
957 2219 1050 2250 calli-

361 2269 407 2301 di.
437 2268 533 2308 Cruq.
588 2267 703 2297 Cursus
728 2266 872 2306 duplicis]
902 2268 1050 2308 Naviga-

361 2318 470 2350 tiones
480 2317 593 2357 longas
601 2314 732 2346 subdoli
744 2315 884 2355 Ulyssis‚
893 2317 949 2357 qni
960 2316 1048 2348 aliud

361 2366 571 2408 loquebatur,
595 2363 686 2396 aliud
713 2364 891 2405 sentiebat,
916 2365 1004 2398 unde
1029 2375 1050 2397 a

363 2416 493 2448 Graecis
515 2415 627 2446 dictus
647 2417 700 2444 est
725 2413 860 2446 διπλοῦς.
905 2414 1050 2455 Duplici:

367 2462 502 2505 Ulyssei]
523 2463 630 2494 Recte
641 2462 819 2493 Lambinus
833 2463 997 2504 explicat,
1013 2468 1051 2496 ut

362 2514 478 2548 Graeci
494 2516 654 2553 usurpant
668 2511 792 2542 διπλοῦς
805 2510 888 2551 ‹isa-lua.
930 2513 1050 2554 Neque

362 2562 586 2594 omittendum
606 2560 695 2602 quod
725 2561 864 2592 Florens
887 2561 1049 2594 Christia-

362 2622 423 2643 nus
439 2611 629 2650 annotavit,
642 2610 789 2650 duplicem
803 2608 948 2642 fortasse
968 2611 1048 2651 dici,

362 2661 451 2703 qnod
468 2661 517 2692 bis
532 2659 658 2692 inferos
670 2660 839 2700 ingressus
848 2663 955 2692 esset.
978 2661 1048 2692 Un—

363 2711 405 2741 de
428 2714 463 2740 et
484 2719 503 2740 a
525 2709 662 2740 simmia
677 2707 805 2740 Rhodio
820 2709 854 2739 in
869 2708 939 2740 Ara
953 2718 1048 2742 voca-

364 2763 418 2790 tur
433 2757 549 2798 δίζωος·
562 2757 660 2789 Πανός
670 2768 706 2788 τε
716 2757 829 2798 ματρὸς
837 2756 973 2798 εὐνέτις,
983 2758 1048 2799 φὼρ

481 1829 595 1860 Cedere
615 1829 726 1870 nescii]
747 1829 812 1862 Qui
839 1830 969 1870 placari
991 1841 1050 1863 no-

813 275 955 308 NOTAE
985 275 1045 307 vA
1054 275 1246 308 monum
1278 275 1329 307 IN

1089 365 1217 406 Δίζωος.
1255 366 1355 400 Quod
1370 366 1537 408 Theognis
1552 366 1635 399 dicit
1648 368 1773 402 nullum

1091 416 1135 446 ab
1155 415 1271 447 inferis
1295 416 1447 452 rediisse.
1469 416 1533 447 nisi
1546 416 1728 458 sisiphum,
1740 423 1777 450 et

1092 472 1167 495 cum
1181 464 1267 495 illius
1281 465 1535 502 meminisset‚si
1547 470 1607 498 aut
1621 466 1776 498 Herculis

1092 515 1151 543 aut
1164 511 1282 544 Thesei
1298 514 1416 554 noluit,
1432 514 1584 553 Ulyssem
1599 515 1717 546 saltem
1728 515 1781 546 Si-

1092 559 1190 600 siphi,
1200 564 1236 592 ut
1246 559 1335 593 fama
1349 566 1403 593 est
1417 561 1534 603 filium,
1543 562 1700 594 omittere
1710 571 1777 595 non

1093 608 1252 641 debebat.
1277 610 1422 650 Rutgm.

1135 661 1156 688 8
1174 659 1238 689 Nec
1251 668 1362 690 soenum
1378 659 1517 699 Pelopis]
1541 660 1624 691 Cum
1640 659 1779 701 Pelopis

1094 706 1226 738 domum
1241 707 1336 747 dicit,
1350 708 1548 740 uberrimam
1561 709 1722 741 bellorum
1738 719 1778 741 ac

1095 764 1203 786 rerum
1218 755 1432 796 Tragicarum
1454 762 1614 798 tanquam
1628 762 1779 798 segetem

1096 804 1264 844 proponit.
1288 805 1427 838 Tor-rene.
1469 807 1535 838 Nec
1550 816 1664 838 sevam
1686 808 1780 839 Pelo-

1091 852 1157 892 pis]
1179 852 1310 884 Alludit
1328 854 1371 885 ad
1389 855 1547 895 Thyesta,
1566 856 1779 896 Tragoedism

1096 912 1115 933 a
1141 902 1243 934 Vario
1269 905 1508 944 conscriptam,
1534 905 1568 936 in
1593 906 1667 946 ejus
1691 915 1780 938 com-

1096 951 1354 984 mendationem.
1375 951 1496 984 Savum
1506 954 1633 994 Pelopis
1644 955 1780 995 ἀοηιιπι]

1095 1000 1226 1032 Saevam
1258 1007 1396 1042 propter
1425 1003 1516 1034 varia
1537 1002 1719 1034 homicidia
1746 1003 1781 1034 in

1097 1049 1215 1080 eadem
1230 1048 1356 1081 familia
1376 1055 1590 1091 perpetrata:
1615 1060 1692 1082 nam
1714 1051 1782 1083 Pe-

1096 1098 1169 1138 lops
1186 1107 1205 1128 a
1219 1097 1361 1129 Tantalo
1380 1104 1489 1140 patre,
1503 1099 1630 1132 Atreus
1645 1104 1682 1131 et
1695 1099 1784 1142 Aga-

1097 1155 1251 1178 memnon
1266 1147 1308 1178 ab
1321 1147 1468 1188 AEgysto,
1478 1148 1724 1189 clytemnestra
1738 1149 1782 1180 ab

1098 1195 1220 1227 Oreste
1236 1195 1303 1227 filio
1319 1202 1369 1227 est
1383 1198 1505 1229 occisa.

1138 1246 1159 1275 9
1182 1244 1298 1276 Tenues
1317 1245 1467 1287 grandia]
1498 1246 1582 1286 Hos,
1606 1246 1665 1288 qui
1690 1248 1783 1279 tenui

1098 1302 1210 1324 sumus
1235 1294 1382 1333 ingenio,
1403 1304 1467 1326 non
1486 1296 1650 1327 audemus
1668 1296 1783 1327 dicere

1098 1341 1250 1381 grandia,
1265 1342 1391 1372 viribus
1407 1343 1526 1374 nostris
1540 1344 1692 1383 imparia.

1141 1392 1180 1420 10
1199 1389 1389 1430 lmbellt'sque
1403 1391 1479 1431 Iyroe
1490 1390 1598 1432 Musa]
1611 1391 1700 1422 Dum
1716 1391 1783 1422 Po-

1098 1438 1268 1478 lyhymnia
1285 1439 1384 1470 Musa
1404 1440 1510 1480 lyrica
1525 1439 1617 1482 (quae
1633 1444 1783 1481 potesta—

1097 1490 1167 1518 tem
1182 1486 1285 1518 babet
1300 1486 1334 1518 in
1355 1487 1488 1528 Lyram,
1503 1488 1671 1520 imbellem
1691 1497 1784 1520 nem-

1099 1545 1155 1576 pe,
1174 1541 1209 1568 et
1231 1536 1379 1576 ineptam
1402 1536 1445 1568 ad
1467 1546 1520 1568 res
1542 1537 1679 1568 bellicas
1701 1537 1785 1569 scri-

1097 1584 1240 1625 bendas)
1266 1594 1319 1617 me
1348 1589 1442 1617 vetat
1469 1585 1638 1626 deterere,
1661 1585 1694 1616 id
1721 1590 1786 1626 est,

1098 1633 1285 1666 diminuere
1311 1639 1413 1676 atque
1440 1640 1626 1667 extenuare
1653 1639 1728 1667 tuas
1749 1640 1786 1667 et

1099 1682 1243 1713 Caesaris
1258 1683 1383 1715 laudes.

1143 1732 1181 1761 11
1207 1731 1340 1770 Egregii
1364 1731 1498 1762 casaria
1521 1735 1552 1764 et
1575 1731 1660 1773 tuas]
1690 1732 1786 1764 Bene

1100 1779 1274 1820 utriusque
1289 1779 1406 1811 laudes
1422 1781 1607 1821 conjunxit,
1620 1791 1695 1814 cum
1710 1782 1786 1814 Οε-

1100 1828 1184 1859 saris
1207 1828 1365 1868 auspiciis
1388 1829 1499 1860 omnia
1524 1834 1620 1870 gesta
1641 1831 1730 1863 sint:
1752 1834 1788 1863 et

1100 1876 1226 1917 alioqui
1254 1876 1336 1907 nihil
1369 1876 1436 1908 illis
1464 1878 1689 1920 conjunctius,
1717 1879 1788 1911 sive

1100 1924 1310 1961 affinitatem,
1321 1925 1391 1956 sive
1404 1926 1599 1963 amicitiam,
1609 1927 1790 1967 respicias;

1100 1974 1185 2004 adeo
1201 1978 1239 2004 ut
1260 1978 1355 2005 certo
1379 1979 1542 2014 tempore,
1555 1975 1584 2005 si
1596 1975 1696 2006 Dioni
1711 1984 1786 2006 cre·

1100 2021 1224 2061 dimus,
1240 2022 1273 2052 in
1294 2021 1413 2052 iisdem
1433 2023 1534 2054 etiam
1552 2022 1679 2054 aedibus
1696 2023 1788 2054 viate-

1099 2069 1176 2100 rint.

1142 2120 1182 2149 12
1207 2117 1320 2158 Culpa]
1356 2118 1488 2159 Ingenii
1516 2119 1582 2150 mei
1611 2119 1787 2153 tarditate.

1099 2166 1263 2206 Deterere]
1287 2167 1452 2199 Deterere
1468 2168 1596 2204 laudes,
1611 2170 1708 2208 dixit,
1724 2180 1785 2211 pro

1099 2215 1232 2247 adferre
1246 2216 1401 2248 laudibus
1415 2217 1652 2249 detrimentum
1665 2228 1674 2249 ε
1695 2218 1786 2252 faeta

1099 2265 1187 2296 enim
1209 2264 1308 2296 dictis
1330 2266 1538 2306 exaequanda
1553 2271 1644 2307 sunt,
1660 2271 1697 2299 ut
1713 2269 1784 2300 Sal-

1099 2314 1177 2345 lust.
1193 2313 1313 2354 inquit.

1141 2365 1180 2393 13
1204 2363 1341 2393 Martem
1354 2362 1472 2402 tunica]
1498 2363 1656 2401 Martem.
1670 2365 1704 2397 id
1721 2370 1788 2406 est,

1099 2412 1186 2444 viros
1207 2412 1380 2444 bellicosos
1405 2418 1514 2444 tectos
1529 2418 1566 2445 et
1590 2414 1724 2448 indutos
1737 2417 1787 2448 lo-

1100 2462 1184 2501 rica,
1212 2470 1287 2503 quae
1302 2461 1386 2494 dura
1402 2467 1437 2494 et
1453 2463 1560 2494 solida
1574 2469 1626 2496 est
1647 2469 1686 2497 ut
1705 2465 1785 2498 ada-

1100 2520 1180 2542 mas.

1142 2562 1183 2591 14
1197 2559 1330 2591 Pulvere
1346 2559 1468 2600 Troico]
1490 2559 1531 2592 td
1546 2564 1609 2596 est,
1622 2561 1682 2602 qui
1698 2570 1784 2603 pm·

1098 2608 1134 2639 lii
1151 2613 1299 2649 tempore
1315 2618 1447 2650 semper
1460 2610 1549 2642 inter
1571 2611 1698 2642 medios
1710 2611 1784 2642 bos-

1099 2663 1151 2691 tes
1175 2659 1383 2699 versabatur,
1405 2669 1512 2701 neque
1539 2661 1677 2692 vulnera
1696 2659 1785 2692 exti-

1097 2707 1281 2740 mescebat.
1337 2709 1420 2740 Erat
1461 2713 1571 2741 autem
1611 2708 1782 2740 Meriones

1097 2758 1270 2791 Idomenei
1279 2766 1391 2791 comes
1404 2761 1504 2799 atque
1518 2758 1652 2790 amicus.
1674 2757 1786 2790 Βοιώ,
