1930 3204
500 283 709 316 nonnul
744 283 1017 316 cARMmUM
1051 285 1146 315 ma.
1179 286 1244 316 ιν.
1273 276 1316 317 7,

182 381 269 410 tram
281 382 554 420 comparaverat,
566 377 753 420 prudenter
763 377 877 409 admo-

182 431 253 463 net,
269 437 312 459 ne
329 432 367 460 ut
385 432 539 469 tempora
561 427 716 464 redeunt,
739 437 780 459 ac
800 437 878 469 pro·

179 476 258 509 inde
279 478 363 510 nihil
384 479 472 510 coelo
494 478 640 520 deperit,
651 477 701 509 ita
716 487 779 509 nos
795 487 878 520 qno-

179 537 246 568 que
254 528 425 560 redituros
435 528 616 570 aliquando
625 527 859 559 existimemus
867 537 892 569 x,

180 577 190 594 ‘
206 576 325 618 Soles‚'
337 578 449 620 inquit
459 577 626 617 Catullus,
638 580 649 596 ⁶
666 577 825 609 occidere
841 582 878 610 et

178 626 292 658 redire
322 631 476 668 possunt,
511 626 636 667 Nobis,
665 635 742 658 cum
772 626 878 658 semel

177 676 307 708 occidit
329 675 442 709 brevis
458 677 528 717 lux,
543 676 623 708 Nox
639 680 694 707 est
710 680 878 717 perpetua

177 735 246 758 nna
269 725 491 758 dormienda.'
528 726 628 757 Lunae
652 730 768 757 autem
790 726 877 758 banc

177 779 371 816 temporum
421 775 671 816 reparationem
720 775 878 807 attribuit

175 824 286 857 Poeta
315 824 575 864 eruditissimus,
605 825 687 866 quia
713 825 787 865 ejus
816 835 876 867 po—

173 874 339 907 tissimum
363 874 483 906 sideris
506 885 607 907 cursu
632 881 786 917 tempora
808 886 876 908 me-

174 924 289 956 timur.
316 925 460 958 Terrena.
500 926 623 958 Celeres
633 927 795 968 reparant]
808 927 875 958 Lu-

172 982 227 1007 nae
243 974 404 1006 dicuntur
419 975 561 1012 celeres.
576 975 654 1017 quia
674 975 874 1008 brevissimo

173 1027 327 1065 tempore
339 1025 455 1056 orbem
469 1035 566 1057 suum
574 1025 776 1057 metiuntur.
804 1026 873 1057 Coe-

171 1075 262 1106 ledia
276 1076 372 1117 luna]
396 1075 541 1112 Damna.
564 1085 641 1117 quae
666 1080 746 1107 sunt
768 1076 801 1108 in
824 1077 874 1108 vi-

173 1123 372 1156 cissitudine
387 1130 482 1156 ortus
494 1128 530 1156 et
544 1125 714 1156 interitus.

215 1176 256 1206 14
279 1172 430 1206 Nasabi
457 1172 640 1214 decidimus]
683 1173 872 1215 Postquam

172 1233 234 1255 nos
262 1223 466 1264 decidimus,
500 1224 632 1255 scilicet
661 1224 705 1255 ad
736 1223 872 1260 inferos,

123 1299 126 1301 Α
171 1283 238 1306 non
263 1274 320 1316 (nt
335 1274 413 1306 anni
436 1272 606 1315 tempora)
631 1273 790 1314 redimus,
810 1273 871 1305 sed

170 1324 352 1355 transimus
369 1324 402 1354 in
420 1324 607 1363 pulverem.

214 1375 254 1403 15
279 1374 350 1408 Quo
370 1371 443 1412 pius
465 1372 598 1412 AEneas]
629 1370 672 1401 In
697 1380 798 1411 quem
822 1371 871 1402 lo-

167 1430 245 1453 cum
259 1420 382 1452 AEneas
404 1420 544 1453 decidit.
589 1420 709 1452 Tullius
733 1420 820 1451 dives
839 1424 871 1452 et

166 1469 289 1511 Auem]
311 1470 378 1502 Sex
394 1470 472 1502 libri
488 1474 619 1502 mutato
634 1470 752 1501 ordine
766 1481 774 1500 :
800 1470 870 1506 Quo

165 1520 252 1552 dives
268 1519 375 1552 Mus
389 1523 421 1552 et
434 1519 551 1552 Ancus.
573 1520 630 1552 Sic
645 1525 758 1551 autem
769 1520 868 1561 Epis·

166 1571 239 1602 tola
262 1569 306 1602 ad
330 1569 550 1602 Numicium:
574 1570 584 1587 ‘
601 1569 658 1601 Ire
678 1574 793 1601 tamen
815 1579 868 1600 re-

166 1624 250 1660 stat,
278 1620 391 1652 Numa
411 1629 478 1662 quo
503 1619 640 1652 devenit
665 1625 701 1652 et
726 1619 867 1651 Ancus.’

166 1668 288 1707 Ancus,
304 1679 386 1702 sane
412 1670 555 1702 cuilibet
577 1670 790 1711 superiorum
815 1679 867 1701 re-

166 1728 260 1760 gum,
275 1723 366 1752 teste
381 1719 491 1759 Livio,
507 1719 585 1751 belli
606 1719 771 1760 pacisque
785 1719 867 1750 arti·

168 1768 229 1800 bns
243 1773 280 1801 et
295 1769 404 1810 gloria
419 1779 480 1809 par
493 1768 580 1800 fuit:
604 1773 642 1799 ut
657 1777 724 1799 non
738 1773 867 1799 temere

167 1823 303 1850 veteres
319 1818 438 1850 Poetae
456 1818 527 1858 ejus
542 1817 701 1857 exemplo
717 1817 768 1847 usi
785 1816 867 1856 sint,

167 1876 244 1898 cnm
279 1867 363 1898 alios
397 1866 668 1898 consolabantur.
722 1865 865 1899 Torreat.

169 1916 276 1948 Mas
299 1915 402 1958 dines]
426 1916 542 1947 Tullus
565 1920 602 1947 et
631 1915 745 1947 Ancus
769 1925 866 1956 reges

166 1967 310 1999 Romani
345 1965 484 1998 fuerunt
517 1967 698 1998 admodum
728 1967 863 2000 divites.

165 2015 327 2057 [Withof.
351 2015 578 2048 confidentius
605 2016 780 2056 emendat,
805 2027 865 2058 quo

166 2067 275 2099 Mas
287 2066 348 2098 ivit
370 2070 402 2098 et
418 2066 537 2098 Ancus.
575 2066 657 2107 Alii,
674 2067 760 2098 dives
774 2067 864 2098 Iulus

162 2120 194 2148 et
210 2116 341 2157 Aaou]

206 2169 256 2197 16⁷
270 2167 398 2208 Pulvis]
426 2166 602 2207 Ἄνθρωπός
635 2167 705 2198 ἐστι
743 2167 862 2206 πνεῦμα

162 2215 215 2248 καὶ
227 2215 302 2248 σκιὰ
312 2215 419 2256 μόνον.
444 2218 564 2257 Eurip.
578 2217 587 2234 ‘
600 2217 714 2248 Homo
731 2216 847 2248 bulla-³

204 2269 245 2298 17
270 2267 445 2298 Hodiernoe
461 2267 600 2299 crastina
613 2267 757 2307 samm]
780 2267 860 2299 Nou

162 2315 324 2357 displicet
339 2316 476 2357 quidem
491 2317 564 2348 baec
579 2317 682 2348 lectio
694 2327 704 2347 ι
718 2315 778 2347 sed
794 2317 859 2348 dis-

161 2365 319 2397 simulare
349 2375 416 2396 non
452 2375 587 2406 possum
618 2366 721 2396 libros
753 2366 860 2397 multo

164 2414 280 2454 plnres
293 2415 369 2446 vitae
386 2424 447 2455 pro
463 2425 589 2447 summoe
602 2415 730 2456 legere.
765 2415 860 2447 Bene

163 2469 278 2495 autem
301 2465 452 2496 Martial.
475 2466 485 2482 ‘
499 2465 584 2496 Sera
600 2464 700 2496 nimis
722 2464 792 2496 vita
807 2469 862 2498 est

162 2514 335 2545 crastina:
360 2514 436 2545 vive
450 2513 576 2544 hodie.’
593 2514 736 2546 Torreat.
765 2515 860 2546 Sum-

161 2563 236 2603 mae]
259 2563 412 2595 Numero
426 2563 569 2602 dierum,
585 2573 669 2604 quos
690 2573 794 2605 usque
816 2565 859 2597 ad

161 2612 359 2645 hodiernum
370 2613 459 2644 diem
474 2613 626 2644 viximus.

206 2666 248 2695 19
271 2663 393 2694 Cuncta
407 2663 530 2703 manus]
556 2662 725 2694 Hortatur
751 2662 795 2694 ad
820 2663 859 2695 li-

162 2712 390 2745 beralitatem.
433 2713 520 2746 Quae
544 2716 581 2743 tu
601 2713 861 2753 consumpseris,

162 2762 205 2794 ad
223 2773 359 2794 avarum
375 2762 544 2794 haeredem
562 2771 627 2793 uon
647 2763 861 2803 pervenient.

161 2812 272 2844 Amico
298 2813 376 2848 Quoe
402 2813 523 2845 dederis
543 2811 663 2852 animo]
689 2812 765 2844 Non
782 2823 860 2854 pos-

1518 276 1630 320 1513

927 386 1000 408 sum
1016 386 1083 408 non
1096 378 1259 408 assentire
1278 376 1454 415 Lambino,
1469 382 1508 409 ut
1523 379 1628 412 solum

926 427 990 458 hoc
1004 431 1156 458 nostrum
1173 436 1248 458 esse
1267 426 1361 458 dieat
1378 426 1504 458 Horat,
1520 437 1628 469 neque

926 475 968 508 ad
980 476 1129 507 haeredis
1139 486 1256 508 manus
1266 479 1631 518 perventurum‚quod,

926 525 1005 557 dum
1033 525 1187 564 vivimus,
1210 526 1306 558 nobis
1326 536 1366 558 ac
1389 526 1489 567 genio
1511 533 1629 559 nostro

925 574 1150 616 impertimur.
1174 574 1185 592 ‘
1193 576 1282 607 Vive
1290 577 1380 608 euim
1390 587 1518 609 memor
1528 587 1629 619 qnam

925 624 971 656 sia
986 624 1050 656 aevi
1066 624 1204 657 brevis-¹
1241 626 1364 667 Neque
1380 635 1461 658 sane
1478 628 1544 658 ulla
1559 637 1630 660 me·

924 673 990 705 lior
1011 673 1236 706 defraudandi
1270 676 1420 708 liaeredis
1444 678 1533 709 ratio
1562 683 1629 718 est,

925 733 1024 766 quam
1040 730 1079 755 ut
1103 724 1292 757 liberaliter
1309 731 1411 766 parta
1433 728 1546 759 omnia
1568 728 1628 760 ab·

925 775 1087 807 sumendo
1116 775 1216 807 nobis
1237 776 1321 816 ipsis
1344 777 1490 808 heredes
1513 778 1628 810 simus.

928 824 1016 857 Tor-r.
1039 825 1166 866 Amico]
1190 826 1339 858 Liberali
1353 827 1476 858 auimo.

967 879 1007 907 21
1029 876 1133 912 Quum
1146 878 1239 908 semel
1249 877 1413 918 occideris]
1438 877 1506 908 Ubi
1521 879 1626 910 semel

924 930 1078 957 mortuus
1093 925 1198 957 fueris
1217 931 1253 958 et
1276 925 1396 958 inferis
1420 936 1482 968 per
1507 927 1626 959 Minoa

925 974 1154 1016 adjudicatus,
1186 985 1252 1007 non
1275 976 1399 1007 iterum
1431 976 1627 1008 revivisces.

925 1025 1097 1066 Splendida
1112 1027 1240 1058 Fecerit
1253 1025 1405 1066 arbitria]
1428 1026 1529 1058 Dixit
1543 1027 1629 1058 arbi-

923 1076 1164 1114 triafacere‚ut
1175 1078 1184 1094 ‘
1195 1075 1312 1108 facere
1321 1076 1470 1116 judieia'
1483 1077 1534 1108 M.
1545 1077 1626 1108 Tul-

923 1125 1000 1165 lius,
1016 1131 1051 1157 et
1069 1126 1139 1166 alii,
1155 1136 1216 1167 pro
1233 1127 1243 1144 ‘
1254 1126 1440 1158 exercere!
1473 1127 1518 1158 Et
1534 1127 1624 1168 apud

923 1175 1079 1217 antiquos
1091 1181 1100 1194 ¹
1109 1175 1255 1208 arbiter’
1268 1185 1334 1208 non
1348 1185 1410 1218 pro
1416 1176 1538 1217 judice
1551 1182 1625 1209 tan-

922 1228 1007 1261 tum,
1019 1225 1077 1257 sed
1088 1230 1124 1258 et
1135 1235 1196 1266 pro
1207 1230 1295 1258 teste
1311 1230 1347 1258 et
1359 1231 1511 1266 auctore,
1524 1227 1636 1268 cujus·

922 1275 1018 1307 dicto
1047 1275 1198 1316 stabant,
1231 1276 1431 1317 ponebatur.
1474 1277 1623 1308 Arbitn'a

921 1334 1005 1365 ergo
1021 1334 1081 1365 pro
1091 1325 1234 1366 judiciis
1257 1327 1476 1367 accipiemus.
1522 1327 1623 1361 Quod

920 1383 1002 1405 vero
1016 1375 1178 1414 splendida
1194 1375 1340 1415 addidit,
1366 1375 1409 1406 ad
1429 1375 1623 1416 tribunalis,

920 1422 975 1453 cui
1006 1423 1120 1454 Minos
1149 1428 1310 1465 proeerat,
1338 1424 1542 1465 dignitatem
1569 1435 1621 1458 re-

918 1470 1082 1503 feremus.
1135 1472 1323 1514 Splendida]
1358 1474 1528 1514 Splendor
1555 1485 1621 1507 non

918 1530 1054 1562 semper
1067 1526 1122 1554 est
1136 1522 1330 1564 λαμπρότης,
1344 1524 1404 1556 sed
1422 1525 1622 1567 plerumque

916 1570 1080 1610 σεμνότης·
1098 1582 1174 1614 quse
1191 1580 1244 1605 est
1255 1575 1407 1614 gravitas
1423 1575 1455 1606 in
1471 1577 1621 1607 moribus

917 1621 1074 1662 quaedam
1095 1632 1136 1654 ac
1158 1624 1332 1663 majestas.
1366 1625 1537 1666 Splendida
1566 1635 1621 1657 er-

917 1680 961 1711 go
974 1671 1100 1710 judicia
1120 1674 1268 1712 vocavit,
1291 1674 1481 1714 majestatis
1505 1675 1620 1715 plena.

918 1721 1084 1751 Heinsius.
1115 1721 1197 1757 Aut,
1213 1723 1304 1763 quod
1321 1724 1474 1754 nonnulli
1489 1725 1620 1764 volunt,

918 1769 1075 1810 εἰρωνικῶς
1100 1770 1230 1802 dictum
1261 1781 1337 1803 esse
1365 1773 1595 1812 intelligemus
1609 1785 1620 1805 :

918 1818 1010 1858 apud
1026 1818 1151 1850 inferos
1166 1821 1256 1852 enim
1270 1822 1372 1852 exilia
1384 1822 1496 1853 omnia
1508 1827 1546 1854 et
1561 1823 1620 1855 ab—

911 1868 1009 1909 jecta
1032 1867 1164 1901 faciunt
1187 1870 1319 1902 Poetae.
1363 1873 1478 1913 Magis
1502 1877 1618 1906 tamen

918 1918 1036 1958 placet
1057 1919 1188 1960 antiqui
1212 1920 1413 1962 Interpretis
1436 1923 1619 1964 expositio,

917 1971 956 1999 ut
981 1970 1142 2010 splendida
1167 1969 1247 2010 sint,
1278 1980 1421 2011 quornm
1444 1973 1516 2004 sine
1538 1971 1618 2005 fuco

916 2018 998 2057 ullo,
1027 2023 1087 2050 aut
1115 2017 1251 2050 fallacia
1277 2019 1458 2052 manifesta
1488 2022 1617 2054 veritas

914 2074 1071 2108 apparet.
1088 2069 1175 2100 Torr-
1212 2070 1337 2110 Minos]
1370 2070 1486 2103 Minos
1501 2072 1616 2104 Judex

913 2117 1140 2150 inexorabilis
1152 2119 1243 2160 apud
1260 2118 1401 2151 inferos.

946 2170 988 2199 22
1000 2168 1170 2208 Splendida
1181 2168 1334 2210 arbitria]
1346 2170 1369 2203 J
1373 2170 1485 2202 udicis
1494 2171 1616 2213 aequis—

913 2227 1008 2250 sima.

953 2271 994 2301 24
1011 2269 1135 2310 Genus]
1158 2270 1304 2302 Generis
1315 2270 1487 2302 nobilitas.

954 2322 995 2350 25
1011 2319 1150 2357 Inferni-3
1163 2320 1276 2360 neque]
1302 2321 1379 2352 Non
1398 2325 1539 2360 possunt
1555 2321 1613 2353 Dii

911 2372 1052 2399 mortem
1066 2369 1267 2408 propulsare
1278 2369 1386 2409 abiis,
1398 2379 1482 2410 quos
1494 2371 1613 2402 charos

911 2417 1052 2448 habent.
1076 2418 1162 2450 Quis
1176 2418 1279 2458 igitur
1295 2419 1338 2450 ab
1354 2429 1394 2450 en
1409 2419 1612 2452 liberabitur

913 2467 1086 2508 unquam?
1113 2466 1218 2498 Diana
1233 2468 1456 2509 Hippolytum]
1479 2469 1614 2508 Hippo-

911 2517 1001 2557 lytus
1015 2516 1139 2547 Thesei
1153 2516 1255 2556 filius,
1267 2527 1288 2548 a
1298 2517 1447 2548 Phaedra
1463 2526 1612 2548 noverca

912 2566 1103 2604 adamatus,
1123 2575 1212 2604 enm,
1229 2577 1328 2607 quem
1345 2567 1402 2597 alii
1417 2566 1527 2605 multi,
1549 2566 1612 2608 (de

911 2616 1031 2657 quibus
1044 2623 1100 2646 ιιι.
1114 2615 1182 2647 Od.
1193 2615 1245 2656 7.)
1256 2617 1383 2647 exitum
1396 2616 1537 2647 sortitus
1548 2621 1614 2656 est,

911 2670 949 2697 ut
979 2665 1169 2697 libidinosae
1192 2666 1356 2705 mulieris,
1383 2666 1439 2697 cui
1467 2666 1610 2708 obsequi

911 2714 1322 2749 noluerat,criminatione
1333 2715 1483 2755 perierit.
1507 2715 1611 2755 Nam,

911 2764 953 2796 ad
978 2764 1084 2804 patris
1112 2763 1234 2794 Thesei
1264 2773 1397 2804 preces,
1424 2764 1608 2804 Neptunus

911 2813 1148 2855 quadrigarum
1165 2813 1331 2845 curriculo
1353 2813 1386 2845 in
1403 2814 1519 2845 littore
1532 2823 1608 2846 sese
