1930 3204
468 269 678 303 HoRATu
711 270 992 302 SERMONUM
1029 271 1124 301 Lm.
1158 271 1190 301 1.
1222 260 1261 300 l.

140 375 240 408 quam
257 365 350 408 quod
366 375 434 398 non
447 365 575 398 habet:
601 365 744 396 Tor-rent.
788 364 842 395 Aa

139 417 255 459 assem]
279 416 335 448 Ad
360 426 531 449 nummum
559 425 673 456 unum,
700 413 773 446 fere
797 413 840 445 ad

141 468 294 500 nihilum.

182 520 226 551 44
247 518 295 550 At
310 518 344 550 ni
359 518 394 550 id
405 518 468 560 fit]
493 515 628 550 Horatii
649 515 840 556 replicatio.

140 569 218 601 Nisi
231 579 348 600 aurum
363 575 456 601 tuum
469 569 652 606 minuatur,
662 569 726 599 διο.
756 566 843 602 Quid

140 618 234 651 habet
253 619 389 660 pulchri]
412 618 454 650 Τὸ
467 620 478 637 ‘
493 616 762 660 pulchrun1‚’hic
777 621 844 658 est,

141 667 280 708 bonum,
291 669 393 700 utile:
406 677 623 709 usunamque
633 667 841 728 splendescit

142 719 299 759 pecunia.
323 720 419 760 Craq

184 772 224 801 45
251 769 389 801 ffiverit
414 778 489 800 area
504 768 654 811 ¹centum]
676 767 842 800 Quamvis

141 828 223 851 area
249 823 308 851 tua
331 819 558 861 triverit„(id
576 823 642 858 est,
666 827 728 859 per
743 818 842 850 tritu-

138 877 210 901 ram
226 868 433 910 reddiderit)
445 873 582 901 centum
595 867 759 900 frumenti
774 879 843 900 me-

139 917 331 952 dimnorum
348 919 466 952 millia.

181 971 227 1002 46
251 969 323 1001 Hoc
339 970 441 1011 capiet
455 971 578 1011 venter]
605 970 685 1002 Non
702 979 746 1000 ex
765 969 844 1009 hoe,

142 1027 208 1051 non
225 1019 313 1051 ideo.
359 1020 437 1052 Plus
451 1030 541 1061 quam
556 1021 656 1062 meus]
682 1021 844 1053 Quamvis

142 1076 211 1100 non
240 1068 349 1100 multa
379 1069 582 1110 possideam.
631 1069 758 1111 [Codd.
787 1080 844 1111 ap.

143 1116 254 1150 Jaeck
269 1122 306 1149 et
321 1118 438 1158 Feam,
452 1119 585 1160 capiam]

185 1170 228 1199 47
262 1167 439 1200 Remulum
472 1169 591 1210 parnis]x
613 1170 623 1188 ⁴
643 1169 846 1202 Panarium’

143 1222 242 1250 vocat
258 1218 381 1258 Varro,
398 1218 570 1260 ἀρτοφόρον
584 1219 713 1252 Graeci.
754 1221 847 1252 Nota

142 1272 258 1300 autem
282 1269 399 1310 AEsopi
426 1270 516 1301 inter
537 1279 718 1301 conservos
743 1279 847 1310 pana—

142 1317 226 1349 riam
251 1319 408 1358 gestandi
429 1319 462 1350 in
487 1320 610 1350 itinere
636 1320 846 1360 provinciam

142 1367 362 1409 deposcentis
377 1369 531 1408 historia,
551 1368 644 1410 quod
662 1378 747 1400 onus
771 1379 845 1400 ves-

142 1417 256 1450 cendo
286 1419 397 1451 indies
433 1419 684 1450 sublevaretur.
747 1419 846 1451 Hanc

142 1469 426 1501 consuetudinem
442 1469 497 1500 hic
513 1469 655 1510 respicit
670 1469 847 1511 Horatius,

141 1521 180 1548 ut
195 1526 282 1548 unius
307 1519 430 1560 aliquis
454 1524 610 1559 portaret
632 1519 780 1551 omnium
797 1520 846 1551 di·

141 1575 308 1606 mensum,
323 1567 428 1599 nihilo
453 1569 527 1608 plus
551 1574 754 1610 accepturus
770 1570 847 1601 reli-

138 1616 228 1657 quis.
252 1616 399 1650 Tment.
445 1618 626 1650 Retio-ulum
637 1619 746 1660 panis]
768 1620 848 1651 Sac-

141 1667 252 1700 calum
282 1669 326 1702 ad
347 1679 471 1711 panem
497 1671 684 1710 gerendum
708 1671 791 1702 retis
812 1671 846 1703 in

141 1720 277 1752 modum
294 1720 436 1752 factum.
471 1722 616 1754 Venaleis
632 1721 732 1762 inter]
749 1721 849 1754 Inter

143 1770 322 1802 venalitios
335 1780 462 1802 servos.

184 1822 229 1852 ⁴9
255 1819 312 1851 Vel
329 1820 392 1860 dia,
407 1820 482 1861 quid
497 1820 631 1860 reserat]
656 1820 849 1860 Responde,

143 1879 164 1901 ο
178 1878 296 1909 avare,
314 1869 394 1911 quid
411 1868 568 1909 proficiat
582 1869 706 1901 homini
731 1870 847 1910 paucis

143 1919 326 1950 contento?
370 1919 463 1951 Intra
490 1923 614 1951 noturoe
634 1919 737 1962 fines]
769 1920 848 1961 Epi-

143 1970 219 2002 curi
234 1970 364 2002 dictum
382 1970 489 2002 refert
501 1971 633 2003 Seneca
651 1971 759 2012 Epist.
772 1979 848 2004 xvi.

143 2021 154 2039 ‘
165 2021 202 2053 Si
218 2021 262 2053 ad
278 2026 434 2053 naturam
457 2022 565 2061 vives,
581 2031 764 2063 numquam
780 2022 847 2054 eris

144 2080 295 2112 pauper3
318 2072 348 2103 si
375 2072 418 2103 ad
445 2071 636 2112 opiniones,
666 2081 848 2113 numquam

142 2120 213 2153 eris
239 2119 359 2153 dives.¹
382 2121 524 2153 Tmou.
581 2121 677 2162 [Vat.
699 2124 752 2155 13.
773 2123 848 2163 quid

141 2171 283 2210 consetur
296 2171 411 2212 inum]

185 2223 229 2252 ⁵0
249 2220 390 2261 Jugera]
408 2220 493 2262 Agri
509 2221 645 2262 jugera.
681 2221 846 2264 [Cuning.

144 2271 238 2313 conj.
256 2270 422 2311 viventia]

187 2324 228 2354 ⁶1
246 2323 294 2354 At
307 2321 417 2362 mave]
435 2321 540 2352 Avari
555 2322 742 2360 responsio.
776 2322 847 2354 Tol-

145 2372 223 2412 lere]
243 2371 398 2404 Sumere.

187 2425 230 2454 ⁵8
252 2423 340 2454 Βιιηι
367 2431 409 2453 ex
433 2420 545 2461 parvo]
584 2420 694 2453 Poeta
722 2421 848 2454 iterum

146 2472 335 2512 interrogat
352 2480 504 2503 avarum.
550 2471 612 2502 Est
626 2471 718 2511 quasi
731 2472 850 2504 Dialo-

148 2531 212 2561 gus
239 2521 330 2552 inter
359 2521 457 2552 duos.
502 2520 647 2552 Ham-ire
676 2521 850 2563 relinquas]

148 2572 291 2603 Sumere
320 2570 501 2602 concedas.
558 2570 656 2611 [Cam
683 2580 724 2602 ex
754 2581 850 2612 parvo

149 2622 233 2653 Vat.
249 2621 362 2653 Palat.
377 2623 410 2652 3.
436 2620 586 2652 Chisian.
602 2623 633 2652 1.
661 2625 696 2653 et
723 2621 851 2653 Barbe-

149 2671 214 2703 rin.
232 2674 263 2703 1.
309 2671 393 2702 Dum
408 2674 510 2702 tamen
523 2680 540 2702 e
559 2680 656 2712 parco
669 2670 756 2702 nobis
771 2671 851 2704 Vat.

151 2722 253 2754 Rom.
270 2720 321 2761 9.]

193 2774 235 2803 53
254 2770 412 2812 Cameris]
430 2770 602 2810 Gronau-ia,
617 2770 760 2803 divitum
775 2772 850 2804 hor-

149 2831 223 2863 rea,
238 2822 429 2855 tenuiorum
444 2831 582 2853 cumeros
596 2823 753 2864 opponit.
783 2823 852 2856 Sed

1480 262 1593 305 1591

892 363 1015 403 Varro,
1033 362 1247 395 ‘cumerum'
1269 370 1403 404 quoque
1419 362 1489 394 dici
1506 364 1594 396 affir.

891 419 962 445 mat
997 414 1136 454 proprie
1160 413 1208 452 id,
1228 413 1317 453 quod
1335 412 1378 443 ad
1395 413 1536 445 alterius
1553 416 1596 446 si-

893 464 1119 495 militudinem
1143 464 1179 495 in
1201 464 1332 504 nuptiis
1354 473 1374 495 a
1398 473 1506 504 puero
1538 475 1596 506 pa-

893 515 994 545 trimo
1011 523 1051 545 ac
1067 514 1237 552 mati-imo,
1254 524 1354 556 quem
1372 519 1380 532 ‘
1396 515 1595 547 Camillum’

892 564 1076 604 vocabant,
1101 565 1316 606 gestabatur,
1341 565 1375 596 in
1403 575 1513 607 eoque
1543 567 1597 598 vel

892 625 1028 656 sponsae
1048 615 1223 654 utensilia,
1235 616 1287 646 vel
1303 615 1408 656 panis,
1425 621 1463 647 ut
1478 616 1599 648 volunt

893 665 964 704 alii,
981 666 1033 697 vel
1052 665 1142 696 aliud
1160 666 1336 706 quippiam
1354 671 1499 697 secreto.
1523 666 1599 697 Tor-

891 719 973 747 rent.
1021 716 1178 757 Cameris]
1203 716 1304 747 Vasis
1335 715 1511 755 fictilibus,
1539 722 1599 748 aiit

893 766 1061 804 vimineis,
1081 766 1113 798 in
1131 766 1253 807 quibus
1274 765 1483 798 frumentum
1500 776 1598 807 repo÷

893 825 975 847 nere
1005 816 1173 848 soh-bant.
1229 815 1408 856 Granum-ia]
1447 815 1596 847 Horrea.

894 866 992 907 [Vat.
1008 870 1042 898 7.
1062 868 1133 907 plus
1147 867 1281 899 cumeris
1295 865 1428 906 laudea]

937 920 979 949 54
1006 918 1051 949 Ut
1081 917 1156 958 tibi]
1196 918 1354 958 Exempli
1383 926 1499 949 causa.
1543 917 1599 948 Li-

894 967 981 1008 quidi
997 977 1058 999 non
1071 968 1204 1008 amplius
1217 967 1313 1008 urna]
1329 968 1377 1000 Ut
1389 967 1488 1008 ὑγρὸν
1500 967 1600 999 Grae-

896 1018 940 1057 ci,
965 1017 1013 1048 sic
1039 1017 1189 1058 liquidum
1211 1018 1336 1053 Latini,
1363 1023 1522 1059 tanquam
1541 1027 1600 1058 ge·

896 1076 972 1106 nus,
998 1076 1058 1108 pro
1085 1076 1302 1108 quocumque
1330 1068 1471 1099 humore
1495 1076 1535 1098 ac
1563 1076 1600 1098 re

897 1116 1002 1149 fluida
1031 1122 1211 1158 usurpant.
1268 1117 1390 1149 Horat.
1421 1127 1484 1158 pro
1515 1127 1602 1158 aqua

896 1178 975 1198 usus
989 1173 1055 1208 est,
1066 1167 1155 1209 quod
1168 1167 1212 1199 P.
1222 1167 1396 1199 Victorius
1408 1168 1490 1198 Var.
1504 1168 1602 1199 Lect-

899 1226 1013 1250 xxnt.
1040 1220 1094 1250 20.
1120 1217 1327 1249 observavit.
1378 1217 1447 1249 Sed
1475 1217 1602 1253 ethoe

899 1268 1098 1308 notandum,
1122 1271 1130 1286 ‘
1147 1269 1284 1299 urnam'
1310 1268 1373 1299 lioc
1388 1268 1476 1307 loco,
1497 1267 1548 1298 uti
1565 1271 1602 1298 et

898 1319 908 1337 ⁴
925 1319 1104 1360 cyathum'
1132 1323 1262 1350 certam
1292 1327 1367 1349 esse
1395 1327 1602 1357 mensuram,

897 1379 963 1410 qna
985 1369 1018 1399 in
1044 1368 1228 1400 metiendis
1251 1366 1387 1408 liquidis
1403 1367 1600 1398 utebantur.

900 1419 1044 1451 Torreat.
1088 1417 1218 1458 Liquidi
1243 1417 1339 1457 urna]
1364 1417 1522 1458 Liquoris
1546 1417 1601 1448 vel

896 1479 994 1511 aquae
1011 1478 1107 1500 urna.

937 1523 981 1551 56
1008 1520 1053 1550 Εο
1066 1519 1125 1560 fit,
1151 1519 1292 1558 Plenior,
1313 1517 1384 1559 ὅπη]
1406 1518 1459 1549 Ex
1482 1526 1523 1550 eo
1548 1517 1601 1560 fit,

896 1575 934 1602 ut
950 1570 978 1601 si
995 1580 1078 1612 quos
1094 1569 1231 1601 uberior
1247 1578 1346 1610 aquae
1372 1569 1486 1610 copia,
1500 1579 1601 1610 quam

896 1630 958 1661 par
972 1622 1030 1660 sit,
1045 1619 1210 1659 delectet,
1233 1624 1270 1650 et
1291 1618 1422 1650 idcirco
1443 1619 1566 1651 malint
1581 1629 1602 1651 e

895 1669 1035 1701 flumine
1060 1669 1190 1707 bibere,
1205 1678 1306 1709 quam
1322 1678 1364 1699 ex
1380 1667 1490 1707 fonte,
1506 1667 1604 1700 Aufi-

896 1721 959 1751 dns
982 1720 1121 1760 rapidus
1139 1729 1232 1759 saepe
1256 1728 1315 1750 eos
1340 1728 1407 1750 una
1430 1727 1508 1749 cum
1525 1717 1603 1758 ripa

898 1770 1063 1810 abreptos
1091 1768 1236 1800 auferat.
1260 1768 1423 1808 allegoria
1444 1773 1511 1803 est,
1540 1777 1603 1808 per

897 1819 997 1860 titiam
1013 1818 1196 1859 significat,
1211 1828 1304 1858 saepe
1317 1819 1467 1855 evenire,
1481 1823 1532 1858 ut,
1544 1820 1603 1860 qui

898 1870 1125 1902 mediocribus
1160 1868 1386 1901 facultatibus
1419 1878 1487 1900 non
1520 1878 1601 1901 con-

898 1921 985 1952 tenti
1001 1920 1184 1961 ampliores
1204 1919 1416 1958 desiderant,
1442 1920 1472 1950 in
1497 1919 1603 1951 maxi-

897 1979 970 2002 mas
985 1970 1199 2002 calamitates
1214 1969 1380 2009 incidant,
1406 1973 1464 2001 ant
1483 1969 1601 2002 interi·

898 2024 970 2051 tum
986 2020 1048 2051 sibi
1067 2025 1126 2051 aut
1145 2024 1276 2060 pestem
1293 2023 1480 2050 arcessant.
1505 2019 1600 2051 Lam-

898 2069 961 2100 bin.
1006 2070 1055 2101 Eo
1067 2068 1131 2111 fit]
1155 2069 1206 2100 Ex
1223 2078 1266 2100 eo
1280 2068 1332 2100 fit.

940 2123 981 2152 5⁷
1003 2121 1102 2162 Copia
1114 2119 1220 2160 justo]
1241 2120 1299 2152 Sic
1315 2120 1392 2152 libri
1408 2120 1516 2152 nostri
1532 2131 1602 2152 om-

898 2181 969 2203 nes.
1011 2171 1090 2204 vid.
1105 2170 1254 2202 Turueb.
1271 2179 1311 2202 ιι.
1332 2173 1385 2203 23.
1405 2171 1494 2212 copia
1507 2181 1603 2202 cornu

897 2230 934 2253 se
958 2222 991 2253 in
1014 2221 1162 2262 antiquis
1183 2221 1388 2253 membranis
1406 2222 1602 2263 repperisse

898 2276 1056 2304 testatur.
1082 2272 1224 2304 Tor-rent.
1267 2272 1379 2313 Juseo]
1404 2273 1515 2306 Quam
1539 2282 1602 2314 par

899 2324 958 2354 sit.

942 2375 984 2404 58
1009 2373 1088 2403 Cum
1110 2372 1198 2412 ripa]
1233 2372 1398 2412 Optimus
1427 2372 1504 2404 cod.
1534 2382 1602 2404 non

899 2422 1068 2453 iuamoena
1080 2422 1224 2462 quadam
1237 2422 1392 2453 novitate
1407 2422 1506 2462 legit,
1522 2424 1602 2454 Cum

899 2471 993 2503 simul
1019 2471 1133 2502 avulsis
1159 2471 1241 2511 ripa,
1264 2473 1318 2512 Ere.
1364 2473 1499 2503 Avulsos
1511 2472 1604 2510 serat

899 2520 1049 2563 Aufidus]
1077 2520 1250 2561 Abreptus
1281 2520 1415 2552 auferat
1446 2520 1603 2562 Aufidus,

899 2571 1036 2613 Apuliae
1053 2569 1185 2601 fluvius.

943 2624 986 2653 59
1011 2621 1075 2657 Qui
1094 2619 1210 2652 tantuli
1229 2621 1316 2662 eget]
1340 2620 1484 2661 Legitur
1498 2622 1603 2655 etiam

900 2672 1034 2704 tantulo.
1078 2670 1201 2701 Sensus
1225 2675 1297 2701 est:
1324 2670 1391 2703 Qui
1415 2680 1457 2702 eo
1480 2681 1517 2703 se
1534 2682 1602 2704 non

901 2731 1005 2764 egere
1031 2720 1218 2758 existimat,
1243 2729 1310 2761 quo
1335 2729 1454 2753 carere
1479 2722 1601 2763 possit.

902 2773 980 2806 Qua
994 2771 1037 2802 de
1053 2780 1089 2801 re
1105 2770 1271 2811 praeclare
1285 2771 1473 2812 Epicurus:
1498 2773 1605 2806 voluit

903 2822 993 2855 enim
1009 2820 1052 2852 ad
1073 2820 1173 2853 beate
1194 2820 1375 2854 vivendum
1399 2831 1461 2855 nos
1486 2830 1601 2857 nostro
