1930 3204
679 273 890 303 HORATH

190 367 374 407 Bamberg.
391 377 446 409 ap.
462 366 602 407 Jaeck.]

233 421 275 450 58
287 418 440 460 Lacu-ene]
463 419 473 436 ‘
487 419 629 449 Latrare
640 423 756 446 senem
766 414 775 427 ’
792 414 892 454 dixit,

189 474 228 500 ut
244 470 253 488 ‘
266 470 391 501 latrare
401 469 572 500 cervinam
587 464 726 508 pellem¹
740 474 766 496 1.
778 465 890 506 Epist.

188 523 242 552 ll.
266 521 398 553 Gellius
422 529 490 552 vu.
517 522 548 550 1.
589 518 750 550 Latratus
775 520 888 548 autern

187 570 246 602 ille
268 570 476 602 amatoribus
504 568 741 611 permolestus.
787 567 889 599 Subu-

185 630 274 652 ranoe
288 619 393 660 canes]
415 620 548 652 Subura
570 618 663 649 vicus
692 622 766 649 erat
789 617 888 649 valde

187 670 334 701 celebris
359 671 394 702 in
420 669 568 703 secunda
591 668 696 700 Urbis
724 668 887 709 regione:

187 718 278 752 unde
295 725 331 752 et
347 720 452 752 tribus
465 719 658 755 Suburana,
678 718 798 748 eadem
811 727 887 758 quae

186 773 222 800 et
233 769 408 801 Sucusana
422 780 432 808 ;
455 769 727 810 quandoquidem
742 768 890 806 Subura,

186 823 224 849 ut
240 819 392 850 nonnulli
412 820 543 856 volunt,
563 829 584 849 a
607 828 696 859 pago
711 818 888 850 Sucusano

185 867 280 899 dicta
293 867 371 901 fuit.
401 870 476 901 Nec
492 869 744 901 contemnenda
761 869 888 901 veteris

184 916 388 950 Scholiastae
406 919 506 958 ratio,
521 929 646 960 nempe
661 919 749 960 quod
771 919 888 951 subus-

185 966 280 999 tione
308 968 386 1000 olim
420 969 582 1010 paludeta
614 969 683 1000 illic
714 969 889 1002 exsiccata

183 1015 266 1048 sint.
305 1017 453 1049 Ridicnli
470 1027 550 1049 vero
565 1018 622 1058 qui
639 1019 648 1035 ⁴
663 1027 765 1050 canes
780 1019 887 1051 Subu-

185 1065 310 1104 ranas,’
345 1067 436 1107 ipsas
467 1073 591 1100 vocant
620 1069 817 1100 meretrices
853 1070 887 1101 in

183 1115 318 1147 Subura
334 1123 537 1157 prostantes.
583 1119 797 1160 Quamquam
814 1129 887 1151 cer-

185 1170 257 1197 tum
284 1171 349 1202 est,
374 1167 487 1199 vicum
514 1168 606 1199 illum
634 1169 886 1210 meretricibus,

183 1215 244 1248 sed
262 1216 452 1256 vilioribus,
474 1218 641 1250 celebrem
671 1218 800 1259 fnisse3
824 1229 888 1252 nec

184 1266 291 1298 minus
317 1265 538 1308 frequentem
563 1269 718 1308 canibus,
744 1275 816 1301 tum
842 1270 885 1302 ob

182 1315 408 1348 habitantium
437 1318 703 1357 multitudinem,
739 1324 809 1351 tum
841 1321 885 1351 ob

182 1366 249 1398 vici
261 1366 507 1398 immunditiem
519 1377 528 1405 ς
545 1367 760 1398 immunditia
770 1373 884 1400 autem

181 1417 284 1448 etiam
301 1426 402 1447 canes
417 1416 532 1448 trahit.
555 1415 634 1447 vid.
648 1417 797 1449 Turneb.
808 1427 884 1450 xrv.

180 1468 214 1497 9.
258 1466 432 1498 Suburam
446 1467 551 1508 canen]
574 1466 707 1498 Subura
720 1468 814 1500 locus
831 1474 884 1500 est

179 1516 213 1547 in
228 1517 312 1548 urbe
329 1517 446 1552 Roma,
471 1527 546 1557 quae
561 1516 652 1548 inter
668 1517 836 1558 Esquilias
849 1523 885 1550 et

180 1566 384 1598 viminalem
395 1566 504 1607 jacet,
517 1568 736 1599 meretricum
752 1566 862 1601 ferax.

221 1619 265 1648 59
289 1616 400 1648 Nardo
425 1619 634 1657 perunctum.-
662 1618 766 1659 quale]
807 1619 883 1651 Hoc

179 1676 314 1709 quoque
338 1667 506 1708 juvenum
534 1675 600 1707 est,
632 1673 670 1698 ut
699 1669 883 1708 unguentis

179 1716 324 1748 delibuti
340 1716 383 1747 ad
400 1717 541 1748 amicam
559 1720 652 1755 eant,
665 1718 755 1757 quod
773 1727 798 1748 1.
815 1718 884 1749 Od.

179 1768 213 1797 5.
225 1767 472 1797 annotavimus.
519 1765 685 1796 Lambino
701 1771 815 1798 autem
832 1777 883 1798 as-

179 1817 324 1856 sentior,
338 1816 393 1857 qui
409 1816 456 1846 sic
473 1815 622 1846 loc-utum
637 1824 712 1846 esse
728 1816 780 1847 liic
795 1817 884 1848 urbi-

182 1871 294 1898 tratur
317 1865 514 1901 Horatium.
537 1869 575 1896 ut
593 1874 618 1896 ι.
641 1865 714 1897 Sat.
731 1869 761 1896 5.
778 1867 787 1883 ‘
800 1866 884 1898 Ani-

181 1925 257 1955 mae,
269 1916 388 1958 quales
406 1925 517 1956 neque
541 1915 754 1947 candidiores
772 1916 884 1948 Terra

181 1965 282 2006 rulit,’
306 1969 370 1998 &m
416 1965 506 1997 Vide
522 1971 557 1997 et
575 1966 754 1998 Linacrnm
771 1967 814 1998 de
837 1969 883 1999 E-

181 2017 294 2049 mend.
311 2018 440 2061 Struct.
457 2017 516 2048 lib.
529 2025 580 2048 vr.
593 2016 766 2048 laborarint
777 2018 882 2050 etiam

174 2067 263 2098 haud
273 2067 376 2100 dubie
387 2068 521 2106 melius,
533 2072 613 2099 octo
624 2067 785 2099 librorum
796 2078 880 2110 quos

176 2117 245 2148 vidi
266 2120 472 2149 auctoritate
495 2117 764 2158 comprobatum.
809 2119 880 2150 Un—

173 2167 388 2207 guentariam
415 2172 529 2198 autem
560 2177 597 2198 se
629 2176 703 2199 esse
733 2169 879 2200 Canidia

174 2216 356 2258 significat.
381 2218 493 2248 Nar-do
502 2217 700 2258 perunctum]
717 2218 875 2260 Unguen-

177 2273 212 2300 to
228 2268 610 2308 Nardinopernnctum.

215 2320 260 2349 60
283 2318 371 2354 Quid
393 2317 523 2358 accidit]
558 2318 706 2349 Miratur
733 2318 878 2350 Canidia.

174 2377 237 2399 cur
264 2376 395 2398 venena
425 2367 715 2407 praestantissima,
742 2377 817 2409 quae
843 2369 876 2399 in

176 2418 303 2450 Varum
332 2417 546 2453 adhibuerat,
572 2418 680 2449 minus
708 2418 876 2459 valerent,

176 2476 345 2509 quarnea
373 2467 496 2506 quibus
523 2476 585 2498 usa
610 2472 664 2498 est
689 2468 816 2500 Medea
841 2469 876 2501 in

176 2518 340 2551 Creusam
358 2516 516 2548 Creontis
537 2515 654 2547 filiam.

218 2571 259 2601 61
290 2569 414 2601 Venena
437 2567 574 2608 Medeae]
610 2568 733 2599 Venena
757 2569 877 2601 Medeae

174 2620 384 2660 interpretor
399 2628 442 2649 ex
465 2617 602 2649 Medeae
620 2619 823 2660 praescripto
842 2624 877 2651 et

175 2676 249 2701 arte
265 2669 437 2706 confecta,
450 2668 511 2699 hac
527 2668 560 2698 in
578 2677 613 2698 re
628 2673 696 2699 tam
714 2674 876 2709 prestan-

176 2720 233 2758 tis,
257 2725 294 2750 ut
319 2728 395 2760 quae
419 2719 606 2759 sequuntur
624 2716 760 2750 efficere
779 2723 876 2759 potu-

176 2769 253 2801 erit.

217 2821 258 2850 63
283 2818 467 2859 Superbam]
497 2818 610 2851 Multo
636 2818 751 2860 plures
777 2819 876 2852 codd.

927 274 1067 303 ΕΡοι).
1102 273 1146 304 v.
1531 265 1644 307 1547

940 366 1115 406 vulgatam
1131 368 1271 396 tuentur
1287 363 1483 403 lectionem,
1495 367 1646 406 superba,-

941 419 979 446 ut
997 415 1039 446 ad
1055 414 1217 445 Medeam
1233 413 1362 445 artibus
1389 413 1456 445 suis
1481 418 1516 445 et
1542 424 1644 447 curru

940 465 998 496 illo
1015 465 1145 496 volatili
1162 474 1182 495 a
1199 464 1279 495 Sole
1305 468 1401 505 patre
1424 474 1486 496 sno
1512 474 1644 506 praepa-

939 519 1015 547 rato
1030 514 1248 555 gloriantem,
1259 524 1324 545 non
1341 514 1384 546 ad
1401 515 1576 555 pellicem,
1592 524 1646 546 re-

939 563 1084 596 feratur.
1129 564 1317 606 Superbam]
1345 566 1507 596 Creusam
1523 571 1644 606 poten-

939 619 1008 646 tem
1025 619 1061 646 et
1076 614 1217 655 superbi
1238 615 1327 655 regis
1344 614 1460 647 filiam.

982 665 1040 706 [64
1062 665 1179 704 Magni
1198 665 1329 696 Creoni-³
1344 665 1576 698 Schoenborn.
1592 668 1644 709 2.]

981 717 1022 746 65
1039 715 1146 755 Pulla,
1158 715 1228 746 tabo
1241 714 1368 754 munus]
1389 716 1486 746 Palla
1499 722 1645 757 accepta

941 764 1069 796 Creusa
1079 775 1154 796 cum
1168 770 1242 796 tota
1252 766 1411 797 Creontis
1426 766 1520 806 regia
1531 766 1645 798 subito

938 814 1095 847 incendio
1121 815 1360 856 conflagravit.
1421 814 1520 856 Taso]
1554 815 1564 833 ‘
1579 816 1644 847 Ta-

938 864 1034 896 bnm'
1058 874 1120 906 pro
1137 870 1300 906 corrupto
1323 866 1488 906 sanguine
1507 868 1642 896 veteres

939 915 1164 948 Grammatici
1179 915 1254 948 fere
1266 917 1558 958 interpretantur;
1575 917 1646 948 Ηο-

939 965 1045 997 ratius
1071 976 1132 1007 pio
1156 975 1369 1007 quacumque
1396 966 1520 998 veneni
1545 971 1643 1006 peste

937 1016 1073 1057 posuit:
1099 1026 1209 1058 neque
1233 1017 1322 1047 enim
1345 1016 1447 1047 anxie
1471 1015 1644 1056 inquii-en»

938 1065 1031 1105 dum,
1046 1066 1138 1107 quod
1154 1076 1263 1106 genus
1279 1066 1361 1098 illud
1379 1066 1502 1097 veneni
1519 1065 1643 1105 fuerin

939 1122 1115 1157 postquam
1144 1126 1205 1156 pei·
1226 1117 1359 1157 jocum,
1387 1120 1424 1146 ut
1453 1119 1532 1147 ante
1558 1115 1643 1147 vidi-

939 1175 1022 1205 mus,
1038 1166 1116 1198 allio
1129 1175 1266 1208 quoque
1281 1171 1394 1198 tantas
1407 1165 1497 1197 vires
1512 1165 1644 1197 tribuit.

937 1215 1064 1258 [Codd.
1078 1227 1134 1258 ap.
1150 1217 1272 1257 Jaeck,
1295 1217 1454 1256 infectum,
1468 1216 1579 1256 noum]

980 1270 1023 1298 66
1050 1269 1185 1308 Nuptam
1209 1267 1354 1308 abstulit]
1388 1268 1553 1299 Creusam
1581 1266 1602 1299 J
1607 1276 1642 1297 a·

935 1319 1008 1347 soni
1025 1322 1176 1358 nuptam.

978 1368 1020 1396 67
1043 1366 1083 1396 In
1098 1367 1218 1406 asperis
1231 1366 1322 1406 Iocis]
1355 1366 1397 1397 ln
1413 1365 1596 1397 montibus.

978 1418 1020 1446 68
1046 1416 1174 1454 Fefeait
1188 1416 1251 1456 me]
1275 1417 1394 1447 Latuit
1411 1425 1476 1447 me.

978 1468 1021 1496 69
1045 1466 1201 1497 Indormit
1228 1465 1350 1506 unctis]
1391 1466 1517 1496 Varum
1554 1465 1641 1496 dicit

936 1520 1130 1547 semmurum
1159 1521 1338 1557 tutumque
1365 1525 1384 1546 a
1402 1524 1641 1557 quarumcum-

933 1576 1000 1608 que
1022 1566 1182 1607 pellicum
1207 1566 1379 1598 amoribus
1398 1567 1558 1604 dormire,
1580 1576 1640 1597 ne-

935 1626 1002 1659 que
1032 1626 1154 1648 curare
1192 1617 1392 1658 cujusquam
1424 1615 1640 1654 veneficium,

934 1670 1057 1706 utpote
1083 1666 1229 1697 solutum
1253 1666 1393 1696 alterius
1416 1664 1576 1696 veneficae
1603 1674 1639 1695 o-

934 1726 1029 1756 pera.
1062 1715 1323 1747 profitebantur
1339 1715 1428 1746 enim
1448 1725 1539 1755 sagas.
1557 1723 1592 1745 se
1609 1714 1639 1745 ei

933 1766 1119 1797 conciliare
1137 1776 1235 1806 posse
1262 1775 1410 1804 amores,
1437 1770 1472 1796 et
1494 1765 1640 1796 solvere.

933 1815 1118 1847 Tibullus:
1153 1818 1163 1833 ‘
1190 1815 1282 1848 Quid
1314 1815 1481 1847 credam?
1515 1824 1639 1855 nempe

933 1865 1007 1896 liaec
1019 1865 1139 1897 eadem
1153 1875 1188 1897 se
1206 1866 1294 1896 dixit
1320 1875 1452 1897 amores
1471 1865 1636 1897 Cantibus

935 1921 1038 1957 atque
1067 1915 1184 1948 herbis
1216 1917 1347 1947 solvere
1387 1926 1486 1957 posse
1524 1916 1638 1948 meos-¹

938 1966 1041 1998 Uncta
1057 1966 1161 2006 igitur
1175 1966 1326 1998 oblivione
1338 1966 1452 1998 cubitia
1468 1967 1637 2006 interpre-

934 2021 999 2055 tor,
1029 2017 1292 2048 medicamentis
1321 2027 1397 2058 quae
1428 2017 1635 2048 oblivionem

929 2067 1136 2099 inducerent
1151 2067 1353 2098 circumlita.
1391 2066 1547 2097 Indormit
1563 2075 1636 2097 unc-

929 2117 973 2147 tis
986 2117 1123 2147 omnium
1137 2116 1303 2156 cubilibus]
1339 2117 1448 2147 Varus
1471 2116 1636 2147 indormit

930 2166 1098 2198 cubilibus
1137 2166 1248 2197 unctis
1284 2166 1455 2198 oblivione
1487 2166 1636 2197 oninium

930 2217 1102 2258 pellicum,
1127 2217 1162 2248 id
1184 2221 1236 2249 est
1251 2217 1377 2249 dormit
1393 2227 1545 2253 securus,
1569 2217 1636 2248 mei

928 2273 964 2299 et
990 2267 1138 2298 omnium
1165 2277 1302 2299 suarum
1331 2268 1493 2309 pellicum
1520 2277 1635 2299 amore

927 2318 1070 2349 solutus.
1101 2317 1350 2358 [Schoenborn.
1366 2321 1397 2349 2.
1413 2319 1550 2350 omnium
1559 2328 1635 2349 unc-

928 2368 981 2398 tis.
1005 2367 1114 2398 Codd.
1127 2378 1182 2407 ap.
1192 2367 1316 2404 Jaeck,
1329 2369 1379 2399 En
1389 2369 1515 2400 dormit.
1531 2369 1634 2400 Bam-

929 2417 1024 2457 berg.
1046 2415 1229 2456 caprilibus]

969 2469 1009 2498 71
1034 2466 1162 2497 Solutus
1174 2467 1329 2507 ambulat]
1354 2467 1461 2501 Quasi
1482 2477 1544 2499 sua
1559 2477 1634 2499 car-

929 2516 1019 2547 mina
1031 2515 1154 2546 nullius
1171 2515 1240 2547 sint
1253 2515 1431 2548 efficaciae.

972 2567 1015 2596 72
1054 2563 1215 2603 Carmine]
1257 2563 1432 2596 Veneficae
1469 2564 1632 2598 doctioris

930 2616 1100 2648 cantione.
1623 2636 1626 2639 v

971 2669 1012 2698 73
1039 2666 1112 2696 Non
1133 2663 1277 2704 usitatis]
1305 2663 1411 2695 Novis
1429 2669 1464 2696 et
1485 2664 1630 2697 insolitis

927 2719 1103 2752 veneficiis
1121 2723 1156 2750 tn
1173 2718 1215 2749 ad
1229 2727 1282 2748 me
1301 2726 1455 2748 recurres
1474 2717 1555 2749 velis
1572 2727 1631 2749 no-

926 2772 980 2803 lis.
1024 2768 1223 2809 potionibus]
1246 2768 1411 2802 Quinctil.
1435 2768 1630 2801 Declamat.

926 2823 1001 2853 350.
1030 2828 1198 2851 venenum
1224 2818 1481 2860 iuterpretatur
1517 2819 1629 2861 potio.
