1916 3262
393 287 503 338 12:30

860 301 902 336 q.
933 296 1139 328 nolum
1174 299 1342 330 ennom

394 390 673 432 Grammatici
696 394 875 436 certant,
897 395 938 429 et
953 389 1092 431 adhuc
1112 391 1356 445 subjudice
1371 392 1428 432 lis
1449 396 1529 433 est.

393 456 694 497 Archilochum
714 457 886 509 proprio
906 456 1049 496 rabies
1068 458 1248 498 armavit
1263 458 1416 498 Iambo
1435 472 1445 499 :

393 521 525 562 Hunc
546 523 663 562 socci
682 533 832 573 cepere
854 521 1025 573 pedem,
1048 522 1310 575 grandesque
1330 522 1536 571 cothurni,

392 585 582 626 Alternis
603 591 752 639 aptum
772 587 1056 636 sermonibus,
1077 590 1118 627 et
1138 587 1364 640 populares

394 651 651 692 Vincentem
674 653 902 704 strepitus,
923 657 967 693 et
987 657 1137 693 natum
1157 653 1285 693 rebus
1300 653 1493 705 agendis.

394 717 528 758 Musa
546 718 664 758 dedit
682 717 842 758 fidibus
864 717 1018 767 Divos,
1037 720 1275 771 puerosque
1297 718 1504 767 Deorum,

394 781 453 822 Et
473 783 657 835 pugilem
675 784 891 832 victorem,
909 786 952 823 et
970 796 1124 835 equum
1145 783 1375 823 certamine
1396 785 1593 836 primum,

395 847 451 888 Et
464 848 674 900 juvenum
695 861 835 898 curas,
858 854 903 890 et
921 849 1057 890 libera
1079 849 1179 889 vina
1198 847 1366 889 referre.

1753 849 1811 890 85

395 912 648 966 Descriptas
667 926 838 955 servare
859 915 979 956 vices
999 926 1266 968 operumque
1283 914 1467 963 colores,

393 1035 516 1073 elegias,
534 1036 738 1068 Grammatici
749 1047 810 1068 non
823 1037 1012 1068 consentiunt
1021 1046 1034 1073 ;
1056 1039 1146 1075 atque
1165 1038 1289 1073 integra
1306 1035 1471 1067 etiamnum
1483 1039 1582 1067 manet
1594 1034 1807 1067 controversia.

393 1075 608 1108 Archilochum
622 1080 670 1109 ira
689 1079 820 1109 armavit
835 1079 939 1110 Iambo
953 1088 1017 1108 suo.
1061 1078 1154 1108 Hunc
1172 1078 1278 1116 pedem
1292 1081 1476 1117 usurparunt
1494 1078 1655 1108 Comoedia
1678 1079 1709 1107 et
1733 1076 1811 1106 Τνα·

391 1118 515 1156 goedioe,
530 1121 674 1158 tanquam
687 1120 828 1150 idoneum
844 1120 1008 1160 colloquiis,
1030 1128 1066 1149 ac
1090 1121 1282 1158 superantem
1297 1119 1441 1150 clamores
1452 1119 1569 1159 populi,
1579 1122 1739 1158 aptumque
1762 1125 1813 1147 cc-

393 1158 480 1189 tioni.
527 1160 720 1198 Musajiassit
729 1161 836 1201 lyricis
845 1162 979 1192 versibus
991 1160 1112 1191 cantari
1128 1160 1222 1194 Deos,
1238 1159 1369 1200 Heroas,
1381 1161 1526 1192 athletam
1535 1161 1694 1198 victorem,
1703 1165 1812 1198 equum

392 1208 482 1230 cursu
492 1201 639 1242 priorem,
652 1203 872 1234 adolescentum
887 1211 1013 1237 amores,
1029 1205 1059 1232 et
1074 1200 1169 1232 libera
1183 1201 1330 1232 convivia.
1375 1202 1464 1237 Quod
1486 1202 1515 1232 si
1535 1201 1634 1232 dictas
1644 1199 1811 1232 carminum

990 1292 1223 1309 oeeeeomooo

396 1355 504 1394 Epist.
521 1358 572 1386 19.
585 1359 719 1387 25.-—83
742 1357 835 1387 Musa
848 1358 880 1390 d.
893 1357 924 1395 f.
940 1358 1057 1388 animos
1075 1366 1241 1396 puerosque
1255 1357 1484 1388 Schoenborn.
1498 1360 1530 1388 4.
1565 1356 1632 1388 Alii
1647 1356 1696 1388 sic
1710 1355 1813 1386 inter-

395 1402 558 1436 pungunt,
581 1397 711 1437 fidibus,
737 1398 835 1428 Divos
861 1401 1120 1439 puerosque.-—85
1146 1398 1275 1428 Haller.
1298 1398 1371 1428 vina
1394 1397 1601 1435 rescat-86
1623 1397 1706 1429 Exc.
1731 1397 1811 1427 Sax.

1033 1487 1174 1521 NOTAE

395 1558 493 1589 quam
527 1550 615 1581 altus
641 1555 676 1582 et
704 1561 856 1592 magnus.
906 1552 1011 1582 Patet
1038 1561 1080 1581 ex

397 1598 532 1638 Ovidio,
548 1599 694 1639 Catullo,
708 1601 853 1638 Tibullo,
867 1600 1059 1640 Propertio.

436 1647 567 1688 Auctor]
599 1648 784 1680 Callinoum
814 1650 993 1689 Ephesium
1023 1649 1080 1680 alii

396 1695 524 1735 dicunt,
546 1697 602 1728 alii
626 1698 782 1737 Naxium,
805 1699 860 1729 alii
883 1697 1081 1738 Colophoni-

397 1753 451 1774 um
469 1744 647 1784 quendam,
662 1756 718 1777 seu
730 1746 972 1786 Terpandrum.
994 1745 1082 1777 Vide

399 1793 523 1826 Isidor.
538 1802 563 1825 1.
577 1797 627 1824 38.

438 1845 480 1874 79
503 1842 731 1882 Archilochum]
762 1843 826 1874 Hic
842 1843 1084 1874 amarulentum

398 1901 533 1922 carmen
548 1891 724 1922 iambicum
749 1891 875 1921 invenit
892 1891 1084 1923 stimulante

399 1940 458 1971 ira.
502 1941 556 1971 De
585 1949 626 1970 eo
655 1940 686 1970 in
718 1941 822 1979 Epod.
850 1949 901 1971 vr.
946 1940 1086 1971 Ovidius

400 1989 433 2019 in
457 1989 509 2019 lb.
527 1989 538 2006 ‘
553 1988 678 2019 Tincta
701 1989 904 2028 Lycambaeo
925 1989 1086 2029 sanguine

400 2041 468 2071 tela
482 2039 611 2070 feram!

441 2090 482 2118 80
505 2087 605 2122 Socci,
619 2087 772 2126 cothurni]
789 2086 834 2116 Hi
850 2086 1086 2126 tragoedorum,

399 2136 446 2167 illi
457 2135 677 2167 comoedorum
689 2135 805 2165 calcei.
823 2135 969 2174 Synecd.
983 2135 1086 2165 Gran·

399 2187 470 2218 des.-
488 2189 556 2216 tum
574 2184 661 2225 quod
679 2193 795 2215 revera
806 2184 885 2221 alti,
911 2188 979 2214 tum
997 2183 1085 2224 quod

400 2235 538 2272 tragicae
554 2243 606 2264 res
629 2233 783 2273 grandes,
803 2232 1014 2272 sublimisque
1031 2241 1085 2263 ea-

401 2292 472 2314 rum
484 2283 603 2322 stylus.
628 2282 792 2322 Sophocle
808 2282 965 2312 inductus
978 2282 1084 2321 primo

401 2332 434 2363 in
451 2339 582 2362 scenam
601 2331 780 2361 cothurnus
795 2340 804 2368 ;
820 2335 906 2361 teste
921 2330 1038 2361 Servio
1052 2330 1083 2360 in

401 2379 520 2419 virgil.
544 2379 617 2410 Ecl.
634 2387 713 2409 vur.

443 2430 487 2458 812
505 2426 646 2458 Alternis
659 2428 778 2467 aptum]
799 2426 886 2460 Quin
899 2437 989 2467 saepe
1005 2426 1085 2458 iam-

402 2476 498 2507 bicus
515 2484 627 2506 versus
642 2475 904 2515 imprudentibus
919 2475 1013 2506 nobis
1027 2485 1085 2506 ex—

403 2523 496 2563 cidit,
527 2527 563 2554 et
596 2522 687 2564 quod
722 2523 862 2554 orationi
891 2523 1087 2563 simillimus,

402 2573 480 2604 hinc
493 2573 504 2590 ⁴
516 2577 654 2613 propter
673 2572 920 2603 similitudinem
936 2572 1087 2603 veritatis

403 2625 437 2653 in
453 2622 570 2654 fabulis
586 2622 787 2653 adhibetur!
832 2623 903 2653 Cic.
925 2623 966 2653 de
990 2621 1086 2653 Orat.

406 2678 462 2700 ιιι.
478 2670 618 2702 Aristot.
634 2671 733 2702 Poet.
746 2680 792 2702 iv.

447 2721 488 2749 82
514 2721 679 2759 Populares
718 2720 895 2753 Vincentem
926 2720 1086 2761 strepitus]

405 2766 582 2798 Gravitate
611 2769 755 2808 propria,
781 2771 831 2799 vel
853 2770 951 2801 altius
970 2778 1086 2801 sonan·

1133 1555 1214 1589 tem,
1239 1550 1293 1580 vel
1316 1550 1414 1581 etiam
1439 1549 1710 1590 comprimentem
1730 1553 1813 1580 stre-

1135 1597 1223 1638 pitus
1239 1598 1365 1638 populi.

1175 1647 1294 1677 Natum
1320 1647 1408 1678 rebus
1428 1646 1571 1687 agendis]
1601 1646 1656 1678 Ob
1682 1650 1815 1678 natura-

1133 1695 1199 1726 lem
1227 1699 1354 1726 motum
1381 1699 1417 1726 et
1443 1696 1572 1726 saltum.
1616 1695 1686 1726 Cic.
1715 1694 1815 1726 Orat.

1135 1742 1277 1775 Quintil.
1293 1751 1344 1774 rx.
1358 1745 1389 1773 4.
1401 1747 1494 1774 certe
1505 1743 1560 1773 alii
1571 1751 1686 1773 versus
1699 1741 1815 1781 fluere,

1137 1795 1173 1821 at
1188 1790 1350 1822 iambicus
1366 1800 1426 1831 per
1441 1790 1546 1821 saltus
1562 1791 1610 1820 ire
1621 1790 1764 1822 videtur.

1179 1841 1219 1870 83
1242 1839 1335 1869 Musa
1361 1838 1462 1878 dedit]
1497 1838 1656 1878 Pindaro,
1687 1837 1818 1877 Alcaeo,

1137 1889 1287 1929 Sappho,
1312 1887 1530 1928 Anacreonti,
1552 1887 1727 1926 Simonidi,
1753 1889 1818 1919 &c-

1136 1948 1266 1970 necnon
1283 1942 1319 1969 et
1336 1938 1487 1969 Horatio.

1177 1991 1219 2020 84
1244 1988 1435 2028 Cer-tamine]
1459 1987 1651 2028 Olympico.

1179 2040 1218 2067 85
1241 2037 1354 2067 Libera
1378 2036 1466 2076 vina]
1489 2035 1628 2067 Liberos
1657 2043 1817 2066 commes-

1137 2087 1295 2125 sationem,
1309 2085 1463 2116 convivia
1476 2086 1508 2116 in
1523 2085 1640 2125 quibus
1654 2084 1735 2115 licet
1749 2085 1817 2114 cui-

1137 2144 1202 2176 que
1235 2135 1466 2175 quodcumque
1499 2134 1585 2165 libet
1616 2133 1707 2174 loqui
1731 2133 1818 2164 citra

1139 2184 1307 2216 invidiam.
1527 2179 1531 2181 ”

1179 2235 1220 2263 86
1251 2231 1356 2271 Vives]
1391 2231 1510 2262 Varias
1535 2230 1644 2269 dotes,
1669 2228 1819 2262 affectio-

1137 2291 1207 2320 nes,
1233 2281 1435 2318 discrimina,
1461 2280 1514 2310 vel
1539 2279 1654 2316 etiam,
1679 2278 1817 2318 disposi-

1138 2331 1260 2361 tionem
1284 2329 1433 2360 rnateriae
1449 2337 1491 2359 ex
1505 2331 1576 2358 arte
1598 2326 1738 2364 variam,
1756 2328 1819 2358 ἃς.

1135 2379 1225 2418 Ergo
1253 2377 1468 2416 Claudianus,
1492 2374 1671 2414 Ausonius,
1691 2378 1727 2405 et
1751 2374 1820 2414 ulii,

1135 2437 1250 2460 versus
1266 2427 1370 2467 magis
1384 2435 1483 2468 quam
1499 2435 1631 2457 carmen
1641 2424 1766 2458 fecere.

1181 2476 1316 2516 Colores]
1339 2476 1477 2507 Varium
1487 2476 1622 2516 stylum,
1631 2475 1819 2506 modosnb-

1135 2526 1262 2565 limem,
1281 2525 1376 2556 modo
1401 2525 1583 2556 remissum.
1631 2523 1726 2556 Utin
1749 2525 1818 2565 pic-

1137 2581 1212 2607 tura
1237 2574 1369 2606 diversa
1397 2573 1538 2605 diversis
1569 2572 1747 2614 coloribus,
1770 2573 1818 2603 sic

1138 2627 1334 2664 argumenta
1355 2623 1447 2654 varia
1466 2622 1598 2654 diverso
1607 2622 1714 2662 stylo,
1730 2621 1817 2652 varia

1137 2672 1296 2711 dictione,
1311 2675 1346 2703 et
1368 2671 1512 2712 propriis
1535 2675 1744 2712 unaqueque
1758 2668 1817 2699 do-

1139 2720 1228 2750 tibus
1251 2724 1411 2751 exornata
1430 2718 1686 2760 distinguuntur.
1730 2716 1816 2749 Vide

1139 2768 1336 2802 Quintilian.
1351 2776 1417 2799 xn-
1433 2771 1484 2799 10.
