1916 3262
1493 298 1604 340 1321

1519 402 1604 443 395

637 310 700 339 DE
732 309 864 339 ARTE
900 309 1125 339 POETrcA.

154 408 280 450 Saxa
297 417 469 448 movere
488 416 594 446 sono
611 403 858 453 testudinis,
878 405 923 444 et
942 414 1073 456 prece
1093 400 1258 442 blanda

155 475 330 517 Ducere
345 486 433 528 quo
449 472 600 514 vellet:
630 471 713 512 fuit
733 471 830 513 haec
851 470 1075 524 sapientia
1095 467 1334 524 quondam,

154 542 344 584 Publica
363 539 546 594 privatis
563 551 801 588 secernere,
823 550 950 579 sacra
969 536 1185 590 profanis,

154 609 402 650 Concubitu
423 606 656 661 prohibere
675 618 804 658 vago,
826 605 930 646 dare
944 603 1050 657 jura
1072 602 1259 652 maritis,

153 674 332 730 Oppida
351 674 512 724 moliri,
532 674 650 726 leges
670 673 863 714 incidere
884 672 1030 726 ligno:

151 743 227 784 Sic
247 741 380 783 bonor
398 746 446 782 et
464 753 623 782 nomen
643 741 808 782 divinis
830 740 1007 782 vatibus
1030 742 1165 792 atque

152 809 430 851 Carminibus
450 809 582 850 venit.
643 809 757 849 Post
776 808 856 849 hos
876 808 1060 860 insignis
1083 806 1322 854 Homerus,

148 876 450 930 Tyrtaeusque,
472 887 615 916 mares
635 875 804 916 animos
824 875 867 916 in
890 873 1056 916 Martia
1075 873 1190 915 bella

1518 736 1604 778 400

148 1011 222 1033 sono
240 1003 387 1044 meique
400 1007 495 1035 cunta
510 1003 630 1044 lapides
643 1003 784 1042 movim,
798 1005 829 1033 et
843 1010 1028 1043 quocumque
1043 999 1137 1031 libuit
1159 999 1327 1041 impulisse.
1378 998 1427 1029 Εα
1436 997 1509 1035 fuit
1531 996 1605 1027 olim

147 1045 311 1085 sapiencia,
324 1046 518 1086 distinguere
537 1046 662 1086 publica
676 1056 696 1077 a
713 1044 856 1086 privatis,
871 1047 904 1076 et
918 1053 1008 1075 socru
1023 1053 1043 1074 a
1064 1042 1216 1083 profanis,
1242 1042 1364 1073 incerta
1389 1039 1539 1071 connubia
1553 1047 1605 1069 ve-

149 1087 360 1125 euremari&
371 1090 493 1120 modum
506 1088 716 1129 proescribere,
730 1087 819 1118 urbes
834 1090 1006 1126 exstmoere,
1018 1087 1099 1125 leges
1112 1085 1228 1117 tabulis
1242 1084 1423 1115 inscribere.
1448 1082 1503 1114 Sic
1511 1081 1606 1120 fama

149 1131 181 1158 et
195 1129 336 1168 dignitus
358 1132 458 1162 sacris
478 1131 580 1172 po'e'tis
601 1140 638 1162 ue
660 1130 797 1161 versibus
817 1129 963 1169 contigit.
1006 1129 1087 1160 Post
1113 1128 1181 1159 illos
1204 1127 1353 1158 inclaruit
1374 1126 1544 1163 Homerus,
1568 1132 1606 1153 uc

153 1169 296 1211 Tyrtoen
317 1173 424 1204 viriles
442 1173 561 1204 animos
578 1174 619 1204 ad
644 1173 813 1204 certamina
833 1170 1023 1203 carminibus
1042 1171 1203 1202 accendit.-
1219 1169 1296 1208 suta
1310 1168 1450 1200 versibus
1468 1174 1606 1207 monun-

755 1275 991 1290 eeeeeeeeee

149 1361 237 1382 nmro
274 1351 381 1384 cinxit
410 1353 602 1395 Amphion!
634 1355 820 1386 Fene-399
857 1351 1086 1384 Schoenborn.
1113 1354 1145 1382 3.
1174 1349 1410 1381 molliri.—-400
1433 1347 1489 1379 Sic
1512 1347 1608 1377 honos

149 1393 332 1434 Bamberg.
345 1395 579 1427 Sclioenborn.
594 1399 624 1427 l.
637 1399 671 1428 4.
687 1396 838 1436 quinque
855 1396 948 1433 Fea‘,
963 1394 1060 1425 Harl.
1077 1396 1104 1424 Ι.
1120 1396 1153 1424 2.
1170 1393 1360 1424 Commeut.
1374 1391 1479 1430 Cruq.
1495 1394 1530 1419 et
1545 1398 1606 1419 no·

149 1439 256 1467 tatum
280 1446 324 1468 ex
348 1438 424 1468 cod.
454 1438 487 1468 in
518 1448 578 1469 ora
604 1437 683 1470 Ald.
712 1440 806 1470 1509.
832 1437 865 1468 in
893 1436 1058 1468 Biblioth.
1086 1435 1378 1466 Barberin.—402
1399 1433 1607 1471 Dircaeusque

145 1476 380 1511 Selmenborn.
395 1482 425 1510 l.
442 1480 539 1512 Harl.
557 1483 589 1511 2.
606 1483 639 1511 4.
653 1480 707 1511 alii
724 1479 822 1511 codd.
839 1480 932 1516 Feae,
949 1483 984 1510 et
1000 1477 1078 1509 edd.
1092 1477 1197 1518 antiq.
1223 1477 1410 1515 Pirccusque
1423 1474 1607 1512 Bamberg.

146 1523 182 1551 et
206 1519 438 1554 Schoeuborn.
454 1525 487 1555 4.
535 1523 741 1564 Tyrtaeusque
755 1522 904 1564 quinque
921 1520 1021 1553 codd.
1036 1521 1128 1560 Feae,
1144 1519 1274 1559 Acron,
1297 1515 1606 1559 PomhynVenet.

800 1629 833 1662 N
839 1628 949 1662 01·AE

945 1696 1011 1725 400
1033 1693 1089 1724 Sic
1103 1693 1209 1733 honor,
1223 1691 1294 1732 ὅπη]
1327 1690 1398 1722 Per
1418 1697 1494 1720 eam
1514 1687 1606 1729 sapi-

902 1743 1005 1775 entiae
1023 1743 1203 1774 rationein.

146 1690 251 1722 muris
273 1694 308 1723 et
331 1702 410 1725 arce
434 1693 607 1735 instruxit,
635 1695 737 1727 ‘Non
758 1694 848 1736 quod

138 1740 222 1781 ,lyra
236 1750 318 1773 saxa
333 1742 484 1783 duxerit,
508 1744 568 1775 sed
591 1745 680 1786 quod
696 1745 849 1776 suaviter

147 1788 272 1821 affatus
298 1791 451 1823 homines
479 1794 615 1834 rupium
637 1795 786 1833 accolas,
812 1798 848 1825 et

147 1838 284 1871 incultis
311 1841 462 1872 moribus
491 1842 593 1873 rudes
623 1842 666 1874 ad
694 1843 848 1884 obsequii

148 1888 258 1920 civilis
274 1890 457 1930 pellexerit
477 1890 717 1932 disciplinam‚'
739 1892 850 1934 iuquit

147 1937 285 1968 Solinus
300 1947 377 1978 cap.
400 1941 452 1971 13.
491 1939 580 1971 Vide
595 1949 650 1972 ιιι.
666 1941 736 1973 Od.
755 1944 806 1974 11.

191 1989 256 2018 396
292 1987 367 2019 Fuit
396 1988 462 2020 haec
493 1991 647 2030 sapientia
679 1991 848 2033 quondum]

151 2036 272 2069 voi-:tm
297 2038 466 2079 quondam
488 2039 668 2080 Sapientes
688 2047 798 2082 erant,
813 2046 850 2074 et

149 2087 301 2119 versibus
317 2087 523 2120 documenta
536 2089 678 2122 dabant.

189 2139 253 2170 897
277 2138 410 2170 Publica
417 2139 555 2180 privatis
565 2140 736 2182 secernere]
758 2141 846 2174 Nam

145 2188 335 2220 communia
351 2194 388 2220 et
405 2189 542 2230 publica
566 2195 647 2222 tnnc
663 2195 762 2223 erant
776 2201 847 2223 om-

145 2238 277 2274 nisset
306 2239 479 2271 robustior
512 2240 653 2283 quisque
685 2251 747 2282 per
778 2242 845 2274 vim

144 2288 314 2331 quidlibet
326 2289 494 2330 rapiebat.

189 2338 289 2370 Suom
309 2339 468 2382 profanis]
508 2341 582 2373 Nec
602 2341 722 2383 religio
737 2352 843 2385 queu-

146 2397 248 2429 quam
261 2388 445 2420 retinebat.

189 2439 253 2468 ³98
276 2437 448 2476 Darejura
462 2439 603 2479 nat-itis]
642 2442 719 2473 Non
742 2442 845 2474 modo

147 2485 300 2526 legitima
326 2488 510 2520 statuendo
530 2491 698 2532 conjugia,
720 2492 782 2524 sed
808 2497 845 2524 et

149 2535 318 2568 adulteria
334 2537 556 2577 prohibendo.

191 2589 256 2618 399
280 2586 404 2627 oppida
439 2586 560 2628 moliri]
600 2588 780 2623 Societatis
809 2596 847 2624 et

148 2636 223 2676 opis
239 2641 365 2668 mutuae
383 2646 495 2668 causa.

194 2687 295 2726 Leges
321 2687 457 2718 incidere
483 2685 585 2726 ligno]
611 2687 736 2720 Primae
754 2691 846 2732 leges

148 2736 300 2767 versibus
333 2737 470 2777 quidem
506 2736 540 2767 in
571 2737 691 2777 ligneis
724 2740 846 2773 tabulis

147 2785 310 2826 scriptae;
331 2790 450 2826 postea
471 2795 540 2818 aere
563 2786 691 2830 incisoe,
711 2794 747 2822 et
762 2791 846 2824 locis

147 2835 293 2877 publicis
309 2835 419 2869 affixae
437 2840 527 2868 sunt.

943 1795 1006 1824 401
1032 1792 1111 1823 Post
1128 1791 1198 1832 hos]
1234 1791 1320 1822 Post
1347 1788 1490 1830 primam
1512 1787 1605 1818 illam

903 1841 1044 1882 poeseos
1070 1845 1207 1872 aetatem
1246 1839 1341 1871 venit
1381 1839 1502 1877 altera,
1538 1845 1607 1877 qua

904 1892 1074 1923 Homerus
1103 1890 1230 1932 aliique
1255 1894 1351 1921 recte
1373 1888 1465 1920 facta
1479 1888 1606 1920 ducum

904 1948 940 1976 et
957 1952 1161 1974 summorum
1177 1942 1326 1973 virorum
1343 1940 1574 1972 celebrarunt.

945 1996 1011 2025 402
1037 1992 1196 2035 lertoeus]
1218 1992 1287 2024 nic
1313 1995 1390 2033 post
1417 1991 1605 2023 Homerum

902 2053 971 2075 non
1008 2044 1055 2075 ita
1085 2044 1199 2084 longe,
1233 2041 1461 2084 septingentis
1495 2049 1606 2081 prope

901 2098 981 2124 aute
997 2093 1168 2126 Clu-istum
1186 2094 1281 2123 annis
1294 2091 1444 2130 vivebat,
1459 2090 1605 2122 Athenis

901 2143 1076 2183 oriundus,
1091 2142 1326 2183 ludimagister
1345 2141 1513 2182 ignobilis,
1538 2141 1605 2172 lus-

900 2202 974 2233 cus,
1003 2192 1158 2233 claudus,
1186 2192 1349 2224 mutilus:
1378 2195 1529 2223 attamen
1559 2200 1604 2222 ex

899 2243 1068 2284 Apollinis
1082 2244 1220 2275 oraculo
1237 2241 1422 2284 praefectus
1440 2242 1521 2273 belli
1533 2242 1602 2273 dux

899 2294 1168 2326 Lacedaemoniis
1206 2294 1369 2324 adversus
1399 2292 1602 2332 Messenios,

899 2343 1075 2375 victoriam
1089 2343 1158 2375 illis
1170 2343 1336 2383 insignem
1351 2342 1488 2382 peperit
1500 2351 1510 2380 ;
1524 2351 1601 2372 cum

898 2394 1044 2425 militum
1059 2394 1188 2425 animos
1207 2392 1481 2434 praecedentibus
1497 2391 1601 2422 cladi-

898 2444 960 2476 bus
981 2443 1111 2476 fractos
1134 2444 1286 2474 carmine
1305 2442 1349 2474 de
1373 2451 1457 2474 vera
1473 2442 1601 2473 virtute

899 2500 935 2524 et
950 2494 1061 2534 gloria
1074 2493 1298 2528 stimulasset,
1322 2495 1427 2532 atque
1441 2489 1485 2520 ad
1501 2490 1601 2520 mori-

900 2543 1024 2574 endum
1037 2552 1098 2583 pro
1113 2541 1225 2583 patria
1236 2540 1372 2572 fortiter
1381 2539 1601 2571 incendisset.

901 2591 1070 2622 Carminis
1098 2590 1195 2622 istius
1217 2590 1377 2630 pretiosae
1398 2589 1526 2628 aliquot
1549 2596 1602 2618 re·

899 2641 1015 2682 liquiae
1054 2639 1096 2671 ad
1126 2649 1188 2670 nos
1219 2648 1324 2680 usqne
1357 2642 1598 2678 pervenerunt.

902 2691 1004 2722 Hunc
1022 2689 1159 2730 poetam
1177 2689 1315 2720 laudant
1332 2688 1433 2719 Plato
1449 2687 1492 2718 de
1507 2687 1598 2729 Rep.

901 2750 925 2772 1.
971 2738 1158 2771 Pausanias
1184 2738 1218 2769 in
1244 2737 1454 2773 Messenicis,
1476 2729 1599 2769 Strabo

898 2791 957 2821 lib.
975 2799 1026 2820 vr.
1055 2788 1241 2820 Athenaeus
1255 2787 1315 2819 lib.
1330 2796 1410 2819 xiv.
1440 2786 1598 2818 Stobaeus

900 2840 1024 2873 multos
1040 2839 1114 2881 ejus
1131 2838 1174 2871 de
1191 2838 1312 2871 bellica
1325 2837 1468 2871 audacia
1482 2847 1599 2870 versus
