1916 3262
420 276 531 320 1472
565 325 572 331 ‚

420 378 505 411 tria:
546 378 607 410 Est
629 380 686 420 qui
700 381 710 398 ¹
723 379 918 418 minoribus,
932 385 970 412 et
989 381 1030 412 ad
1046 390 1101 412 vo-

416 428 581 468 luptatem
599 429 750 461 tantum'
771 430 937 470 explicet:
961 431 1022 461 hoc
1035 435 1101 470 est,

417 481 455 507 ut
480 476 724 517 interpretatur
753 478 849 518 alius,
873 479 883 496 ‘
905 478 1099 511 ebrietatem

416 534 482 556 non
498 526 758 558 inducentibusss
801 527 866 559 Sed
887 527 951 559 illis
967 537 1100 568 respon—

415 572 513 604 deret
522 574 701 605 Horatius:
725 574 736 591 ‘
745 575 931 607 Parcentes
943 585 1006 616 ego
1018 575 1100 606 dex-

416 625 505 652 teras
521 621 611 653 Odi.'
638 622 730 656 Quid
745 623 834 654 enim
850 628 922 655 tota
936 624 1007 655 haee
1021 624 1097 656 Ode

414 670 517 710 aliud,
546 681 645 712 quam
675 676 787 704 vatem
817 673 956 713 potandi
984 682 1097 704 amore

412 718 580 750 furentem
601 721 729 760 spirat?
772 722 885 754 Quare
901 721 992 753 aliud
1007 730 1097 762 qnae·

412 767 551 799 rendum
589 773 651 800 est.
693 770 834 801 Romani
863 770 896 801 id
924 770 980 801 cui
1015 770 1096 800 nihil

413 816 520 856 deest,
554 817 613 848 sed
647 817 848 858 perfectum,
879 819 1096 859 omnibusque

411 865 559 896 numeris
575 866 709 906 plenum
725 872 790 907 est,
803 869 942 899 vocant‘
954 877 1096 898 commo·

412 912 514 944 dum!
557 913 631 945 Ita‘
646 916 808 946 talentum
824 915 1032 947 commodum
1045 915 1055 930 '
1077 925 1097 946 a

411 961 547 992 Plauto.
582 963 701 993 Cicero
717 963 775 995 lib.
789 963 963 995 OEconom.
986 966 996 982 ‘
1012 964 1095 995 'rum

410 1014 523 1041 autem
540 1011 627 1051 quod
643 1012 783 1052 simplex
805 1017 925 1044 natura
946 1022 1010 1044 non
1025 1022 1095 1044 om-

411 1066 471 1088 nes
499 1067 552 1089 res
565 1061 757 1091 commodas
779 1061 936 1100 amplecti
953 1060 1097 1099 volebat,

411 1106 536 1138 idcirco
551 1107 692 1139 alterurn
718 1109 855 1139 alterius
871 1109 1023 1148 indigere
1041 1118 1095 1140 vo-

410 1154 495 1194 luit,'
527 1157 590 1187 ὅτε,
627 1157 694 1187 Res
721 1157 730 1174 ‘
756 1156 967 1188 commodas’
996 1161 1095 1188 vocat

411 1203 593 1244 perfectas,
603 1214 642 1236 ac
651 1205 770 1245 quibus
783 1205 863 1236 nihil
876 1205 984 1237 deest.
1005 1206 1094 1237 Scae-

408 1253 487 1284 vola
501 1253 559 1284 lib.
575 1261 682 1284 xvut.
704 1254 879 1294 Digestor.
898 1254 907 1271 ‘
923 1254 1095 1286 Alimenta

409 1302 594 1342 commoda,
606 1312 680 1342 quae
693 1303 802 1333 vivam
813 1302 1008 1341 praestabat,
1021 1303 1094 1334 dari

401 1350 574 1388 jusserat‚'
588 1352 650 1381 boe
675 1354 740 1386 est,
762 1360 836 1390 quae
859 1351 1010 1381 omnibus
1034 1361 1092 1381 nu-

408 1398 508 1428 meris
536 1398 689 1434 absoluta
716 1404 807 1437 sunt,
833 1399 897 1430 hoc
925 1404 989 1438 est,
1019 1409 1093 1440 quae

408 1444 534 1476 victum
554 1450 590 1477 et
607 1447 777 1486 vestitum,
793 1451 894 1487 atque
918 1448 1020 1478 etiam
1036 1449 1092 1479 ha-

409 1495 608 1527 bitationem
625 1497 809 1527 continent.
845 1497 898 1528 Ita
913 1497 1013 1538 igitur
1022 1499 1092 1529 Ho-

409 1544 514 1575 ratius
541 1549 551 1563 ⁸
572 1544 783 1575 commodos'
811 1550 911 1576 vocat
947 1546 1092 1586 cyathos,

408 1593 535 1632 plenos,
548 1593 732 1634 quibusque
755 1594 796 1624 ad
818 1595 944 1634 justam
961 1604 1093 1626 mensu-

408 1649 479 1671 ram
495 1641 575 1670 nihil
594 1641 691 1672 desit.
734 1641 780 1672 Et
804 1642 886 1672 tales
902 1647 996 1672 certe
1018 1652 1093 1682 pos-

407 1697 485 1719 cere
510 1689 659 1719 debebat
684 1689 724 1729 is,
738 1690 791 1720 cui
814 1699 833 1720 e
848 1689 924 1720 vino
950 1690 1093 1721 insanire

408 1737 628 1768 coustitutum
654 1743 740 1768 erat.
765 1738 911 1776 Rutgers.
957 1738 1092 1768 Comma-

406 1785 456 1815 dvis
483 1785 617 1825 cyathis]
649 1785 790 1825 Cyathis
819 1785 1094 1817 convenientibus

408 1834 529 1873 cuique
542 1834 620 1864 suis.

452 1884 491 1913 13
514 1883 667 1923 Impares]
698 1882 807 1914 Musae
842 1885 920 1914 sunt
955 1891 1093 1914 numero

405 1939 538 1962 novem.

427 1991 437 2003 ν
451 1982 492 2010 14
509 1980 623 2010 Ternas
631 1983 678 2010 ter
687 1980 826 2020 cyathos]
851 1980 974 2011 Novies
986 1980 1091 2011 bibet.

409 2027 572 2059 Attonitus
596 2029 697 2068 petet]
735 2028 972 2069 Ἐμβρόννητος,
1002 2030 1091 2069 quod

407 2079 605 2115 perpetuum
621 2076 816 2106 excellentis
831 2077 941 2116 poetae
963 2077 1091 2117 epithe-

409 2128 480 2154 tum
509 2129 572 2154 est.
615 2124 735 2154 Totum
762 2124 848 2154 enim
876 2124 959 2155 illud
988 2133 1091 2163 genus

408 2173 487 2203 θεῖον
500 2172 550 2203 καὶ
565 2171 810 2204 ἐνθουσιαστικὸν
822 2176 919 2203 vocat
931 2173 1043 2212 Plato,
1055 2176 1092 2203 nt

407 2226 490 2261 puta
516 2222 575 2262 qui
609 2226 729 2252 natura
763 2221 992 2252 melancholici
1019 2220 1092 2252 fere

410 2269 488 2300 sint.
533 2268 581 2300 At
601 2278 680 2300 vero
695 2269 754 2300 bili
768 2278 842 2299 cum
857 2269 968 2299 vinum
985 2267 1091 2299 affun-

409 2317 514 2356 ditur,
546 2321 615 2348 tum
652 2317 778 2357 duplici
811 2318 923 2348 calore
964 2318 1093 2358 agitata

408 2370 534 2405 mente,
556 2366 662 2405 magis
685 2366 787 2396 etiam
815 2366 993 2397 insaniunt.
1017 2367 1092 2397 Tor-

408 2418 489 2445 reat.
535 2415 646 2445 Temos
658 2415 807 2446 attonitus
831 2417 879 2446 ter
892 2415 1016 2455 cyathos
1039 2425 1091 2456 pe-

409 2467 457 2494 tat
471 2463 648 2502 Bamberg.
665 2466 750 2503 potet
766 2463 927 2504 Guelph.]

405 2533 409 2535 μ
451 2515 490 2544 15
519 2511 627 2551 Vates]
649 2512 756 2543 Poeta
767 2513 943 2552 attonitus,
955 2514 1092 2554 etquam

402 2562 473 2601 jam
489 2564 683 2601 stupescens
698 2570 740 2591 ex
754 2561 856 2592 nimio
869 2561 956 2592 vino.

453 2613 491 2640 17
514 2609 744 2649 Nudisjancta]
766 2609 876 2641 Nudae
892 2610 1016 2642 idcirco
1030 2609 1089 2640 fin-

409 2662 530 2695 guntur
545 2658 672 2690 Gratiae
682 2659 759 2699 quia
772 2659 844 2690 sine
854 2657 933 2691 fuco
945 2667 1017 2690 esse
1032 2659 1090 2690 de-

409 2703 502 2734 bent.

453 2755 493 2783 18
514 2752 651 2785 Insanit-e
668 2755 776 2795 juvat]
805 2756 943 2788 Relictis
965 2756 1090 2788 Gratiis

875 288 1012 320 NO'I'AE
1046 289 1300 322 VARIORUM
1335 291 1384 322 m

1146 382 1412 420 modestioribus,
1423 383 1513 414 venit
1525 382 1565 414 ad
1578 383 1692 414 Musas
1704 383 1824 423 politici

1145 429 1266 461 furoris
1293 431 1471 472 praesides:
1503 435 1538 462 et
1568 440 1628 471 per
1661 431 1824 472 quandam

1145 477 1364 519 ἀγανάκτησιν,
1385 489 1458 510 cum
1479 479 1589 518 juvet,
1605 479 1724 520 iuquit,
1738 479 1826 513 insa-

1146 527 1230 563 nire,
1245 528 1417 568 Musisque
1439 528 1542 559 libare
1557 527 1647 567 vina,
1660 537 1735 559 cur.
1748 529 1826 560 Mu·

1144 585 1252 607 aarum
1266 586 1329 608 non
1346 581 1422 608 sunt
1438 577 1547 608 omnia
1562 577 1674 617 plena,
1687 587 1747 611 cur
1759 572 1825 609 nod

1144 623 1302 656 inflantur
1314 625 1405 656 tibiae
1419 625 1588 665 Phrygiae,
1599 635 1660 657 cur
1670 629 1760 657 tacet
1773 626 1828 658 fis-

1145 673 1228 711 tula,
1256 682 1317 703 cur
1341 674 1413 714 lyra
1441 683 1507 704 non
1536 675 1693 705 resonat?
1732 675 1826 715 Cruq.

1143 721 1256 760 Juvat]
1276 721 1379 753 Juvat
1397 732 1450 753 me
1464 722 1622 754 inebriari
1645 727 1680 754 et
1703 723 1827 755 furere.

1145 768 1210 798 Car
1237 769 1468 811 Berecynthia]
1496 770 1565 801 Cur
1593 775 1726 802 cessant
1753 773 1825 803 soni

1145 815 1236 847 tibiae
1251 817 1422 858 Phrygiae,
1436 828 1510 859 quae
1526 820 1630 850 sacris
1656 820 1824 861 Berecyn-

1145 864 1222 896 thiae
1251 867 1366 898 matris
1396 868 1544 898 Deorum
1571 867 1720 899 adhiberi
1736 877 1825 900 *con-

1143 917 1309 945 sueverat.
1329 913 1417 944 Vide
1431 914 1561 945 1v.0d.
1578 918 1629 946 1⁵.

1184 962 1223 991 21
1247 961 1425 992 Par-cemus
1448 971 1504 1001 ego
1523 963 1682 1003 dea-tem]
1701 963 1823 997 Manus

1143 1008 1268 1040 otiosas
1285 1019 1304 1039 a
1325 1009 1417 1041 tibiae
1443 1014 1556 1046 cantu,
1569 1011 1622 1042 vel
1642 1020 1744 1051 parce
1766 1014 1824 1044 mi-

1144 1056 1339 1088 nistrantes.

1183 1107 1226 1136 22
1247 1105 1365 1145 Sparge
1385 1106 1485 1146 rosas]
1507 1107 1538 1138 Ο
1563 1116 1647 1148 puer
1670 1081 1823 1149 impet-ge

1143 1162 1234 1185 rosas
1249 1163 1384 1186 mensae.

1158 1230 1162 1232 .
1183 1205 1225 1233 23
1247 1204 1425 1235 Dementem
1439 1204 1613 1245 strepitum]
1627 1206 1764 1239 Nostrae
1776 1207 1824 1238 lii·

1141 1252 1285 1284 laritatis
1303 1254 1456 1286 indicem.
1479 1255 1594 1296 Lycus]
1616 1257 1726 1297 Lycus
1745 1258 1825 1289 vici—

1142 1310 1214 1333 nus.

1183 1353 1223 1380 24
1250 1351 1293 1380 Et
1317 1351 1434 1391 vicina]
1459 1353 1503 1383 Et
1538 1353 1715 1393 strepitum
1752 1363 1825 1385 nos·

1142 1402 1229 1428 trum
1253 1398 1367 1428 audiat
1384 1399 1493 1430 vicina
1505 1401 1626 1439 puella,
1642 1410 1716 1440 quae
1733 1402 1822 1440 Lyco

1141 1446 1212 1476 seni
1229 1455 1292 1477 non
1308 1451 1360 1477 est
1375 1452 1464 1487 apta.
1509 1448 1553 1478 Et
1567 1448 1667 1479 vicina
1687 1449 1752 1481 seni
1763 1459 1824 1479 non

1139 1494 1236 1525 habili
1258 1493 1355 1534 Lyco]
1379 1495 1469 1525 Acro
1484 1496 1533 1526 sic
1554 1496 1636 1536 legit
1657 1500 1691 1527 et
1717 1498 1822 1537 expli-

1141 1548 1216 1573 cat:
1241 1547 1248 1560 ¹
1266 1543 1359 1573 Uxor
1383 1553 1456 1582 quae
1470 1543 1539 1574 seni
1564 1545 1670 1583 puella
1692 1545 1824 1576 inhabili

1140 1591 1321 1630 conjuncta
1342 1595 1452 1622 esset:
1474 1591 1563 1622 unde
1577 1597 1612 1622 et
1627 1593 1733 1623 zelum
1749 1593 1821 1632 ejus

1140 1639 1300 1678 ostendit,
1322 1639 1398 1670 dum
1421 1640 1584 1671 inhabitem
1609 1641 1714 1672 dicit!
1754 1642 1821 1672 Sed

1140 1696 1200 1717 cur
1213 1688 1324 1726 vicina,
1337 1697 1409 1727 quae
1422 1694 1495 1718 erat
1509 1689 1614 1719 uxor?
1658 1690 1823 1720 Nimirum

1141 1735 1227 1774 quod
1245 1745 1319 1765 cum
1342 1740 1378 1765 et
1404 1736 1515 1774 puella
1535 1741 1572 1767 et
1590 1741 1723 1776 vegeta,
1738 1742 1774 1769 et
1789 1739 1820 1768 in

1139 1782 1214 1822 ipso
1230 1781 1311 1813 flore
1335 1784 1464 1820 aetatizn
1487 1785 1597 1823 Lycus
1622 1790 1733 1816 autem
1749 1795 1825 1816 con-

1139 1831 1248 1862 fectus
1263 1833 1368 1871 senio,
1383 1837 1418 1863 et
1433 1832 1474 1863 ad
1490 1833 1629 1864 Veneris
1650 1843 1733 1873 opus
1750 1843 1823 1874 per-

1141 1880 1306 1920 agendum
1331 1881 1401 1920 jam
1432 1881 1600 1920 inhabilis,
1631 1891 1696 1913 non
1731 1882 1823 1922 quasi

1140 1938 1237 1967 uxor,
1248 1929 1311 1960 hoc
1325 1933 1387 1968 est,
1401 1938 1442 1960 ea
1456 1930 1707 1965 consuetudine,
1725 1940 1821 1971 quam

1141 1978 1288 2017 conjugii
1312 1979 1397 2009 ratio
1423 1979 1578 2018 postulat,
1603 1987 1678 2010 cum
1703 1979 1822 2010 marito

1141 2030 1267 2064 ageret,
1294 2025 1352 2056 sed
1377 2026 1411 2055 in
1441 2026 1533 2063 talia,
1563 2035 1602 2056 ac
1629 2035 1693 2056 non
1723 2025 1820 2056 aliter

1139 2081 1237 2111 quam
1261 2072 1367 2103 vicina
1392 2082 1466 2103 cum
1489 2073 1611 2111 vicino,
1626 2082 1701 2104 cum
1727 2073 1821 2112 Lyco

1139 2120 1286 2159 degeret.
1315 2121 1461 2158 Rutgere.
1503 2120 1735 2160 [Marklandun
1760 2121 1820 2152 du-

1139 2168 1226 2199 bitat
1241 2169 1284 2199 de
1297 2178 1379 2200 voce
1392 2169 1532 2208 vic-inim]

1179 2220 1218 2248 25
1242 2216 1348 2257 spissa
1361 2221 1392 2248 le
1407 2217 1554 2258 nitidum]
1576 2217 1673 2250 Ordo
1694 2222 1761 2250 est:
1785 2219 1817 2250 Ο

1136 2265 1293 2305 Telephe,
1319 2267 1518 2306 tempestiva
1544 2267 1648 2298 Chloe‘
1674 2267 1760 2306 petit
1785 2272 1819 2298 te

1137 2315 1280 2345 nitidum
1294 2316 1400 2356 spissa
1415 2325 1519 2354 coma,
1534 2320 1568 2346 et
1583 2324 1666 2356 puro
1680 2314 1818 2347 similem

1136 2373 1292 2404 vespero.
1336 2365 1460 2396 Merito
1480 2374 1559 2404 ergo
1583 2375 1603 2395 a
1627 2365 1746 2405 puellis
1761 2374 1818 2396 ex-

1138 2413 1327 2453 petebatur,
1343 2418 1379 2444 ut
1392 2414 1446 2445 hic
1461 2417 1498 2445 et
1518 2423 1543 2444 ι.
1561 2413 1628 2446 Od.
1645 2415 1696 2445 1³.
1710 2418 1747 2446 et
1766 2422 1817 2446 tv.

1138 2461 1205 2493 Od.
1224 2464 1274 2492 11.
1292 2461 1399 2500 Coma]
1423 2461 1663 2493 Adulescentes
1677 2461 1816 2493 densum

1137 2510 1264 2541 habent
1286 2511 1454 2550 capillum,
1475 2519 1571 2541 aenea
1595 2519 1674 2542 vero
1698 2511 1814 2543 caloris

1137 2558 1274 2591 defectu
1291 2560 1493 2591 calvescuut

1177 2611 1219 2640 26
1247 2607 1388 2648 Vespero]
1409 2608 1610 2648 Vespertino
1622 2607 1751 2648 tydem

1177 2660 1218 2688 27
1243 2657 1430 2696 Tempestiva
1441 2657 1535 2697 petit]
1558 2656 1660 2688 Chloe'
1681 2655 1813 2695 nubilis,

1135 2709 1172 2737 et
1187 2706 1247 2736 viri
1263 2710 1393 2746 potens.
1439 2705 1546 2745 Chloe]
1561 2705 1599 2737 In
1614 2703 1813 2743 manuscrip-

1136 2756 1179 2787 tis
1194 2755 1332 2795 duobus,
1347 2754 1461 2786 Rhode.
