1916 3262
351 320 461 362 1484

353 421 495 453 Veneris
510 431 552 453 ex
569 431 684 462 spuma
699 420 797 452 maris
811 419 961 462 genitae‚)
976 420 1030 451 ha-

353 470 447 502 bebit
462 471 628 501 barbiton.

394 521 414 549 7
437 519 567 549 Funalia
587 521 617 547 et
638 516 750 555 vectes]
767 517 886 558 Pergit
900 525 1033 548 enume-

352 575 429 598 rare
453 575 564 597 amore
587 565 822 597 insanientium
838 575 938 601 arma,
958 574 1032 596 cum

354 616 431 655 igne
454 618 488 645 et
514 614 600 644 ferro
625 623 798 645 eversuros
824 623 861 645 se
883 615 1034 646 occlusas

349 665 472 703 januas
487 662 666 693 minantur.
703 663 827 694 Vectes
844 661 1035 702 perfodien-

354 711 405 740 dis
432 710 614 749 parietibus
638 709 829 752 foribusque
850 710 1040 748 servivisse,

352 758 434 789 illud
448 759 549 789 etiam
574 759 733 795 ostendit,
756 759 844 800 quod
869 759 1037 800 proverbii

352 808 427 837 loco
442 807 489 837 ait
509 808 605 843 Cato,
624 808 634 825 ‘
651 808 908 838 Vecticulariam
934 807 1035 838 vitam

354 854 489 893 vivere,'
511 864 572 895 pro
592 861 730 895 repente
746 856 886 895 largiter
900 855 1036 893 habere,

355 907 498 942 repente
512 903 615 942 nihil;
638 908 675 934 ut
688 905 720 934 hi
739 905 859 942 solent,
874 905 929 944 qui
946 913 1035 943 gras-

355 951 459 981 sando
475 957 635 992 quaestum
655 952 798 983 faciunt.
838 953 951 983 Graeci
971 963 1037 981 τοι·

354 999 512 1039 χωρύχους
523 1003 703 1042 appellant.
717 1002 954 1035 Jurisconsulti
963 1011 1037 1033 nos-

355 1050 399 1080 tri
422 1050 431 1066 ‘
446 1048 660 1082 effractores.'
704 1050 818 1092 Atque
836 1051 913 1082 alibi
935 1050 1037 1082 etiam

355 1102 472 1129 vectes
487 1099 672 1129 muniendis
688 1100 964 1140 asservandisque
989 1098 1038 1130 fo-

356 1145 448 1176 ribus
465 1146 498 1176 in
522 1156 584 1176 usu
607 1146 722 1185 fuisse,
743 1147 949 1178 demonstrat
971 1147 1040 1178 No-

356 1193 442 1224 nius.
486 1194 540 1225 Sic
569 1194 654 1225 enim
676 1196 727 1225 <de
756 1195 836 1227 Jaui
863 1196 932 1226 sive
962 1195 1042 1226 belli

356 1242 464 1282 portis
479 1242 573 1282 Vir-g.
595 1243 668 1275 AEn.
683 1252 749 1274 vn.
774 1243 938 1274 ‘Centum
962 1242 1043 1274 aerei

355 1291 517 1322 claudunt
533 1295 657 1332 vectes,
671 1296 865 1333 aeternaque
881 1292 961 1324 ferri
978 1293 1043 1323 Ro-

358 1339 465 1370 borae
506 1340 581 1372 Nec
603 1341 733 1380 mirum,
753 1351 829 1372 eum
851 1341 974 1372 ferrum
999 1341 1044 1372 sit

358 1392 417 1419 aut
432 1389 553 1428 lignum
565 1389 754 1429 oblongum,
767 1391 862 1429 cujus
873 1399 949 1421 usus
958 1391 1043 1420 mul-

357 1436 477 1476 tiplex.
519 1437 656 1467 Torrent-
719 1437 868 1477 Funalia]
905 1438 1042 1468 Funalia

359 1485 531 1515 nocturnis
558 1486 838 1516 ambulationibus
865 1486 1043 1516 inservien-

358 1533 420 1564 tia.
468 1533 586 1572 Vectes,
611 1537 642 1564 et
669 1534 774 1574 arcus]
801 1534 1041 1571 Instrumenta,

358 1581 479 1622 quibus
498 1586 663 1612 amatores
685 1592 704 1612 a
725 1582 951 1613 meretricibus
977 1591 1041 1612 non

357 1631 498 1661 admissi
524 1630 614 1660 fores
637 1636 672 1661 et
697 1630 864 1661 fenestras
888 1629 1041 1670 effringe·

361 1683 447 1710 rent.
483 1677 539 1708 Sic
554 1679 676 1708 Thraso
689 1677 824 1708 Thaidis
841 1679 972 1709 domum
987 1689 1044 1708 ex-

359 1730 564 1767 pugnaturus
600 1726 730 1766 inquit:
765 1726 775 1743 ‘
792 1726 945 1764 Procede
980 1726 1044 1757 huc

360 1785 435 1807 cum
451 1781 558 1814 vecte,
575 1775 711 1807 Dorax?

402 1830 422 1857 8
452 1826 611 1867 Oppositis
624 1826 763 1867 foribus]
792 1825 930 1857 Foribus
957 1826 1046 1857 clau-

362 1885 419 1906 sis.

402 1927 423 1954 9
447 1925 489 1963 O,
501 1933 568 1964 quoe
582 1925 699 1955 beatam
714 1923 802 1964 diva]
822 1924 853 1956 O
866 1925 994 1958 Venus,
1011 1927 1046 1954 te

362 1980 496 2010 precor,
512 1976 550 2003 ut
571 1972 698 2003 Chloiin
722 1972 882 2003 hactenus
909 1973 1048 2003 amanti-

361 2019 424 2049 bus
454 2019 644 2059 superbam,
675 2020 768 2059 gravi
798 2019 918 2050 amoris
951 2020 1048 2058 plaga

362 2067 465 2097 semel
478 2067 657 2106 percutias.
697 2067 791 2097 Tenes
806 2067 955 2106 Cyprum]
966 2071 1046 2105 Kpa·

360 2115 423 2144 τεῖς
436 2113 568 2153 Κύπρου.
605 2113 670 2144 Alii
684 2119 858 2150 annotant,
874 2118 971 2154 tenes,
983 2116 1046 2146 hoc

362 2163 438 2195 loco
453 2162 542 2193 idem
557 2163 679 2200 valere,
703 2163 791 2203 quod
809 2163 967 2194 Graecum
987 2163 1044 2201 ἆμ-

361 2209 556 2254 φιβέβηκας..
587 2210 680 2242 Libri
696 2211 822 2251 aliquot
834 2215 966 2242 veteres
989 2212 1045 2242 ha·

362 2260 447 2290 bent
474 2260 567 2298 regis.
597 2259 745 2290 Lambin.
801 2260 952 2300 Cyprum]
988 2261 1045 2291 In·

363 2309 469 2339 sulam
491 2307 696 2347 opulentam,
711 2307 744 2338 in
755 2317 822 2348 qua
835 2308 947 2339 Venus
960 2318 1044 2348 prae·

364 2356 463 2396 cipue
474 2356 660 2387 colebatur.
675 2355 762 2386 Vide
773 2364 796 2387 1.
806 2356 912 2387 Od.3.
929 2357 1046 2396 [Bam-

364 2405 459 2444 berg.
470 2409 505 2435 et
515 2403 740 2435 Schoenborn.
754 2406 785 2434 2.
802 2404 886 2443 regis
899 2405 1045 2444 Cyprum,

364 2452 436 2483 sine
451 2453 507 2491 et.]

408 2503 448 2531 10
470 2500 652 2541 Memphim]
671 2500 811 2532 Veneris
828 2501 981 2541 pluresin
994 2502 1047 2533 ΙΕ-

366 2554 472 2590 gypto
495 2549 594 2580 urbes
615 2549 730 2585 fuisse,
756 2550 899 2591 diligens
925 2552 1048 2582 Lector

365 2597 454 2637 apud
469 2597 668 2629 Strabonem
680 2598 840 2630 inveniet.
876 2600 928 2630 De
940 2600 1047 2631 Mem-

367 2646 424 2684 phi
441 2655 519 2676 vero
536 2650 611 2685 post
626 2644 864 2677 Alexandriam
886 2647 1049 2678 nobilissi-

369 2700 435 2730 ma,
461 2693 540 2724 nihil
563 2693 651 2734 quod
675 2693 716 2724 ad
739 2694 884 2725 Veneris
910 2696 1047 2726 tutelam

369 2743 518 2778 spectet,
547 2742 668 2780 legisse
694 2742 839 2774 memini.
883 2742 1049 2783 Μωμέμφιν

371 2796 451 2819 sane
468 2796 629 2823 memorat
649 2791 781 2832 Strabo,
803 2793 861 2824 ubi
885 2793 1048 2826 Venerem

804 329 942 360 No'rAE
975 329 1232 360 VAmoRUM
1267 331 1318 360 ΙΝ

1083 421 1205 452 cultam
1228 420 1329 451 fuisse
1353 419 1393 450 ab
1419 419 1536 451 incolis
1565 420 1679 460 tradit,
1705 421 1759 456 lib.

1083 478 1175 501 xvn.
1218 470 1307 501 Illud
1335 480 1413 501 vero
1438 474 1590 502 carentem
1617 471 1761 503 Sithonia

1083 518 1165 556 nive,
1194 518 1310 549 lubens
1339 518 1628 558 reprehenderem,
1658 519 1687 549 ni
1718 519 1762 550 ab

1085 566 1150 596 alio
1160 575 1256 606 quam
1270 567 1390 597 Flacco
1402 571 1514 597 nostro
1525 566 1649 598 dictum
1660 566 1761 599 foi-ete

1086 615 1225 646 Tor-rent.
1268 614 1436 654 Memphim
1449 615 1616 654 carentem]
1635 615 1762 646 Urbem

1084 662 1118 692 in
1133 663 1289 702 AEgypto,
1305 671 1379 702 quae
1396 664 1471 693 nive
1486 668 1591 701 caret,
1604 663 1692 703 quod
1710 672 1763 694 re·

1083 710 1138 750 gio
1150 715 1203 741 est
1214 710 1332 741 calida·
1362 711 1512 751 Sytlwnia
1521 710 1604 750 nive]
1619 711 1762 743 Thracia

1084 767 1173 789 nive.
1783 782 1795 789 -

1129 810 1166 838 ll
1189 807 1317 839 Sublimi
1327 809 1470 849 flagello]
1493 810 1641 850 Flagello
1661 810 1695 841 in
1719 811 1765 842 al-

1085 859 1155 886 tum
1182 855 1325 896 sublato,
1349 862 1386 888 ut
1409 857 1496 888 ictus
1523 857 1567 888 sit
1591 857 1766 889 vehemen-

1087 904 1165 935 tior.

1130 955 1170 983 12
1194 953 1298 991 Tange
1313 953 1440 992 Chloen]
1462 953 1492 984 Ο
1508 954 1766 993 Venus,Chloi3n

1089 999 1177 1030 illam
1206 1005 1416 1040 arrogantem
1441 1005 1476 1031 et
1502 1009 1664 1034 amatores
1693 1013 1768 1034 suos

1090 1047 1209 1088 supine
1227 1053 1508 1088 contemnentem,
1533 1049 1665 1081 tandem
1694 1051 1770 1082 sub-

1090 1097 1161 1127 limi
1176 1101 1234 1128 tuo
1249 1096 1380 1137 flagello
1392 1102 1503 1138 tange,
1516 1097 1770 1140 vehementique

1089 1146 1210 1177 amoris
1226 1147 1324 1186 plaga
1344 1153 1494 1187 percute,
1515 1151 1552 1178 nt
1565 1147 1700 1179 tandem
1713 1153 1771 1180 tuo

1090 1195 1225 1225 numine
1251 1195 1388 1235 domita,
1417 1195 1528 1226 mitior
1550 1205 1625 1227 esse
1651 1195 1770 1228 discat.

1090 1244 1203 1275 Lubin.
1238 1244 1459 1285 Arrogantem]
1474 1246 1659 1286 Superbam
1671 1255 1769 1287 prop-

1090 1297 1143 1323 ter
1159 1292 1449 1332 pulchritudinem.

1091 1340 1175 1371 Om:
1183 1349 1300 1372 xxvir-
1315 1342 1564 1382 Προσφωνητική.
1584 1343 1641 1374 An
1652 1343 1773 1375 Gau-

1132 1396 1230 1418 ΤΕΑΜ
1246 1397 1522 1422 navium-unam.
1565 1392 1772 1423 Dehortatar

1135 1444 1208 1466 eam
1223 1437 1389 1477 praecipue
1400 1439 1441 1469 ab
1452 1441 1608 1479 exemplo
1617 1440 1772 1479 Europae.

1135 1485 1396 1524 [Prosphonetice.
1418 1487 1470 1518 Aa
1484 1488 1644 1519 Galateam
1654 1489 1704 1520 sui
1712 1497 1771 1519 non

1134 1542 1198 1563 esse
1212 1542 1371 1564 memorem
1383 1534 1579 1576 Bamberg.]

1137 1583 1152 1611 1
1190 1581 1304 1620 Impius
1338 1583 1456 1623 parrae]
1497 1585 1771 1626 Poetasimpios,

1093 1638 1174 1669 quos
1190 1631 1278 1660 nulla
1295 1632 1400 1670 tangit
1415 1633 1542 1672 religio,
1558 1643 1594 1664 re
1619 1634 1690 1673 ipsa
1715 1643 1773 1665 ex-

1096 1678 1197 1717 periri
1212 1683 1319 1718 optat,
1332 1680 1411 1719 quid
1425 1681 1466 1710 sit
1492 1681 1640 1712 adversis
1665 1683 1775 1722 auspi·

1095 1726 1156 1755 ciis
1191 1726 1326 1766 longum
1363 1727 1497 1767 aliquod
1529 1730 1595 1760 iter
1621 1730 1773 1770 ingredi:

1096 1774 1371 1813 quemadmodum
1381 1774 1451 1806 fere
1463 1777 1586 1815 evenit,
1596 1786 1671 1809 cum
1680 1788 1775 1810 omen

1096 1822 1258 1862 captanti,
1274 1823 1327 1853 vel
1342 1832 1439 1863 parra
1454 1825 1584 1866 recinit,
1598 1826 1653 1857 vel
1669 1835 1776 1867 praeg-
1834 1845 1838 1849 -

1096 1880 1178 1902 nans
1207 1873 1298 1902 canis
1321 1874 1480 1913 occurrit,
1503 1876 1566 1906 ὅτε.
1610 1875 1658 1906 At
1680 1876 1776 1916 cnjus

1094 1919 1168 1959 ipse
1179 1920 1320 1952 salutem
1336 1925 1437 1960 amet,
1449 1922 1542 1962 cujus
1558 1923 1635 1955 vitae
1648 1924 1777 1963 timeat,

1094 1968 1187 1999 illum
1213 1973 1369 2010 tanquam
1391 1971 1548 2010 providus
1571 1981 1698 2012 auspex
1712 1982 1778 2004 non

1095 2022 1174 2049 ante
1190 2018 1401 2050 dimissurum
1416 2029 1452 2051 se
1467 2019 1561 2056 dicit,
1577 2031 1675 2062 quam
1697 2030 1776 2061 cap-

1097 2067 1139 2097 tis
1163 2076 1281 2098 sereno
1305 2068 1388 2099 coelo
1415 2069 1583 2108 auspiciis,
1597 2069 1776 2102 admittant

1096 2122 1186 2143 aves,
1230 2114 1292 2144 His
1310 2114 1359 2145 ita
1372 2115 1480 2150 dictis,
1493 2116 1591 2147 modo
1602 2116 1694 2147 abire
1703 2116 1775 2156 jaru

1095 2161 1227 2192 omuino
1241 2161 1386 2192 Galatea
1407 2164 1600 2202 constituat,
1628 2167 1666 2195 ut
1689 2164 1776 2196 bono

1096 2213 1151 2239 eat
1166 2209 1275 2240 omine
1291 2213 1456 2249 precatur.
1500 2210 1578 2242 Alia
1593 2215 1705 2243 tamen
1725 2221 1777 2243 ra-

1097 2257 1187 2287 tione
1202 2266 1276 2288 eam
1298 2256 1458 2293 deterret,
1481 2258 1525 2289 ob
1551 2259 1777 2292 imminentem

1097 2307 1229 2338 scilicet
1254 2311 1491 2346 tempestatem
1510 2312 1614 2349 atque
1635 2309 1779 2341 Hadria·

1100 2355 1160 2386 tici
1175 2355 1275 2386 maris
1293 2354 1451 2388 furorem.
1478 2358 1620 2389 Torrent.
1663 2359 1777 2400 Inpios

1096 2404 1215 2444 parroe]
1243 2403 1403 2435 Homines
1432 2404 1538 2446 impii,
1565 2410 1601 2438 et
1623 2408 1780 2439 scelerati

1099 2453 1167 2483 iter
1183 2451 1346 2483 facientes
1369 2457 1461 2494 opto,
1483 2457 1520 2485 ut
1541 2455 1688 2488 babeant
1707 2457 1780 2488 hoee

1099 2502 1188 2532 mala
1201 2509 1334 2532 snorum
1357 2501 1565 2542 inceptorum
1588 2504 1709 2544 omina,
1731 2505 1781 2536 ni-

1100 2550 1219 2580 mirum
1235 2559 1374 2590 parram>
1383 2559 1490 2591 avem,
1505 2551 1616 2593 (cujus
1627 2562 1692 2585 vox
1705 2553 1782 2586 tris-

1100 2600 1143 2630 tis
1154 2598 1236 2639 est,)
1247 2607 1358 2630 ravam
1373 2600 1496 2640 lupam,
1507 2600 1621 2633 foetam
1633 2603 1781 2644 vulpem,

1101 2654 1136 2681 et
1162 2654 1352 2690 serpentem
1377 2651 1534 2690 velocem,
1554 2653 1612 2684 sed
1635 2653 1779 2694 tibijani

1100 2698 1304 2738 navigaturae
1318 2698 1398 2729 nihil
1411 2699 1478 2730 tale
1493 2705 1544 2731 est
1557 2701 1780 2739 metuendum,

1102 2756 1164 2786 ego
1179 2746 1266 2778 enim
1286 2747 1468 2786 auspicium
1482 2746 1560 2788 feci,
1573 2751 1636 2781 &e.
1649 2746 1706 2780 sed
1729 2749 1778 2778 ta-

1103 2805 1178 2826 men
1200 2794 1292 2826 vides
1315 2795 1391 2826 anni
1407 2799 1548 2836 tempus,
1563 2797 1627 2828 ἄιε.
1670 2795 1778 2826 Parra.-
