1916 3262
329 284 440 328 1434

329 387 467 420 enborn.
481 389 512 420 2.
528 387 660 426 triremi,
676 386 746 418 sine
758 386 820 426 ει]

369 439 410 468 41
436 437 525 472 Quod
545 437 574 467 si
593 435 759 476 dolentem]
790 435 889 468 Quod
913 436 940 467 si
959 444 1015 466 ne-

329 495 393 527 que
417 485 508 518 aedes
533 490 749 526 sumptuosae,
771 495 879 527 neque
903 491 1015 518 vestes

327 542 519 575 purpureae,
531 543 639 575 neque
650 534 728 565 vina
740 534 893 574 Falerna,
906 543 1016 575 neque

327 588 499 625 unguenta
520 584 765 624 preciosissima
786 588 934 616 mentem
956 584 1016 616 do-

326 632 464 672 lentem,
494 642 533 663 ac
570 632 804 673 perturbatam
839 633 1014 672 mitigent;

326 690 388 712 cur
417 681 561 713 aedificia
581 681 772 722 magnifica,
797 686 857 714 aut
883 681 1018 713 divitias

326 739 448 771 magno
477 730 591 762 dolore
625 730 804 771 acquisitas
840 731 1017 771 concupis·

327 780 424 812 cam?
446 779 606 820 Phrygius
620 779 714 819 lapis]
729 779 914 820 Phrygium
930 788 1017 810 mar-

327 837 400 860 mor
425 827 534 859 rubris
553 837 709 868 asperum
727 828 881 864 maculis,
897 837 938 858 ex
953 828 1016 859 At-

327 876 417 917 tidis,
431 882 470 908 ut
486 876 620 918 quidam
637 875 839 912 fabulantur,
855 877 1016 917 sanguine

326 927 425 962 natis,
435 927 626 966 ingentibus
639 927 739 957 etiam
752 926 926 965 columnis,
938 936 1017 967 qua-

326 975 375 1006 le·
395 976 510 1007 multae
534 976 650 1007 Romae
673 974 938 1014 conspiciuntur,
961 984 1018 1015 ap·

327 1027 398 1055 tum
415 1030 477 1056 eat.
522 1024 598 1057 Quo
612 1029 722 1055 tamen
739 1023 773 1052 in
789 1031 910 1062 genere
924 1024 1018 1055 Sina-

327 1072 453 1112 dicum,
468 1073 510 1104 ab
525 1072 650 1113 oppido
664 1071 790 1103 Sinada
811 1073 862 1104 sic
877 1073 1018 1113 dictum,

327 1122 502 1161 praecipue
537 1121 815 1153 commendatur:
866 1124 1019 1154 meminit

326 1170 400 1210 ejus
416 1170 505 1202 Plin.
522 1179 638 1203 xxxv⁶
652 1173 684 1201 2.
705 1175 740 1201 et
756 1171 884 1211 prolixe
899 1172 1019 1203 Strabo

326 1221 386 1252 lib.
404 1230 470 1252 x11.
525 1222 690 1262 Phrygius
718 1223 811 1263 lapis]
847 1223 1019 1256 Columnae

328 1278 370 1300 ex
381 1270 494 1311 lapide
511 1270 675 1311 Phrygio,
687 1280 764 1312 quae
776 1270 892 1304 domos
906 1281 1020 1314 sump-

328 1323 441 1350 tuosas
456 1318 652 1350 fulciebant.

368 1370 410 1398 43
433 1368 561 1399 Delenit
576 1367 663 1407 usus]
678 1368 829 1408 Mitigat.
874 1371 942 1400 Nec
959 1371 1022 1403 Fa-

327 1417 413 1447 lema
427 1417 518 1457 vitis]
542 1416 583 1447 In
599 1416 745 1456 vulgatis
762 1418 960 1457 impressum
970 1423 1023 1450 est

329 1466 472 1497 Falemae
497 1466 572 1497 vitis
583 1477 594 1497 .-
630 1476 730 1507 quam
760 1467 937 1499 lectionem
961 1470 1019 1509 qui

328 1515 511 1555 recipiunt,
539 1515 795 1555 subintelligunt
827 1516 888 1547 ἀπὸ
920 1518 1022 1548 κοινοῦ

328 1572 409 1595 usus·
432 1563 583 1595 Lambin.

370 1614 413 1644 44
446 1611 545 1652 Vitis]
582 1612 656 1644 Nec
688 1614 800 1644 vinum
830 1614 1021 1646 Falernum.

328 1661 614 1701 Achoemeniumque
637 1662 768 1702 costum]
805 1663 1022 1702 Unguentum

329 1710 516 1748 Persicum,
531 1710 579 1740 sic
601 1709 728 1742 dictum
751 1712 794 1742 ab
817 1711 1022 1744 Achaemene

328 1768 410 1799 rege
440 1759 583 1796 Persiae,
613 1758 702 1791 unde
738 1760 834 1792 venit
869 1761 1022 1794 Costum-

329 1808 420 1840 Vide
435 1817 477 1840 11.
494 1808 563 1840 od.
581 1811 632 1841 12.

370 1861 412 1892 015
446 1859 512 1890 Cur
540 1858 730 1899 invidendis]
770 1858 840 1891 Cur
869 1864 1022 1892 extrnam

331 1907 472 1940 sublime
501 1907 647 1940 atrium:
683 1909 738 1940 vel
765 1909 939 1940 sublimem
965 1908 1022 1940 do-

330 1967 420 1990 mum
435 1957 586 1999 postibus
606 1958 817 1997 marmoreis,
831 1957 957 1990 invidia
972 1957 1022 1989 ni-

330 2007 451 2039 mirum
484 2006 729 2047 laborantibus,
757 2011 897 2047 propter
924 2007 1021 2037 luxus

330 2055 612 2095 magnificentiam
625 2055 637 2085 ?

373 2104 430 2144 [46
452 2104 632 2143 Bamberg.
646 2103 712 2134 ritu
726 2102 862 2143 melion]

372 2155 414 2185 47
440 2153 506 2184 Cur
519 2152 611 2192 valle]
636 2152 706 2183 Cur
721 2152 840 2184 relicto
851 2161 926 2184 meo
942 2161 1025 2192 agro

331 2201 467 2242 Sabino,
483 2202 517 2232 in
527 2211 593 2243 quo
604 2200 706 2232 vitam
723 2210 786 2241 ago
801 2201 1025 2242 tranquillam,

333 2251 466 2284 divitias
479 2256 638 2292 appetam
653 2251 881 2283 molestiarum
897 2251 1025 2292 plenas,

331 2310 518 2342 magnaque
532 2310 638 2341 opera
650 2301 882 2340 comparatas?

334 2351 417 2383 Onu
435 2360 475 2382 u.
498 2348 643 2387 Εὐκτική.
667 2349 725 2382 An
740 2348 895 2382 Amicos.
918 2349 1024 2382 Pueri

376 2412 396 2432 a
411 2400 536 2432 teneris
553 2399 648 2431 annis
665 2400 871 2440 paupertati,
883 2400 1024 2440 militiae,

375 2456 413 2482 et
427 2451 508 2482 vitae
520 2449 694 2482 laboriosae
705 2453 785 2480 sunt
797 2448 1024 2482 assuefacien-

376 2500 424 2531 di.

381 2552 399 2580 1
425 2550 602 2588 Angustam
619 2547 731 2588 amici]
765 2547 860 2579 Libri
882 2552 1027 2588 veteres,

335 2603 502 2641 quotquot
518 2599 598 2637 vidi,
611 2599 706 2629 amice
720 2597 858 2638 babent,
871 2607 936 2629 non
951 2598 1027 2630 ami-

335 2648 384 2679 ci.-
406 2649 439 2680 in
454 2658 520 2679 uno
535 2648 637 2679 etiam
654 2647 875 2687 adscriptum,
888 2647 1025 2687 ‘amice‚

337 2704 411 2728 ease
425 2696 642 2729 adverbium!
688 2697 764 2728 Nec
783 2696 964 2738 displicet:
989 2703 1026 2730 ut

338 2745 527 2786 quicunque
541 2747 575 2778 in
591 2746 724 2787 Repub.
740 2756 879 2787 magnus
894 2747 1025 2780 futurus

339 2794 396 2835 sit,
417 2803 438 2826 a
458 2795 602 2834 pueritia
625 2795 836 2836 paupertatis
856 2796 1028 2830 familiari-

785 294 925 325 No'rAE
960 294 1217 325 VARmRuM
1253 294 1305 324 IN

1069 385 1131 418 tati
1157 390 1340 425 assuescat,
1364 389 1400 416 ut
1426 394 1537 417 amare
1559 394 1633 418 eam
1652 389 1753 421 etiam

1069 435 1234 467 videatur.
1277 435 1368 465 Puer
1394 443 1473 475 ergo
1502 434 1612 476 amice,
1630 436 1663 468 id
1689 442 1755 474 eat.

1068 485 1212 516 libenter
1233 489 1270 516 et
1292 485 1446 525 benigne,
1468 485 1539 526 pati
1561 486 1755 527 pauperiem

1068 534 1189 572 discat,
1213 534 1276 565 hoc
1300 538 1367 573 est,
1393 542 1503 565 amare
1526 532 1755 575 frugalitatem

1068 584 1363 625 sobrietatemque.
1406 584 1450 615 Et
1474 592 1556 615 sane
1581 584 1683 625 prisci
1707 585 1757 616 illi

1070 631 1210 664 Romani
1221 633 1311 664 nulla
1327 642 1363 664 re
1377 632 1482 673 magi·
1496 642 1597 674 quam
1612 642 1756 674 pauper-

1070 682 1150 714 tatis
1161 682 1326 722 patientia
1334 682 1540 714 claruerunt.
1557 681 1647 714 Tm.
1659 682 1758 724 (ἔνιαι.

1070 731 1245 769 Angustam
1258 730 1444 771 pauperiem]
1476 730 1683 772 Pauperiem
1695 731 1756 762 du·

1071 788 1141 810 ram
1155 783 1191 809 et
1206 777 1386 811 difficilem.

1112 831 1132 859 2
1157 828 1324 869 Robustus]
1349 827 1376 859 A
1392 828 1652 861 Jurisconsultis
1678 829 1688 848 ‘
1705 838 1757 860 ro-

1072 879 1171 909 busta
1185 882 1268 909 aetaa
1280 877 1288 892 '
1307 878 1508 918 appellatur,
1530 888 1607 919 quae
1625 881 1679 910 25.
1697 888 1756 910 an-

1071 936 1188 959 norum
1203 931 1268 958 est.
1310 926 1378 958 Sed
1389 926 1551 958 Horatius
1562 927 1574 945 ‘
1585 927 1756 959 robuntum

1072 986 1211 1017 puerum
1221 976 1231 991 '
1247 984 1348 1016 quum
1363 974 1459 1015 dicit,
1477 980 1632 1016 respectu
1647 976 1759 1016 pueri·

1073 1027 1114 1058 lis
1131 1025 1242 1058 aetatis
1258 1025 1307 1056 sic
1328 1033 1404 1055 eum
1425 1027 1535 1063 vocat,
1549 1024 1605 1065 qui
1628 1025 1760 1056 adoles-

1072 1075 1192 1107 centiae
1215 1074 1385 1115 proximus
1407 1073 1463 1109 sit.
1477 1075 1514 1104 et
1526 1071 1654 1104 militiae
1671 1073 1762 1104 rudi-

1071 1126 1193 1157 mentis
1227 1128 1339 1164 aptus.
1378 1122 1466 1153 Tm.
1522 1121 1602 1154 Acm'
1628 1122 1758 1164 militia]

1072 1173 1203 1214 Rigida,
1219 1171 1312 1203 dura.
1355 1171 1440 1203 Cum
1457 1171 1526 1203 acri
1542 1180 1624 1212 ergo
1643 1171 1763 1203 militia

1073 1223 1183 1255 discat
1209 1231 1292 1264 puer
1322 1221 1428 1252 amice
1454 1221 1526 1261 pati
1554 1221 1762 1262 pauperiem.

1076 1274 1171 1312 Cruq.
1228 1271 1386 1302 Robustus
1413 1268 1494 1309 acri]
1530 1269 1762 1302 Puer‘factus

1073 1322 1230 1353 robustus
1245 1330 1307 1361 per
1324 1328 1434 1350 acrem
1450 1319 1614 1351 militiam.

1115 1373 1134 1401 3
1150 1370 1285 1401 Parthos
1292 1367 1428 1408 feroces]
1443 1368 1601 1408 Parthos,
1615 1378 1676 1410 pro
1689 1370 1761 1411 qui-

1074 1418 1221 1453 buslibet
1233 1417 1394 1448 hostibus.

1114 1472 1133 1499 5
1161 1467 1319 1506 Vitamque
1332 1465 1388 1496 sab
1403 1464 1473 1510 dio]
1493 1464 1570 1497 Non
1583 1466 1664 1498 satis
1679 1476 1761 1507 ergo

1073 1523 1126 1549 est
1149 1516 1261 1548 futuro
1282 1515 1390 1554 militi,
1404 1515 1511 1546 amice
1526 1514 1616 1547 ferre
1637 1526 1762 1557 paupe·

1074 1567 1169 1604 riem,
1190 1564 1248 1596 sed
1274 1567 1410 1603 oportet
1436 1573 1510 1595 eum
1533 1574 1666 1605 quoque
1689 1574 1763 1597 esse

1074 1614 1253 1654 φιλόπονον,
1268 1612 1303 1643 id
1319 1617 1384 1652 est,
1397 1612 1541 1644 libenter
1558 1614 1701 1645 tolerare
1717 1614 1763 1644 la-

1076 1665 1175 1695 bores
1196 1663 1367 1700 militares,
1387 1661 1517 1702 aliaque
1539 1663 1688 1703 corporis
1713 1663 1763 1694 in-

1074 1710 1260 1743 commoda.
1316 1710 1387 1740 Pro
1422 1709 1478 1740 sub
1506 1710 1570 1749 dio,
1600 1711 1762 1751 pleraque

1074 1761 1204 1800 scripta
1216 1757 1355 1797 habent,
1368 1757 1424 1788 aab
1436 1758 1518 1789 dico.
1538 1759 1643 1800 Cruq.
1696 1760 1763 1792 Sub

1074 1808 1139 1848 dio]
1167 1807 1240 1840 Sub
1254 1807 1323 1838 sole
1338 1811 1436 1838 extra
1459 1812 1586 1839 tectum
1605 1809 1706 1848 vivat,
1730 1814 1765 1842 et

1075 1859 1110 1890 in
1123 1859 1222 1891 rebus
1238 1856 1475 1889 formidolosis.
1523 1858 1664 1899 ff'repidi·
1674 1859 1708 1891 ἐκ
1720 1868 1767 1891 re-

1074 1910 1145 1950 bus]
1167 1908 1294 1942 Quales
1316 1908 1350 1939 in
1374 1907 1520 1943 tumultu
1543 1906 1666 1945 bellico
1691 1917 1764 1940 esse

1074 1958 1196 1992 solent,
1211 1956 1356 1988 maxime
1371 1955 1483 1988 vicino
1497 1955 1570 1996 jam
1584 1956 1694 1996 hoste.

1114 2011 1136 2039 6
1159 2007 1251 2038 Illum
1264 2016 1305 2038 esc
1325 2004 1487 2045 manibus]
1521 2005 1621 2042 Illum
1641 2015 1764 2046 nempe

1075 2056 1217 2089 militem
1240 2056 1336 2086 Rom.
1357 2053 1563 2094 prospiciens
1584 2063 1627 2085 ex
1647 2054 1765 2086 moeni-

1079 2106 1139 2137 bus
1167 2103 1356 2141 hostilibus,
1383 2111 1468 2134 uxor
1505 2103 1593 2144 regis
1622 2103 1763 2144 alicujus

1076 2152 1223 2191 barbari,
1238 2161 1313 2183 cum
1327 2160 1392 2192 quo
1405 2150 1529 2182 bellum
1544 2155 1642 2190 gerat
1657 2161 1764 2192 popu-

1077 2203 1128 2234 lus
1152 2202 1249 2234 Rom.
1272 2200 1419 2240 suspiret
1442 2200 1505 2231 hoc
1529 2200 1640 2241 modo,
1663 2206 1763 2242 atque

1075 2251 1149 2284 haec
1163 2249 1372 2292 queribunda
1387 2258 1469 2281 voce
1482 2249 1650 2290 loquatur.
1671 2249 1764 2283 Mm-

1075 2301 1139 2332 ὁίη.
1183 2298 1428 2340 [Schoenborn.
1442 2301 1476 2330 2.
1489 2298 1653 2340 hostilium]

1118 2354 1137 2382 7
1161 2351 1309 2381 Matrona
1322 2347 1480 2387 bellantis]
1515 2348 1612 2380 Uxor
1630 2350 1764 2390 tyranni

1076 2399 1216 2440 alicujus
1233 2397 1378 2428 barbari.

1120 2452 1141 2480 8
1162 2449 1282 2480 Adulta
1303 2447 1408 2488 virgo]
1446 2447 1552 2488 Virgo
1575 2447 1707 2488 nobilis,
1729 2453 1766 2480 et

1077 2503 1208 2531 matura
1219 2498 1301 2530 viro.

1090 2590 1093 2591 ⁷
1122 2553 1143 2581 9
1164 2548 1306 2589 suspiret
1319 2557 1330 2578 .·
1351 2546 1442 2579 Eheu
1455 2546 1508 2586 ne]
1539 2547 1632 2579 Voce
1647 2556 1767 2588 quere-

1080 2598 1195 2630 bunda
1217 2598 1291 2629 baee
1318 2596 1422 2631 verba
1444 2596 1623 2637 loquatur:
1656 2597 1765 2637 Eheu,

1080 2657 1122 2679 ne
1145 2647 1258 2687 regius
1273 2654 1414 2686 sponsus
1429 2644 1522 2676 rudis
1537 2645 1703 2686 agminum
1718 2645 1763 2676 la-

1078 2700 1188 2730 cessat
1203 2696 1335 2727 leonem
1354 2702 1510 2734 asperum
1527 2698 1651 2731 tractu,
1666 2701 1763 2734 quem

1077 2745 1170 2786 rapit
1184 2747 1325 2777 cruenta
1345 2743 1392 2777 ira
1413 2751 1475 2783 per
1496 2742 1623 2777 medias
1643 2741 1763 2772 cedes.

1079 2794 1182 2835 Eheu]
1204 2792 1414 2827 Exclamatio
1427 2791 1598 2834 pathetica
1614 2790 1763 2831 virginis.
