1930 3204
606 271 820 303 HORATn
854 271 998 325 IssPOD.
1033 270 1159 303 xvtt.

160 363 210 396 los
225 365 461 398 reddiderunt.
514 365 665 408 [Adam
677 364 741 396 uoti
756 366 858 397 Bam-

163 418 258 459 berg.
271 419 399 450 reddere
410 419 637 451 Schoenborn'.
652 417 702 458 8.]

203 470 244 499 45
269 469 312 500 Et
327 471 373 505 tu,
388 471 476 510 potes
485 469 570 508 nom]
591 469 637 499 Et
652 471 702 502 tu,
720 476 740 498 o
756 467 856 498 Cani-

160 516 230 554 dia.
244 527 359 549 eorum
375 517 531 558 exemplo
545 517 637 548 solve
652 524 705 547 me
721 515 858 548 demen-

162 567 221 607 tia,
235 577 335 609 quam
352 568 476 607 patior.

202 620 246 649 46
271 618 301 648 0
314 627 370 649 nec
382 615 535 658 paternis]
572 614 658 648 Haec
674 614 858 656 palinodia,

158 676 220 698 sou
242 667 358 707 potius
377 665 584 698 contumelia
603 669 658 696 est
674 663 856 696 urbanissi-

159 725 226 748 ιιι..
267 710 415 746 Simulat
437 714 527 746 enim
549 722 675 754 negare
698 713 788 754 quod
812 712 855 744 de

158 764 304 797 Canidia
327 763 493 796 affirmat.¹
530 763 675 794 obsoleta
697 761 854 802 sordibus]

159 813 237 845 Nee
252 818 430 854 parentum
446 812 656 844 obscuritate
675 812 856 851 vilescens,

157 872 222 895 nec
233 862 398 895 adulteris
413 863 611 903 parentibus
627 867 721 894 nata.

198 914 241 944 47
264 911 444 954 Sepulchris
459 912 643 952 pauperum]
680 912 858 951 Pauper-um

157 959 255 999 dicit,
273 963 354 1004 quia
369 961 512 994 divitum
529 963 701 1002 sepulcra,
718 965 755 992 ut
771 961 856 991 anti-

157 1009 242 1052 quus
278 1015 528 1043 commentator
562 1010 751 1050 annotavit,
786 1011 855 1042 suis

155 1057 356 1091 'custodibus
389 1063 489 1091 erant
525 1069 630 1091 curae.
668 1059 856 1101 eodemque

156 1111 296 1148 spectat
319 1108 403 1140 illud
425 1109 524 1149 Virg.
540 1108 675 1140 AEneid.
692 1118 747 1141 xx.
776 1109 857 1140 ‘Se-

155 1156 348 1199 miustaque
362 1163 501 1190 servant
515 1159 625 1190 Busta
639 1158 728 1191 viri!
773 1159 857 1190 Pru-

156 1208 232 1239 dens
245 1208 340 1248 αιιιω]
371 1208 442 1240 Pro
456 1210 555 1241 sciens
570 1210 752 1251 accipitur.
796 1209 858 1242 At-

158 1266 225 1296 que
241 1257 327 1289 adeo
342 1258 416 1290 haec
430 1259 633 1300 plerumque
649 1261 858 1301 conjungun-

157 1313 227 1343 tur.
242 1313 291 1344 ut,
319 1309 331 1326 ‘
343 1308 493 1349 prudens
513 1309 690 1350 sciensque
705 1310 848 1341 intereo·
850 1302 859 1315 '

155 1357 300 1390 Torreat.
345 1358 491 1390 Prudens
520 1358 614 1398 anus]
655 1358 730 1390 Nec
755 1359 858 1390 docta

153 1407 306 1448 sepultos
335 1405 522 1448 pauperum
557 1409 690 1440 cineres
725 1408 856 1450 disper-

155 1465 238 1497 gere
249 1455 506 1489 aut'abducere.

194 1508 238 1537 48
269 1506 495 1538 Nouendialeis
518 1507 671 1548 dissipare
699 1505 854 1547 pulveres]

152 1555 248 1587 cust
275 1555 364 1587 hunc
394 1557 505 1588 locum
532 1556 673 1587 Servius
703 1556 748 1587 ad
777 1565 853 1587 eum

151 1614 286 1637 versum
310 1605 386 1637 AEu.
411 1614 448 1637 v·
469 1606 480 1623 ‘
497 1605 679 1638 Praeterea
707 1606 736 1637 si
766 1615 855 1637 nona

151 1653 269 1695 diem‚’
291 1656 358 1686 &m
403 1655 519 1686 Verba
539 1656 630 1696 ejus,
651 1660 691 1687 ut
712 1655 855 1696 subjici-

150 1712 205 1736 am
220 1714 229 1736 :
253 1707 263 1723 ‘
277 1703 379 1743 Apud
391 1705 551 1744 majores,
562 1705 766 1745 ubicumque
779 1704 854 1744 quis

148 1751 272 1783 finisset
285 1753 472 1792 extinctus,
485 1753 529 1783 ad
544 1753 678 1784 domum
696 1762 790 1784 suam
804 1762 856 1783 re·

150 1800 338 1836 ferebatur,
366 1800 458 1832 unde
488 1805 564 1832 est:
592 1800 737 1832 Sedibus
765 1800 855 1832 hunc

152 1849 248 1882 refer
261 1853 341 1881 ante
357 1850 439 1881 suis.
464 1850 510 1880 Et
524 1849 594 1881 illic
610 1854 744 1890 septem
759 1853 856 1880 erant

152 1899 284 1939 diebus,
314 1904 440 1930 octavo
474 1898 532 1930 die
568 1898 855 1938 incendebantur,

152 1958 244 1983 nono
257 1949 536 1990 sepeliebantur:
559 1949 652 1981 unde
671 1956 708 1981 et
729 1949 855 1981 Horat.

153 1999 364 2031 Novem-‘ales
399 1998 552 2039 dissipare
582 1995 735 2040 pulveres
798 1999 855 2032 Sic

149 2047 222 2088 ine,
249 2044 271 2080 a
295 2058 372 2089 quo
387 2047 547 2080 dissentit
568 2047 715 2087 Acron3
741 2047 855 2080 triduo

151 2092 242 2130 euim·
255 2103 390 2131 tantum
406 2099 537 2130 servari
559 2099 601 2131 in·-
619 2099 751 2130 aedibus
767 2105 855 2130 mor·-

147 2152 247 2180 tuum
270 2149 381 2180 solere
403 2149 462 2184 ait,
485 2153 563 2189 post
586 2147 761 2179 triduum
753 2157 786 2179 ιιι
801 2157 855 2180 ro-

149 2207 234 2239 gum
263 2198 370 2239 poni,
361 2207 370 2216 ·
398 2197 497 2229 unde
519 2197 604 2229 illud
624 2198 659 2228 in
688 2197 854 2229 Pallantis

130 2247 292 2289 ²funera:
315 2247 451 2279 ‘Tertia
466 2247 524 2278 lux
539 2247 687 2288 gelidam
700 2248 787 2279 coelo
803 2247 853 2278 di-

147 2296 497 2333 ιιιονεηιιιιιιῦτιιιιι3
511 2296 627 2337 Atque
639 2297 764 2328 iterum
776 2301 854 2337 post

150 2335 303 2378 triduum
332 2346 486 2377 cinerem
522 2346 557 2375 in
595 2354 712 2376 urnam
739 2346 853 2376 condi.

150 2397 240 2429 Quae
264 2394 412 2426 Acronis
434 2394 610 2425 sententia
630 2403 707 2424 meo
722 2393 854 2433 jndicio

151 2444 264 2476 verior
277 2447 342 2474 est.
387 2442 489 2475 Quod
505 2446 620 2473 autem
636 2442 680 2473 de
695 2442 784 2474 ludis
804 2443 854 2475 ait

149 2493 304 2535 Servius,
328 2500 447 2523 verum
471 2491 607 2533 quidem
637 2496 690 2524 est
714 2493 852 2525 AEueam

151 2551 241 2574 nono
253 2538 329 2575 illos
344 2540 401 2572 die
413 2541 626 2580 celebrasse3
641 2541 701 2573 sed
715 2544 853 2583 proprie

152 2589 396 2623 ‘novendiale’
421 2594 486 2625 est,
502 2590 594 2631 quod
608 2600 729 2622 noveru
745 2593 852 2623 couti-

150 2641 227 2673 nuis
248 2639 374 2671 diebus·
386 2639 497 2670 durat.
542 2639 644 2670 Unde
668 2641 678 2658 ‘
692 2641 852 2672 novendi-

153 2691 224 2722 ales
246 2687 368 2725 feriae‚'
392 2693 429 2719 et
456 2688 681 2720 ‘novendiale
695 2690 853 2732 sacrum‚’

153 2749 220 2781 quo
231 2737 374 2770 Romani
386 2736 514 2768 Urbem
527 2738 725 2779 expiabant.
737 2740 852 2773 Quare

151 2791 162 2808 ⁶
175 2785 412 2822 novendiales'
434 2786 488 2818 bic
514 2786 525 2804 ⁴
537 2787 695 2828 pulveres
705 2787 713 2800 ¹
727 2789 851 2830 accipi·

1494 264 1606 308 1579

907 375 1001 397 emus
1017 369 1176 398 recentes
1191 363 1300 395 adhuc
1316 366 1352 395 et
1366 363 1509 395 necdum
1526 376 1608 398 con.

907 415 1011 454 ditos,
1035 424 1080 446 ex
1103 414 1224 455 quibus
1247 413 1408 453 legebant
1423 414 1605 455 veneficae3

907 468 946 495 ut
962 473 988 494 1.
1001 463 1073 495 Sat.
1092 466 1124 494 8.
1141 462 1341 494 videbimus.
1363 462 1441 493 Vid.
1456 463 1607 495 Turneb.

908 520 1016 544 xxiv.
1027 514 1081 543 27.
1101 511 1244 543 Torrenc.
1290 511 1500 544 Nouendiales
1514 512 1608 544 dissi-

902 572 981 602 pare
990 562 1149 602 pulveres]
1175 562 1276 593 Nono
1293 565 1371 601 post
1388 570 1503 592 eorum
1519 570 1608 592 mor-

907 617 977 643 tem
993 612 1048 643 die
1072 622 1139 654 quo
1154 611 1395 643 humabantur.
1439 611 1606 653 [Guelph.

907 667 1001 694 caret
1018 663 1082 694 hoc
1096 672 1211 693 versu.
1215 663 1229 703 ]

948 715 992 744 49
1017 713 1088 744 Tibi
1103 713 1255 753 hospitale
1267 711 1390 753 pectus]
1423 711 1499 743 Tibi
1522 712 1606 744 mite

906 765 1026 803 pectus
1038 766 1093 793 est
1105 767 1141 793 et
1152 762 1347 794 humanum.
1372 763 1469 793 Puroe
1482 762 1608 802 manua]

907 812 1008 844 Purae
1024 816 1104 843 sunt
1119 812 1182 843 tibi
1195 821 1312 843 manus
1325 822 1345 843 a
1357 813 1503 852 scelere,
1515 812 1608 854 quod

905 860 1027 893 falsum
1044 865 1109 900 est,
1124 866 1163 893 ut
1179 861 1312 902 reliqua
1323 861 1448 894 omnia.

949 914 991 943 50
1014 911 1156 952 Tumque
1175 911 1297 951 venter]
1326 911 1472 943 Ventrem
1501 911 1610 944 Juris-

907 961 1054 993 consulti
1074 971 1166 1002 sa=pe
1183 961 1359 1002 appellant
1379 965 1415 992 et
1429 960 1607 992 mulierem

906 1011 1012 1052 ipsam
1040 1011 1228 1052 gravidam,
1255 1014 1292 1042 et
1322 1019 1465 1051 puerum
1489 1009 1546 1051 qui
1572 1010 1608 1041 in

907 1064 1006 1091 utero
1033 1065 1109 1099 est;
1139 1059 1304 1091 Horatius
1332 1069 1393 1100 pro
1419 1059 1489 1090 filio
1512 1067 1608 1090 usur-

907 1119 1007 1150 passe
1039 1109 1186 1141 videtur.
1229 1109 1321 1142 Quin
1348 1109 1502 1140 ‘viscera
1527 1108 1609 1140 sua'

907 1163 1033 1190 matres
1061 1158 1189 1190 ‘filios'
1219 1163 1352 1190 vocant.
1396 1158 1540 1190 Ovidius
1563 1159 1608 1190 E·

909 1207 991 1247 pist.
1019 1215 1074 1239 xl.
1099 1212 1108 1226 ‘
1124 1207 1303 1248 Diripiunt
1334 1207 1443 1239 avidae
1475 1207 1610 1239 viscera

908 1262 1028 1289 nostra
1050 1256 1179 1289 canes?
1221 1256 1441 1304 Partumeius]
1464 1257 1506 1288 In
1525 1266 1608 1288 non-

908 1308 1009 1338 nullis
1036 1307 1209 1339 codicibus
1242 1307 1444 1338 Pactumeius
1469 1306 1606 1347 legitur,

907 1358 942 1388 in
959 1366 1025 1387 uno
1041 1357 1230 1388 Pasluleius.
1246 1357 1381 1387 mallem
1399 1361 1514 1387 tamen
1525 1357 1607 1387 Par-

906 1406 1051 1445 tun-eius,
1065 1409 1104 1437 ut
1118 1406 1261 1437 ridicule
1276 1415 1296 1436 a
1313 1408 1412 1446 partu
1428 1408 1465 1436 et
1479 1404 1607 1436 meien-

905 1455 950 1487 do
966 1452 1148 1487 confictum
1164 1455 1332 1496 suppositi
1348 1459 1464 1495 partus
1484 1463 1608 1486 nomen

905 1504 962 1545 sit,
993 1514 1068 1546 quae
1092 1504 1243 1535 Tui-nebi
1271 1513 1405 1545 quoque
1436 1504 1608 1535 sententia

904 1558 959 1586 est
989 1562 1080 1585 xxx·
1111 1556 1163 1584 11.
1197 1554 1338 1586 Tor-rent.
1392 1554 1608 1593 Partumes‘us]

903 1603 1037 1635 Venter
1067 1602 1257 1635 foecundus.
1310 1603 1380 1634 Pro
1407 1603 1607 1634 Par-cumeis:

903 1652 1087 1684 Salmasius
1127 1652 1309 1693 legendum
1346 1655 1464 1683 censet
1487 1652 1608 1683 Pactu·

904 1703 1014 1733 meins.

947 1753 988 1782 51
1014 1751 1133 1782 Cruore
1155 1750 1263 1782 rubros
1283 1750 1452 1790 obstetrix]
1486 1750 1528 1781 In
1544 1760 1606 1791 pu-

905 1799 1052 1840 erperio.

947 1852 991 1880 52
1018 1848 1300 1890 Utcunquefortis]
1326 1847 1607 1889 Quotiescunque

905 1903 943 1931 tu
959 1898 1070 1936 exilis,
1086 1905 1121 1930 et
1138 1908 1156 1930 e
1173 1899 1265 1930 lecto
1287 1897 1397 1938 surgis
1418 1896 1519 1929 fortis
1543 1907 1605 1938 pu-

904 1956 1040 1988 erpera,
1056 1947 1090 1978 id
1103 1951 1168 1987 est,
1179 1956 1363 1988 nunquam.
1407 1945 1607 1988 [Bamberg.

904 1997 1022 2038 exilia]

896 2059 908 2067 ν’
947 2053 1007 2081 53
995 2048 1329 2093 Obseratisauribus]
1352 2048 1502 2109 Auribus
1514 2049 1606 2081 clau-

906 2099 951 2130 sis
964 2104 1000 2130 et
1012 2096 1134 2131 surdis.

892 2155 904 2162 “
947 2152 991 2179 54
1016 2149 1087 2179 Non
1101 2157 1180 2179 saxa
1194 2147 1300 2188 nudis]
1329 2147 1409 2179 Non
1424 2157 1507 2180 saxa
1521 2157 1604 2180 nau-

903 2196 1008 2237 fragis
1019 2198 1132 2229 nautis
1146 2201 1226 2228 sunt
1239 2196 1408 2237 surdiora,
1422 2207 1523 2239 quam
1540 2207 1604 2239 ego

904 2257 977 2278 sum
990 2247 1068 2279 tibi.
1099 2247 1207 2278 Nudis
1218 2247 1363 2279 surdiora
1377 2247 1508 2288 navitis]
1534 2248 1605 2280 Nu-

902 2297 959 2328 dos
984 2296 1116 2335 dicens,
1143 2295 1327 2337 naufragos
1351 2295 1511 2336 intelligit
1524 2306 1534 2335 ;
1561 2297 1604 2328 ad

904 2355 1047 2385 quorum
1060 2346 1226 2376 clamores
1241 2350 1278 2377 et
1289 2346 1435 2386 ejulatus
1451 2355 1519 2377 non
1534 2355 1605 2377 ma·

903 2394 955 2433 gis
968 2393 1070 2424 surda
1085 2397 1164 2424 sunt
1187 2403 1282 2432 saxa,
1301 2403 1400 2434 quam
1423 2395 1466 2425 ad
1482 2395 1602 2427 Poetae

904 2451 1025 2483 preces
1042 2442 1198 2473 Canidia.
1226 2443 1370 2474 Tor-rent.
1413 2443 1504 2483 [Non
1524 2453 1603 2474 ma

902 2492 996 2523 undis
1012 2490 1112 2522 codd.
1128 2500 1192 2532 ap„v
1204 2491 1345 2531 Jaeck.]

944 2543 986 2571 55
1010 2539 1176 2579 Neptunus
1189 2539 1358 2580 hybernus]
1374 2539 1416 2570 Id
1429 2543 1492 2575 est,
1507 2532 1603 2573 mare

902 2587 1164 2629 tempestatibus
1173 2588 1327 2619 hibernis
1336 2594 1539 2621 commotum
1551 2594 1604 2622 at·

901 2648 966 2679 que
981 2637 1088 2668 ventis
1103 2637 1323 2668 concitatum.
1343 2637 1485 2670 Lambin.
1518 2641 1600 2672 Tun·-

900 2688 949 2719 dit
963 2687 1132 2729 hybernus]
1159 2686 1341 2718 Verberat.
1386 2688 1476 2729 Salo]
1499 2689 1600 2722 Fluc-

902 2743 958 2771 tu:
997 2735 1097 2767 maris
1129 2735 1329 2776 agitatione.
1385 2737 1512 2779 [Codd.
1541 2748 1598 2780 ap.

900 2787 922 2820 J
927 2786 1022 2821 neck,
1037 2786 1151 2823 condit,
1164 2786 1218 2818 vel
1234 2785 1364 2828 tendit-J
