1930 3204
671 271 879 303 HORATn
918 273 1060 304 11:901).
1094 271 1165 304 XI.

188 364 319 404 didimi,
335 364 367 396 id
386 370 450 403 est,
475 364 624 395 carmina
647 373 721 402 sita,
744 363 786 394 ad
810 363 886 394 Ina-

189 414 313 454 chiam,
325 415 483 446 candoris
497 420 532 445 et
548 413 674 444 favoris
689 413 802 453 plena,
812 412 885 453 qui-

190 464 252 495 bns
268 464 362 504 apud·
377 464 467 495 illam
483 472 559 494 cum
575 462 735 494 rivalibus
747 461 820 493 >suis
835 461 886 493 di-

189 513 316 545 vitibus
341 513 383 544 de
414 522 528 544 amore
556 511 786 544 contendebat
814 512 886 553 qni—

190 563 280 600 dem,
296 563 356 594 sed
373 563 432 595 illa
447 562 606 598 carmina,
621 571 696 593 cum
709 561 817 592 verba
832 570 885 593 so-

190 613 259 645 lum
275 613 409 652 darent,
431 612 474 643 ab
500 621 600 644 avara
624 609 765 643 Inachia
782 612 885 643 miuo-

189 662 235 693 ris
250 662 369 694 habita
392 667 483 702 sunt,
506 671 604 703 quam
627 661 826 702 largitiones
842 662 886 694 ri-

190 712 327 743 valium.
381 713 480 753 Cruq.
540 712 716 752 Contraque
751 712 886 753 lucrum]

186 763 319 794 Contra
344 763 498 794 rivalium
516 771 661 794 munera
684 763 887 803 etlargitio-

186 819 260 842 nes.
302 812 510 852 [Concor-quet
522 813 642 843 lacrum
652 812 886 844 Schoenborn.

186 865 219 894 2.
235 871 256 892 a
270 872 314 894 m.
326 871 394 894 sec.
421 863 540 895 Contra
554 873 602 895 me
617 863 784 905 Guelpli.]

228 914 268 942 17
299 911 482 952 Ingenium]
514 914 697 946 Querebar
725 914 888 946 candidos

187 959 313 1001 mores,
338 962 464 1002 ingenii
489 973 643 1003 acumen,
669 964 887 1006 sapientiam,

185 1015 222 1042 et
236 1010 442 1051 hujusmodi,
457 1012 539 1044 nihil
557 1013 669 1044 valere
692 1013 782 1054 apud
807 1023 885 1046 ava-

188 1067 260 1090 ram
274 1060 433 1100 puellam.

231 1110 272 1140 19
291 1109 393 1141 Simul
420 1110 564 1152 calentis]
588 1111 707 1151 Simul,
733 1117 772 1144 ut
794 1113 883 1145 Bac·

188 1157 273 1190 clius
298 1160 489 1199 protulerat
519 1170 642 1192 arcana
667 1170 740 1193 mea
765 1172 786 1193 e
812 1163 887 1194 loco

188 1217 261 1247 suo,
275 1208 310 1239 id
325 1213 390 1248 est,
405 1215 546 1250 pectore
562 1220 649 1251 meo,
664 1212 721 1253 qui
735 1212 887 1244 calebam

189 1257 244 1298 (id
259 1261 325 1297 est,
339 1259 452 1290 ebrius
469 1259 580 1301 eram)
599 1262 677 1292 vino
692 1261 888 1295 fervidiore.

188 1307 438 1349 Iri-verecundus]
450 1309 676 1341 Verecuudus
687 1321 747 1351 per
756 1321 792 1343 se
807 1313 890 1344 Bac·

190 1357 273 1388 clius
311 1363 374 1389 est.
429 1363 439 1376 ‘
456 1359 749 1391 Inverecundum’
786 1362 890 1401 igitur

189 1405 266 1439 cum
287 1417 462 1445 vocamus,
492 1413 642 1440 nostram
672 1410 722 1441 illi
750 1411 888 1451 culpam

187 1457 422 1490 adscribimus.
457 1467 481 1490 ι.
521 1458 589 1491 Od.
617 1462 672 1491 27.
701 1460 887 1492 ‘verecun-

187 1507 336 1549 dumque
358 1509 533 1540 Bacchum
556 1509 762 1550 Sanguineis
777 1511 890 1550 probi-

186 1557 266 1589 bere
283 1558 387 1590 rixis:
432 1559 556 1600 Neque
572 1560 814 1599 praetereunda
829 1570 889 1592 au—

186 1608 276 1649 tiqni
291 1609 568 1640 commentatoris
598 1611 891 1652 annotatiuncula‚

184 1657 220 1688 in
233 1659 436 1698 particulam
464 1658 636 1690 interdum
660 1659 807 1699 epitasin
830 1661 887 1692 ba-

186 1706 282 1739 bere.
297 1712 334 1739 et
350 1712 432 1739 tunc
439 1708 674 1746 inverecundus,
685 1710 808 1748 inquit,
821 1710 888 1749 sig-

186 1755 306 1788 nificat
334 1756 436 1787 valde
466 1756 690 1787 verecundus.
732 1757 789 1788 Sic
819 1757 887 1789 ille.

189 1805 281 1835 Tor-r.
339 1804 583 1844 inverecundus]
616 1805 776 1838 Bacchus
802 1805 889 1839 facit

190 1853 343 1885 homines
359 1853 619 1885 inverecundos.

231 1905 276 1934 22
300 1903 392 1938 Quod
405 1903 434 1933 n·
449 1903 538 1943 meis]
562 1903 749 1936 Continuat
764 1906 891 1938 oratio-

193 1961 270 1983 nem
285 1962 360 1984 curn
386 1953 504 1984 Pettio
530 1954 564 1984 in
593 1954 724 1994 poculis
740 1955 890 1988 habitam

192 2010 295 2042 snper
310 2002 459 2034 Inachiae
475 2001 566 2034 fastu
593 2008 628 2034 et
653 2004 808 2036 avaritia.
845 2007 890 2037 Et

188 2051 231 2091 si,
253 2052 341 2091 quod
366 2052 525 2091 meditor,
550 2053 672 2094 inquit,
695 2054 781 2085 lianc
803 2056 890 2095 inju-

185 2100 273 2132 riam
286 2102 328 2132 ad
350 2102 496 2133 animum
513 2112 690 2143 revocans,
704 2113 771 2144 qna
787 2105 891 2136 decet

187 2150 437 2191 indignatione,
452 2161 494 2183 ea
510 2153 619 2184 omnia
634 2163 709 2194 quae
726 2154 837 2186 adhuc
855 2155 888 2186 iu

187 2209 242 2231 me
256 2201 367 2232 sentio
391 2202 512 2233 amoris
537 2201 703 2243 fomenta,
730 2209 765 2236 et
783 2206 888 2236 veluti

185 2250 314 2290 pabula
336 2251 505 2292 quaedam,
527 2252 699 2293 abjiciam,
714 2263 790 2286 cum
807 2256 889 2287 nihil

184 2301 342 2340 ,prositt3
379 2306 462 2333 tunc
493 2303 628 2334 tandem
655 2306 804 2337 cessabit
834 2307 892 2337 illa

188 2351 416 2393 impudentia,
431 2362 499 2393 qua
513 2363 604 2384 nunc
623 2354 786 2394 imparem
801 2365 890 2387 ama·

187 2409 242 2440 re,
266 2405 302 2432 et
328 2401 557 2440 potentiorem
588 2411 724 2443 aequare
751 2405 889 2437 rivalem

186 2449 373 2481 contendo.
416 2451 475 2482 Sic
498 2451 609 2483 locum
632 2451 817 2494 difficilem,
839 2461 888 2496 et,

193 2503 231 2529 ut
263 2507 380 2530 verum
416 2499 539 2539 fatear,
574 2500 749 2535 insuavem
784 2509 888 2546 atque

193 2556 352 2587 asperum
369 2548 479 2580 obiter
494 2550 732 2588 explicandum
754 2562 889 2586 censeo.

192 2599 203 2615 ⁴
223 2597 410 2629 Fomenta'
433 2598 522 2630 euim
545 2598 555 2615 ⁴
572 2600 694 2631 amoris
708 2601 717 2614 '
731 2607 809 2634 sunt
835 2613 890 2636 ea·

192 2646 271 2678 dem
294 2655 373 2688 quoe
397 2651 432 2679 et
456 2648 594 2688 pabula,
615 2651 721 2681 otium
745 2653 890 2686 maxime

193 2706 234 2728 ac
250 2697 391 2739 desidia,
405 2702 441 2729 et
465 2698 583 2739 inepta
598 2701 752 2740 quaedam
770 2705 890 2736 credu-

192 2746 269 2777 litas
289 2752 394 2787 atque
417 2757 509 2788 spes.
554 2749 676 2790 Neque
699 2751 788 2783 aliud
809 2762 891 2784 sum-

194 2799 294 2827 motus
306 2798 419 2838 pudor,
436 2797 499 2830 boc
514 2803 579 2840 est,
591 2800 721 2840 nullus;
745 2807 779 2834 et
795 2803 890 2844 impa-

1527 266 1634 307 1561

939 365 1027 396 ribus
1040 369 1160 396 certare
1175 373 1241 395 non
1253 363 1364 394 minus
1375 366 1469 394 recte
1482 365 1524 394 ad
1540 376 1637 406 quos.

940 424 1086 456 cnmqne
1101 414 1298 452 coi-rivales,
1318 421 1419 454 quam
1435 413 1479 444 ad
1495 415 1637 448 amicum

940 463 1060 495 referri
1083 467 1211 504 potest.
1249 462 1338 494 Haec
1352 465 1461 504 impar
1476 465 1639 505 moribus,

938 513 996 544 ille
1011 512 1246 545 facultatibus.
1292 514 1388 545 Bene
1406 522 1488 555 ergo
1510 515 1640 556 Phylli-

939 563 1016 594 dem
1037 567 1155 594 monet
1178 571 1230 596 ιν.
1256 563 1326 594 od.
1349 567 1381 595 9.
1426 562 1436 580 ‘
1455 563 1639 606 Disparem

939 612 1052 644 vites.'
1073 613 1216 645 Torrent-
1592 646 1600 655 Ι

982 665 1025 695 23
1047 662 1161 694 Libera
1183 663 1270 704 bilis]
1300 663 1388 696 Quae
1415 663 1639 704 increpando,

940 715 978 743 ut
993 712 1074 743 nibil
1088 718 1205 753 speret
1219 713 1359 754 majoris
1379 712 1641 751 benevolentia,

939 764 967 795 si
983 768 1099 795 taceat
1122 764 1230 802 vitia;
1252 764 1303 795 ita
1320 773 1387 795 non
1409 769 1540 796 metuat
1565 765 1640 806 plns

938 811 1204 855 indignationis,
1223 813 1250 844 si
1274 813 1456 855 eloquatur
1485 814 1641 845 tacenda.

942 863 1037 903 (ἕως.
1081 863 1196 895 Libera
1224 863 1313 904 bilis]
1359 863 1545 895 Iracundia
1575 873 1640 895 non

941 912 1107 954 impedita
1121 912 1162 944 ab
1178 922 1305 944 amore.
1353 913 1487 953 Uthoec]
1510 914 1556 945 Ut
1566 913 1640 944 haec

941 962 1074 1003 ingrata
1091 963 1212 995 amoris
1229 963 1354 1003 pabula
1370 963 1527 1004 dissipet,
1546 969 1582 996 et
1598 974 1640 995 ex

939 1013 1052 1045 animo
1069 1022 1144 1045 meo
1163 1013 1347 1045 dimoveat.

980 1066 1022 1095 24
1039 1063 1172 1095 Dividat
1190 1063 1357 1104 Fomenta]
1382 1062 1424 1093 Id
1441 1067 1505 1102 est,
1519 1062 1640 1095 harum

940 1114 1156 1154 querelarum
1180 1112 1416 1151 obliviscatur,
1441 1122 1516 1153 quae
1536 1113 1642 1154 magis

941 1163 1060 1194 fovent
1085 1167 1122 1194 et
1141 1167 1269 1203 augent
1292 1171 1454 1202 amorem,
1476 1171 1577 1203 quam
1594 1163 1642 1194 le-

943 1217 1023 1244 vent
1039 1217 1075 1244 et
1096 1212 1262 1243 minuant.
1300 1210 1427 1252 [codd.
1453 1221 1497 1252 ap
1518 1212 1644 1251 Jaeck,

944 1262 1048 1293 'Venus
1061 1262 1204 1298 dividat;
1229 1260 1426 1292 Markland.
1439 1271 1496 1302 ap.
1516 1262 1539 1295 J
1543 1262 1643 1302 aeck,

940 1313 1043 1343 ventis
1052 1311 1203 1351 dedicet]

984 1364 1025 1391 25
1065 1359 1227 1399 Fomenta]
1259 1359 1423 1400 Suspiria,
1461 1360 1644 1400 lacrymas,

941 1409 1127 1448 silentium,
1137 1409 1304 1451 querelas,
1313 1409 1538 1448 cogitationes
1549 1410 1644 1440 anxi-

939 1468 988 1498 as,
1003 1469 1078 1500 quae
1102 1458 1224 1489 amoris
1243 1459 1374 1489 vulneri
1397 1459 1551 1490 levamen
1576 1469 1642 1491 non

938 1508 1101 1540 afferunt.

981 1561 1025 1591 26
1046 1559 1179 1590 Desinet
1205 1558 1390 1599 imparibus,
1419 1560 1491 1601 ξω]
1517 1560 1643 1592 Sensus

939 1609 1018 1641 talis
1048 1613 1122 1640 est:
1161 1608 1280 1639 Pudor
1309 1610 1522 1649 paupertatis
1555 1619 1641 1641 meae

938 1664 1139 1697 summotus,
1158 1658 1320 1690 liberiore
1340 1658 1390 1689 ira
1412 1659 1447 1689 in
1468 1669 1522 1691 me
1536 1669 1643 1691 exaes-

938 1713 1069 1745 tuante,
1095 1713 1226 1740 tantum
1249 1717 1316 1739 non
1341 1708 1477 1739 desinet
1490 1709 1535 1739 de
1551 1719 1642 1741 amo-

942 1769 979 1790 re
995 1758 1269 1799 cumimparibus
1285 1764 1319 1788 et
1336 1758 1516 1789 ditioribus
1531 1759 1645 1791 rivali-

943 1808 1006 1840 bus
1037 1807 1181 1848 amplius
1208 1807 1353 1838 candide
1383 1812 1418 1838 et
1449 1809 1643 1841 verecunde

942 1863 1089 1894 certare,
1125 1867 1242 1889 verum
1273 1858 1377 1890 etiam
1413 1864 1571 1900 erumpet
1607 1861 1642 1892 in

942 1913 1096 1950 apertam
1110 1908 1366 1947 contumeliam,
1380 1912 1483 1949 atque
1504 1909 1576 1941 baec
1593 1910 1643 1941 fo-

942 1963 1057 1990 menta
1066 1957 1216 1989 Inachiae
1229 1958 1362 1997 ingrata
1375 1958 1486 1990 ventis
1498 1959 1644 2000 dividet,

941 2007 977 2038 id
993 2012 1060 2048 est,
1076 2007 1110 2038 iu
1128 2007 1244 2045 vulgus
1262 2007 1491 2049 populumque
1512 2009 1644 2050 disper-

943 2062 1003 2099 get
1032 2068 1071 2089 ac
1106 2056 1344 2088 manifestabit
1374 2067 1509 2089 avaram
1537 2059 1644 2100 illam,

941 2118 1007 2140 non
1022 2108 1146 2139 amoris
1162 2107 1280 2138 laudes
1301 2110 1336 2138 et
1352 2108 1552 2139 munuscula
1564 2117 1643 2139 can-

941 2158 1031 2197 didi,
1062 2157 1122 2189 sed
1158 2166 1301 2188 munera
1335 2158 1431 2198 sequi
1471 2157 1643 2190 ditiorum.

944 2209 1043 2249 Cruq.
1087 2207 1221 2238 Desinet
1235 2206 1421 2248 imparibus]
1445 2207 1483 2238 Id
1508 2213 1574 2248 est,
1589 2219 1645 2239 ve·

944 2258 1107 2289 recundia
1135 2266 1212 2288 mea
1237 2256 1373 2288 desinet
1399 2262 1534 2288 certare
1564 2268 1642 2289 cum

943 2308 1174 2349 superioribus
1190 2306 1234 2338 de
1247 2316 1375 2338 amore.
1397 2307 1579 2346 Figulinus.

983 2359 1025 2388 27
1049 2357 1228 2387 Summam
1262 2356 1378 2396 pudor]
1416 2357 1490 2397 Me,
1519 2356 1644 2397 iuquit,

945 2406 1046 2445 paulo
1068 2404 1331 2436 inverecundius
1355 2413 1484 2444 geram,
1505 2415 1569 2436 nec
1594 2405 1645 2436 ita

940 2455 1111 2497 pudenter
1121 2454 1329 2485 summittam
1344 2454 1475 2489 amicae,
1491 2455 1551 2485 sed
1569 2464 1644 2485 eam

941 2504 1160 2545 aspernabor,
1182 2503 1405 2544 desini-mque
1430 2504 1553 2534 sectari
1582 2504 1643 2534 im-

941 2564 1072 2595 parem,
1087 2562 1200 2594 neque
1218 2562 1273 2583 me
1289 2552 1535 2584 redamantem.
1566 2553 1644 2584 Pul-

942 2615 1046 2636 mann.
1073 2603 1152 2635 Vid.
1167 2601 1277 2633 Turn.
1294 2610 1376 2633 xiv.
1392 2604 1421 2633 1.
1466 2601 1645 2634 Summotus
1664 2610 1668 2613 “

941 2653 1056 2696 pudor]
1099 2651 1322 2693 Impudentia
1348 2651 1482 2683 desinet
1509 2657 1644 2684 certare

944 2704 1141 2746 imparibus,
1160 2702 1194 2733 id
1220 2707 1285 2741 est,
1300 2712 1377 2733 cum
1401 2702 1561 2734 rivalibus
1586 2712 1643 2734 su-

946 2754 1136 2797 perioribus
1149 2756 1187 2784 et
1201 2752 1393 2783 ditioribus.

988 2807 1030 2836 28
1059 2803 1122 2836 Ubi
1134 2802 1346 2843 koecsevems]
1370 2802 1556 2844 Postquam
1568 2802 1642 2836 haec
