1916 3262
368 271 479 313 1424

369 378 443 405 est:
466 374 651 415 Utrumque
673 377 820 406 nostrum
847 380 973 407 astrum
998 375 1048 416 (id

368 427 431 460 est,
451 427 577 454 astrum
601 429 705 464 tuum,
719 429 756 456 et
778 427 901 456 astrum
923 423 1050 464 menni)

369 473 537 503 consentit
553 472 739 503 incredibili
755 473 934 512 modo‚seu
950 474 1050 504 Libra

367 530 421 551 me
438 521 571 561 aspicit,
588 531 646 552 seu
660 522 828 562 Scorpius.
864 522 958 554 Idem
974 527 1049 554 erat

369 569 452 600 situs
469 575 633 601 astrorum
651 571 685 602 in
708 576 765 602 tuo
780 571 976 612 horoscopo,
991 571 1048 613 qui

366 618 431 649 fuit
448 620 478 649 in
495 629 580 650 meo.

411 670 450 698 18
476 668 711 709 Formidolosus]
736 669 952 708 Metuendus‚
971 669 1048 710 quia

365 717 525 756 Scorpius
563 718 758 748 attribuitur
795 719 912 757 Marti,
952 718 1047 758 cujus

366 766 462 796 stella
507 766 656 797 malefica
689 771 754 806 est,
789 771 823 797 et
837 804 841 806 -
855 767 1048 797 inclemens.

366 815 452 845 Pars
469 815 644 855 violentior]
673 816 739 848 Qui
756 815 912 856 Scorpius
929 814 1047 844 natalis

365 863 493 903 pariter
524 868 558 894 et
593 864 722 894 lethalis
756 866 844 895 liorae
873 863 1049 894 violentior

365 922 442 952 pars
467 917 531 953 est,
558 913 636 944 dum
659 914 721 944 sub
748 923 783 944 se
805 913 892 943 natis
915 913 1048 943 brevem

365 961 468 992 vitam
486 963 683 1002 pollicetnr3
699 971 758 992 seu
773 961 919 1002 denique
935 960 1048 1000 Capri-

365 1020 496 1046 cornus.
513 1012 569 1052 qui
583 1011 756 1051 Hesperiae
767 1011 864 1041 undae
877 1011 909 1040 in
921 1019 1049 1041 oceano

364 1059 567 1090 occidentali
591 1059 757 1090 violentus
794 1065 956 1098 tyrannus
985 1063 1049 1094 est,

363 1108 515 1149 illudque
528 1118 632 1148 mare,
641 1109 717 1139 dum
728 1110 784 1140 Sol
798 1110 830 1140 in
845 1109 1048 1149 Capricorno

365 1161 528 1196 versatur,
560 1157 819 1197 tempestatibus
860 1157 1048 1198 inquietat3

364 1215 421 1236 seu
441 1215 647 1247 qnaecunque
664 1206 728 1237 alia
751 1207 962 1238 constellatio
977 1205 1050 1238 fue-

364 1255 420 1294 rit,
435 1265 508 1296 quae
530 1265 589 1286 nos
615 1260 789 1287 nascentes
810 1256 976 1296 respicit;
1000 1255 1047 1286 in-

364 1304 516 1335 credibili
530 1303 629 1335 modo
651 1310 831 1345 utrumque
847 1308 998 1335 nostrum
1014 1309 1050 1334 et

364 1361 474 1383 meum
489 1357 524 1383 et
545 1356 636 1383 tuum
660 1357 787 1383 astrum
814 1353 903 1383 inter
917 1361 953 1382 se
971 1360 1049 1382 con-

364 1403 478 1442 sentit,
491 1407 690 1443 nostrosque
714 1403 852 1440 animos,
878 1409 999 1440 mores,
1015 1403 1051 1431 et

365 1450 478 1482 studia
521 1455 650 1482 aeterno
688 1450 876 1482 concordiae
917 1449 1048 1480 vinculo

363 1500 552 1541 conjunxit.
574 1500 686 1531 Lubin.

399 1551 448 1580 ‘19
466 1549 629 1589 Tyrannus
645 1548 808 1588 Hesperioe
829 1546 1054 1588 Capricornus]

364 1597 464 1630 Quod
481 1597 678 1628 Occidentis
693 1601 806 1636 partes
817 1597 847 1627 ei
863 1596 958 1636 signo
973 1595 1049 1626 sub·

357 1646 477 1686 jacere
490 1646 682 1676 traduntur.
711 1646 755 1676 Et
767 1644 887 1685 alioqui
903 1653 978 1674 cum
991 1643 1049 1683 hy—

363 1694 473 1725 emale
490 1693 532 1724 sit
560 1703 600 1725 ac
625 1693 797 1733 frigidum,
815 1692 911 1732 cujus
927 1700 1048 1731 nempe

364 1743 516 1782 ingressu
532 1742 711 1773 solstitium
735 1746 801 1780 est,
827 1745 1048 1780 tempestates

364 1791 444 1830 ciet,
458 1796 558 1831 atque
569 1789 708 1821 infestat
723 1789 838 1820 maria·
859 1789 947 1819 Torr.
988 1788 1049 1829 Ty-

364 1839 494 1880 rannus]
519 1839 655 1871 Idcirco
683 1838 910 1879 Capricornus
940 1837 1048 1868 Italiae

366 1894 528 1929 tyrannus
558 1889 696 1927 dicitur,
721 1888 800 1929 quia
826 1888 991 1919 Saturnus
1015 1887 1048 1918 in

365 1939 574 1979 Capricorno
584 1937 796 1977 gravissimas
812 1936 941 1977 pluvias
957 1936 1048 1968 exci-

365 1991 428 2025 tat,
439 1987 583 2018 maxime
594 1986 627 2016 in
643 1986 756 2016 Italia.

406 2038 449 2068 22
470 2036 560 2066 Jovis
573 2034 664 2074 impio
679 2033 788 2064 Tutela
801 2032 950 2071 Saturno]
973 2032 1049 2064 ‘Jo-

364 2083 414 2114 vis
423 2084 561 2114 tutelam
571 2083 579 2096 ’
595 2083 696 2120 dixit,
710 2091 771 2121 pro
786 2082 872 2113 Jove
888 2081 961 2120 ipso
973 2089 1049 2111 con-

366 2136 551 2170 servatore,
593 2131 650 2171 qui
694 2129 863 2169 refulgens
903 2129 1049 2160 Saturno

364 2181 430 2212 vim
452 2180 515 2212 diri
538 2179 655 2211 sideris
677 2179 805 2210 irritam
834 2177 968 2215 fecerit,
991 2187 1049 2208 seu

366 2234 482 2260 contra
497 2228 656 2269 fulgendo
677 2226 865 2267 infregerit.
908 2226 974 2257 Sed
991 2235 1050 2257 cur

365 2278 537 2320 ‘impium'
561 2279 740 2310 Saturnum
767 2277 887 2308 vocat?
911 2285 951 2307 an
972 2276 1048 2316 quia

366 2329 486 2369 impius
501 2329 533 2359 in
552 2327 672 2359 liberos
689 2336 764 2358 suos
779 2325 896 2366 fuerit,
909 2335 951 2356 an
970 2326 1049 2365 quia

367 2385 474 2407 saevos
490 2380 588 2417 atque
605 2375 724 2415 impios
740 2383 798 2405 suo
813 2373 922 2404 sidere
940 2373 1048 2404 facere

367 2424 537 2456 creditur?
573 2424 713 2455 Torreat.
767 2422 945 2462 [Comentit
980 2432 1049 2454 aus·

367 2478 451 2505 trum
474 2473 700 2504 Schoenborn.
721 2475 754 2504 2.
813 2472 971 2503 Consemit
1000 2482 1049 2503 as-

368 2527 450 2554 trum
470 2523 550 2555 Vat.
564 2525 596 2554 4.
622 2522 776 2554 Vallicel.
803 2524 834 2552 2.
864 2525 900 2552 et
925 2522 967 2552 ai.
997 2531 1050 2562 ap.

367 2571 506 2612 Jaeck.]

411 2623 450 2651 23
487 2621 597 2652 Tutela
623 2621 774 2661 Saturno]
810 2620 904 2653 Jovis
940 2620 1051 2658 stella,

370 2677 445 2708 qnae
458 2673 492 2699 te
508 2674 634 2709 tuetur,
658 2670 794 2701 Saturni
808 2668 1050 2708 malignitatem

371 2716 529 2747 discnssit
545 2723 580 2748 et
593 2719 729 2750 avertit.
774 2718 957 2759 Resulgens]
985 2718 1052 2748 Suo

372 2770 510 2805 aspectu
533 2766 745 2807 subveniens,
772 2773 808 2800 et
834 2768 979 2799 Saturno
1002 2776 1052 2798 re-

822 282 959 314 No'rAE
991 282 1251 315 vAmoRtJM
1272 283 1337 315 >IN

1102 384 1261 415 pugnans.
1385 390 1390 395 -

1144 427 1184 455 24
1212 425 1347 455 Volueris
1363 423 1446 463 sati]
1474 423 1614 455 Volat-ris
1634 423 1718 456 dicit
1738 417 1781 457 οἶ»

1102 471 1228 503 subitas
1248 477 1282 502 et
1299 472 1488 512 repentinas
1512 472 1676 503 bominum
1698 481 1784 504 mor-

1101 524 1164 551 tes.
1207 521 1282 552 Fati
1294 531 1373 561 ergo
1388 521 1531 559 volucria,
1545 521 1578 552 id
1590 525 1656 560 est,
1670 522 1784 553 mortis

1101 569 1197 600 nimis
1213 579 1354 610 propere
1367 570 1580 602 advolitantis
1593 571 1660 601 alas
1674 571 1785 602 tarda·

1101 618 1150 648 vit
1175 627 1213 649 ac
1234 624 1400 650 remorata
1424 624 1488 659 est,
1508 620 1635 660 tibique
1650 621 1784 660 longum

1101 666 1235 696 vivendi
1252 671 1384 707 ternpus
1402 668 1550 699 indulsit.

1131 718 1171 746 25
1185 716 1333 747 Tardavit
1341 717 1421 757 alas]
1433 718 1465 748 M
1472 723 1579 748 ortem
1592 717 1785 758 impenden-

1102 768 1168 794 tem
1181 766 1351 804 repressit.
1377 766 1478 801 Quum
1489 767 1785 807 populusfrequens]

1102 813 1193 844 Libri·
1207 814 1289 845 Mas.
1306 815 1382 855 duo,
1398 819 1463 846 tum
1475 816 1614 855 populus,
1628 825 1690 846 nec
1707 825 1785 846 sane

1102 862 1270 902 displicet.
1300 863 1462 903 [Gnelph.
1478 864 1556 894 ulis:
1571 867 1636 894 tum
1646 865 1786 903 populus.

1102 911 1281 951 Bamberg.
1299 915 1369 942 tunc
1379 914 1524 952 populus;
1540 913 1582 944 al.
1595 921 1650 953 ap.
1661 912 1784 951 saec-k,

1102 965 1131 991 te
1146 961 1296 1001 populum]

1144 1011 1186 1039 26
1206 1009 1328 1040 Laetum
1360 1010 1498 1050 theatris,
1529 1011 1598 1051 esa]
1641 1011 1786 1041 Turneb'.

1102 1066 1215 1088 xvni.
1240 1061 1290 1089 12.
1337 1059 1397 1090 Ter
1423 1060 1542 1098 crepuit
1563 1059 1685 1099 sonum]
1717 1053 1810 1090 Ter-

1101 1106 1282 1146 applausit,
1305 1111 1339 1137 et
1355 1107 1514 1147 jucundis
1540 1107 1787 1139 acclamationi-

1102 1155 1162 1186 bus
1175 1156 1426 1195 congratulatus
1441 1161 1501 1187 est.
1525 1155 1612 1187 Vide
1621 1164 1645 1187 1.
1655 1155 1722 1187 Od.
1733 1159 1786 1188 2⁰.

1101 1204 1266 1244 [Faustum
1280 1208 1303 1235 t.
1318 1208 1343 1236 t.
1358 1204 1491 1244 strepuit
1506 1204 1581 1236 cod.
1601 1213 1654 1244 ap.
1667 1203 1790 1236 Jaeck.

1099 1255 1194 1285 solum
1208 1254 1373 1296 Guelph.]

1142 1306 1183 1334 27
1209 1304 1346 1335 Truncus
1370 1305 1498 1344 illapsus
1522 1302 1659 1344 cerebro]
1681 1302 1789 1335 Arbor

1099 1351 1227 1382 irruens
1239 1353 1271 1383 in
1283 1357 1386 1392 caput
1401 1362 1452 1383 nie
1471 1353 1708 1391 interemisset,
1722 1352 1787 1382 nisi

1101 1401 1232 1431 Faunus
1248 1401 1417 1440 sylvarum
1443 1401 1536 1431 Dens
1560 1401 1663 1431 ictum
1687 1400 1788 1430 susti-

1100 1449 1237 1481 nuisset.
1283 1449 1523 1490 [Schoenborn.
1532 1451 1563 1480 2.
1574 1451 1700 1479 truncus
1709 1449 1788 1479 iuae-

1100 1500 1178 1540 sus.]

1142 1551 1183 1578 28
1207 1548 1332 1579 Faunus
1352 1547 1461 1587 ictum]
1483 1548 1632 1578 Faunum
1653 1547 1786 1577 Mercu-

1102 1596 1232 1627 rialium
1251 1597 1392 1627 virorum
1409 1596 1583 1627 custodem
1598 1599 1720 1632 voeat;
1741 1595 1789 1625 ita

1102 1651 1140 1677 ut
1165 1647 1335 1677 Mercurio
1359 1645 1492 1686 quidem
1522 1654 1614 1675 suam
1645 1645 1787 1676 salutem

1103 1695 1278 1733 asscribat,
1294 1695 1348 1734 qui
1364 1703 1438 1725 eum
1453 1693 1555 1725 etiam
1570 1694 1603 1724 in
1618 1693 1788 1734 Philippis

1103 1743 1269 1774 servavit:
1294 1752 1406 1774 verum
1429 1743 1516 1784 quod
1537 1743 1606 1774 ruri
1631 1743 1788 1783 contigit,

1101 1793 1172 1824 siue
1200 1793 1303 1824 Fanni
1327 1793 1495 1824 mentione
1517 1792 1692 1833 praeterire
1721 1801 1787 1824 non

1103 1841 1222 1881 potuit.
1269 1842 1402 1872 Faunus
1426 1850 1506 1882 ergo
1524 1841 1627 1872 ictum
1651 1841 1788 1876 avertit,

1102 1890 1159 1921 sed
1175 1890 1342 1921 Mercurio
1357 1889 1560 1930 gratificans.
1604 1889 1651 1920 Et
1665 1889 1788 1930 alioqui

1102 1948 1223 1979 magna
1246 1939 1416 1979 utriusque
1441 1938 1509 1970 Dei
1535 1938 1695 1979 cognatio
1723 1942 1788 1970 est.

1103 1989 1244 2018 Tor-rent.

1143 2038 1184 2065 29
1206 2035 1344 2074 Dextra]
1367 2035 1445 2074 Ipse
1468 2035 1600 2065 Faunus
1616 2034 1736 2065 dexter
1749 2037 1786 2065 et

1103 2083 1279 2122 propitius.
1305 2083 1397 2122 Cruq.
1442 2082 1687 2117 Mercurialium,
1715 2082 1785 2122 Sym]

1103 2131 1223 2161 Custos
1256 2131 1401 2161 virorum
1437 2131 1634 2168 doctornm3
1671 2131 1785 2172 quates

1104 2182 1181 2209 suut
1203 2178 1330 2218 Poetae,
1355 2178 1410 2220 qni
1435 2184 1514 2210 sunt
1538 2179 1598 2211 sub
1623 2180 1785 2211 Mercurii

1105 2227 1222 2258 tutela.

1142 2277 1180 2306 31
1205 2276 1369 2316 AEdemque
1404 2275 1554 2315 votivum]
1607 2276 1785 2316 Templum

1101 2324 1188 2365 quod
1205 2325 1373 2354 Maecenas
1392 2330 1557 2364 aegrotans
1579 2324 1686 2356 Saluti
1711 2333 1814 2365 pro-2

1101 2374 1246 2411 miserat,
1262 2373 1288 2403 si
1303 2373 1412 2404 salvus
1428 2373 1599 2405 evaderet.

1143 2426 1184 2454 32
1209 2423 1275 2453 Nos
1288 2423 1443 2462 humilem,
1457 2423 1527 2463 εἷα]
1549 2422 1692 2455 Videtur
1705 2423 1788 2454 allu-

1103 2472 1183 2504 dere
1203 2472 1244 2503 ad
1266 2471 1472 2503 sacrificandi
1492 2479 1629 2511 morem,
1640 2472 1696 2512 qui
1712 2471 1787 2502 Diis

1104 2522 1322 2554 terrestribus
1346 2522 1435 2553 humi
1459 2520 1533 2552 fieri
1554 2521 1696 2560 solebat,
1720 2531 1786 2552 non

1103 2571 1135 2602 in
1153 2572 1217 2601 aris
1239 2571 1372 2602 erectis.
1400 2571 1494 2610 Cruq.
1539 2571 1605 2601 Nos
1629 2568 1787 2608 humilem]

1106 2621 1177 2651 Nos
1204 2629 1342 2660 parvum
1373 2619 1570 2650 sacrificium
1601 2618 1789 2656 offeremus,

1106 2669 1303 2699 conveniens
1319 2668 1425 2706 nobis,
1441 2668 1496 2709 qui
1511 2668 1651 2699 humiles
1665 2676 1784 2698 sumus.

1106 2714 1209 2747 Fanni
1239 2722 1350 2749 autem
1374 2718 1503 2756 bostiae,
1529 2726 1633 2757 agnae,
1659 2715 1785 2754 hoedus,

1105 2776 1216 2807 caper.
