1930 3204
392 279 502 321 1582

390 381 494 419 dicat,
515 380 595 412 satis
616 390 657 411 ex
684 380 847 419 adjunctis
870 385 1013 420 apparet
1029 380 1070 410 de

839 290 978 320 NO'rAE
1011 290 1268 321 vARtoRUM
1306 292 1352 321 IN

1125 380 1266 420 Magicae
1281 385 1398 412 eontra
1413 384 1445 412 te
1460 380 1542 412 nihil
1554 381 1695 421 agentis,
1709 384 1802 422 q'nui

391 429 524 459 sinistro
545 429 634 459 exitu
650 429 794 459 locutam
809 436 903 458 ¹esse.
947 429 1070 459 Plorem
1122 429 1242 459 nullius
1258 429 1302 460 sit
1317 428 1476 460 efficaciae
1490 429 1502 459 ?
1534 428 1695 470 [Guelph.
1709 438 1800 469 agen.

389 477 470 508 artis
493 478 526 508 in
546 476 591 516 te]
614 477 667 508 An
694 477 821 516 plorem
845 478 971 508 exitum
990 477 1070 508 artis

1123 478 1164 507 tis
1178 477 1307 516 exitus]

712 751 1013 815 CARMEN
1066 764 1464 814 SAECULARE.

388 900 485 932 Qum
508 898 518 915 ‘
533 898 720 938 Saecnlum,’
743 903 779 929 et
799 898 887 928 unde
903 897 983 928 dicti
1007 897 1072 927 Lu-

387 946 421 976 di
449 947 646 984 Saeculares,
680 955 744 986 qno
775 951 939 985 tempore,
964 954 1072 985 quove

386 995 467 1029 ritu,
482 994 668 1034 quibusque
695 994 884 1024 cerimoniis
910 993 1073 1024 celebrati

387 1051 407 1070 a
422 1041 579 1071 Romanis
594 1041 731 1082 fuerint,
746 1051 820 1072 cum
842 1046 972 1072 veteres
994 1050 1071 1072 auc-

386 1094 477 1120 tores
504 1091 614 1126 multi,
630 1095 699 1121 tum
727 1091 945 1129 recentiores,
960 1089 1071 1129 Ange-

386 1138 437 1168 lus
454 1138 653 1178 Politianus,
677 1143 711 1169 et
733 1138 928 1177 Onuphrius
950 1138 1071 1168 Panvi-

387 1195 461 1220 nus,
473 1195 513 1217 ac
527 1187 682 1226 Sigonius
694 1188 871 1218 Emendat.
883 1187 942 1218 lib.
958 1196 983 1218 1.
996 1187 1069 1217 dili-

385 1235 579 1274 gentissime
596 1235 777 1267 tradidere.
821 1237 915 1267 Inter
933 1236 999 1266 alia
1012 1236 1069 1266 ob-

387 1288 565 1321 servatum,
592 1293 630 1315 ut
656 1285 750 1324 pueri
775 1285 965 1325 puellaeque
978 1285 1070 1324 inge-

386 1334 454 1371 nui,
471 1342 511 1363 ac
529 1333 676 1372 patrimi,
699 1334 844 1365 matrimi
861 1338 980 1365 munes
999 1343 1070 1364 car-

386 1382 476 1412 mina
500 1391 539 1412 ac
565 1391 699 1422 paeanas
728 1383 931 1418 accinerent‚
951 1383 1071 1423 quibus

386 1430 472 1469 Pop.
491 1429 586 1460 Rom.
605 1430 779 1469 imperium
802 1431 880 1462 Diis
903 1431 1071 1462 immorta-

384 1477 470 1508 libus
487 1478 769 1508 commendarent.
805 1479 946 1509 Carmen
962 1480 1071 1510 Saecu-

384 1525 453 1556 lare
470 1523 534 1555 fuit
549 1535 567 1555 a
584 1524 690 1555 Poeta
712 1526 945 1565 compositum,
966 1530 1003 1557 ut
1017 1535 1071 1556 ca-

385 1578 520 1604 neretur
530 1574 631 1604 Ludis
645 1574 878 1608 Saecularibus,
891 1575 945 1614 qui
962 1579 1072 1606 cente-

385 1623 467 1653 simo
483 1622 614 1653 decimo
630 1632 761 1662 quoqne
785 1632 870 1653 anno
891 1623 963 1653 fieri
986 1625 1070 1654 sole-

384 1670 480 1701 bant.
526 1669 685 1700 Editurus
711 1679 798 1700 anno
823 1669 921 1701 A.U.
939 1671 977 1701 C.
1000 1674 1074 1701 736.

386 1718 573 1748 Saeculares
603 1716 713 1748 Ludos
745 1717 859 1748 Caesar
887 1717 1073 1759 Augustus,

385 1775 461 1796 cnm
483 1764 624 1796 Poetam
647 1769 824 1805 quaereret,
847 1766 904 1805 qui
926 1765 1071 1796 solemne

386 1813 540 1851 Carmen,
557 1811 645 1853 quod
661 1811 810 1852 Apollini
825 1821 864 1842 ac
885 1813 1000 1843 Dianae
1016 1822 1070 1843 ca-

385 1860 532 1892 nendum
547 1865 636 1900 erat,
656 1860 754 1900 digne
769 1860 965 1901 conficeret,
984 1862 1072 1892 solus

385 1909 548 1940 Horatius
577 1916 730 1949 repertus
759 1915 825 1949 est,
854 1919 952 1950 quem
977 1914 1071 1941 tanto

385 1958 478 1988 oneri
503 1967 616 1997 parem
635 1958 818 1997 judicaret.
862 1959 944 1998 Ejus
969 1959 1072 1998 igitur

385 2005 552 2045 Principis
571 2006 683 2044 jussu,
702 2007 765 2036 hoc
780 2007 977 2046 praeclarum
993 2007 1071 2038 Car-

385 2061 462 2082 men
478 2052 588 2083 Poeta
601 2054 810 2093 conscripsit.
844 2054 1022 2085 Suetonius
1037 2055 1071 2086 in

385 2100 456 2130 vita
478 2100 636 2130 Horatii:
657 2102 667 2118 ‘
681 2102 818 2140 Scripta
842 2102 978 2141 quidem
999 2102 1070 2140 ejus

386 2157 492 2188 usque
531 2147 615 2178 adeo
656 2148 822 2187 probavit,
851 2158 1069 2188 mansuraque

386 2199 551 2235 perpetuo
568 2195 725 2231 credidit,
748 2200 785 2226 ut
806 2205 872 2226 non
895 2197 991 2227 modo
1008 2206 1069 2227 sae-

385 2244 497 2275 culare
533 2253 666 2275 carmen
713 2244 977 2284 componendum
1020 2245 1069 2275 in-

379 2292 553 2332 Junxerit3
591 2292 652 2323 sed
682 2296 718 2322 et
745 2291 979 2332 Vindelicam,'
1006 2294 1068 2324 διο.

387 2341 538 2380 Rutgers.

429 2393 445 2420 1
470 2389 588 2420 Potens
602 2388 722 2429 Diana]
743 2388 899 2420 Domina.

429 2441 449 2468 2
472 2437 621 2468 Lucidum
640 2437 708 2468 coeli
729 2437 832 2477 decus]
852 2438 862 2455 ‘
879 2437 1071 2469 Clarissima

388 2486 502 2518 mundi
512 2485 675 2526 Lumina‚’
684 2487 776 2527 Virg.
803 2488 897 2518 Luna
909 2496 983 2518 rore
994 2497 1070 2519 noc-

387 2539 484 2565 turno
513 2535 656 2565 calorem
686 2534 770 2566 Solis
808 2539 985 2575 temperat,
1011 2536 1069 2567 Sol

389 2588 506 2614 contra
521 2583 750 2613 humiditatem
763 2583 864 2614 Lunae
876 2583 917 2613 ad
933 2593 1071 2623 genera-

389 2631 514 2662 tionem
531 2630 697 2662 accendit.
742 2631 834 2662 Hinc
857 2630 969 2671 fruges
991 2641 1069 2672 pro-

391 2678 536 2715 veniunt,
557 2679 633 2711 hinc
648 2679 827 2721 gignuntur
841 2680 950 2712 omnia
970 2684 1069 2722 atque

1124 902 1319 935 augescunt.
1363 898 1470 928 Recte
1494 906 1574 938 ergo
1595 898 1755 939 sequitur,
1773 899 1802 928 Ο

1123 946 1240 976 colendi
1253 954 1369 985 semper
1383 951 1412 977 et
1422 948 1508 978 culti.
1517 944 1671 979 Torreat.
1711 948 1804 978 Duci-

1124 996 1196 1025 dum
1207 995 1273 1025 coeli
1288 993 1393 1033 decus]
1415 995 1470 1025 Sol
1486 999 1522 1026 et
1534 995 1627 1025 Luna
1641 1000 1718 1026 sunt
1727 996 1804 1026 coeli

1123 1046 1328 1077 ornamenta,
1350 1051 1489 1082 quorum
1512 1042 1618 1072 altera
1639 1041 1805 1076 diurnum.

1123 1091 1227 1121 altera
1241 1091 1352 1120 lumen
1367 1094 1566 1120 nocturnum
1581 1088 1722 1129 praebet.

1163 1141 1183 1169 4
1210 1139 1352 1177 Tempore
1374 1137 1476 1176 sacro]
1496 1137 1580 1169 Ideo
1604 1147 1702 1176 sucro,
1727 1137 1804 1178 quia

1123 1185 1198 1217 libri
1225 1186 1390 1226 Sibyllini,
1416 1185 1638 1220 referentibus
1658 1186 1806 1218 Quinde-

1123 1234 1186 1265 cim
1203 1235 1281 1265 viris
1296 1235 1400 1265 sacris
1422 1233 1599 1270 faciundis,
1614 1234 1664 1265 sic
1678 1243 1804 1274 praece-

1123 1289 1262 1324 perant:
1288 1284 1330 1316 de
1345 1288 1436 1316 stato
1452 1285 1538 1316 enim
1555 1285 1722 1316 Ludorum
1736 1285 1804 1316 Sae-

1123 1333 1285 1364 cularium
1309 1338 1459 1373 tempore
1474 1333 1619 1373 loquitur
1634 1328 1807 1364 Horatius.

1126 1381 1262 1412 Torrent.
1309 1381 1451 1421 Tempore
1464 1381 1565 1421 sacro]
1586 1381 1716 1413 Diebus
1738 1381 1805 1412 sez-

1123 1429 1166 1460 tis
1183 1434 1218 1460 et
1233 1430 1457 1461 saecularibns.

1165 1481 1183 1507 5
1224 1479 1292 1513 Quo
1322 1478 1470 1518 Sibyllini
1508 1478 1664 1518 monuere]
1698 1477 1804 1508 codd.

1123 1525 1279 1555 Blandini
1295 1528 1326 1556 4.
1341 1526 1478 1562 habent,
1494 1527 1572 1564 quod
1582 1525 1743 1566 Sibyllini,
1753 1527 1806 1565 δίο.

1122 1573 1246 1604 Verum
1263 1574 1328 1604 alia
1344 1574 1445 1604 lectio
1460 1574 1588 1604 clarior.
1624 1574 1711 1604 Nam
1729 1573 1805 1605 libri

1123 1622 1274 1661 Sibyllini
1291 1631 1349 1661 pro
1369 1623 1497 1652 ratione
1518 1621 1673 1653 sacrificii
1691 1631 1805 1653 monu-

1125 1674 1235 1703 erunt,
1257 1674 1295 1700 nt
1319 1670 1473 1709 precibus
1498 1670 1583 1708 aliis,
1605 1670 1653 1700 itu
1676 1676 1711 1701 et
1738 1671 1804 1702 alio

1125 1717 1271 1747 carmine
1295 1717 1445 1747 Deorum
1474 1717 1588 1747 laudes
1613 1718 1805 1750 decantari:

1124 1774 1226 1805 quare
1243 1765 1290 1795 sic
1304 1765 1392 1796 hunc
1408 1765 1516 1796 locum
1529 1770 1565 1796 et
1579 1765 1644 1805 legi
1658 1775 1755 1806 posse
1770 1772 1807 1799 et

1125 1813 1246 1853 exponi
1261 1813 1385 1844 debere
1402 1818 1573 1853 putarem:
1592 1813 1683 1845 Date
1693 1814 1808 1846 dicere

1123 1862 1186 1892 hoc
1201 1871 1335 1892 carmen
1347 1861 1419 1892 Diis
1431 1861 1588 1893 Romanis
1600 1862 1688 1903 quod
1699 1863 1807 1903 Sibyl·

1123 1910 1183 1941 lini
1198 1920 1309 1941 versus
1321 1920 1489 1946 monuere.
1499 1911 1533 1942 id
1545 1916 1609 1950 est,
1619 1911 1806 1944 docuerunt

1123 1969 1244 1999 pueros
1259 1970 1317 1991 seu
1326 1961 1500 2000 jusserunt
1515 1971 1535 1992 a
1547 1962 1656 2001 pueris
1669 1967 1807 1994 cantun-

1123 2008 1201 2038 dum
1217 2018 1301 2040 esse.
1345 2010 1468 2040 Verum
1484 2010 1618 2041 lectoris
1626 2010 1756 2050 judicio
1770 2011 1806 2042 id

1125 2057 1283 2097 relinquo.
1322 2059 1418 2097 (ἶνας.

1122 2103 1287 2134 Versuum
1336 2105 1571 2144 Sibyllinorum
1619 2106 1804 2136 authoritas

1122 2150 1262 2180 multum
1284 2151 1387 2181 valuit
1410 2152 1497 2190 apud
1524 2156 1655 2184 veteres
1680 2154 1803 2184 Roma-

1122 2205 1190 2227 nos.
1240 2197 1366 2237 Versus]
1389 2199 1493 2230 Libri.
1537 2199 1640 2239 [Quos
1658 2200 1804 2242 Sibyllini

1122 2244 1271 2275 nonnulli
1306 2254 1360 2286 ap.
1394 2246 1515 2286 Jaeck,
1562 2257 1638 2280 cum
1682 2250 1802 2290 glossa,

1120 2293 1130 2310 ‘
1146 2294 1291 2333 pueros.'

1163 2343 1184 2371 6
1211 2341 1351 2380 Virgines
1374 2342 1480 2382 lectas,
1499 2353 1666 2385 puerosque
1687 2348 1802 2388 caston]

1122 2388 1224 2419 Pueri
1240 2390 1494 2430 requirebantur
1517 2402 1655 2425 numero
1677 2399 1729 2426 ter
1743 2405 1804 2427 no-

1122 2447 1196 2468 vem
1212 2439 1419 2478 praetextati,
1443 2439 1583 2480 nobiles,
1605 2442 1738 2482 patrimi
1762 2453 1803 2475 ac

1121 2486 1279 2527 matrimi,
1306 2487 1512 2529 totidemque
1542 2491 1676 2530 puellae,
1701 2486 1802 2533 atoue

1121 2534 1270 2573 ejusdem
1285 2536 1428 2576 generis,
1439 2537 1495 2577 qui
1507 2538 1642 2568 seorsim
1657 2539 1804 2570 carmina

1122 2583 1164 2613 de
1182 2583 1280 2614 Urbis
1296 2585 1586 2616 conservatoribus
1603 2586 1725 2618 Graeca
1739 2587 1800 2618 La-

1122 2631 1256 2672 tinaque
1279 2641 1361 2664 voce
1382 2634 1618 2666 concinerent:
1641 2636 1689 2667 sic
1713 2637 1802 2667 enim

1121 2680 1281 2722 Zosimus,
1296 2681 1479 2724 eademque
1500 2683 1542 2715 de
1569 2693 1606 2716 re
1626 2693 1652 2717 1.
1667 2684 1733 2717 Qd.
1747 2687 1802 2725 21.

1474 2058 1621 2098 Sibyllini
1648 2060 1805 2098 imane]
1864 2067 1867 2070 ⁴
