1916 3262
327 310 440 352 1212

326 411 392 453 Te
412 413 573 454 nostris
596 413 794 461 ducibus,
818 418 859 452 te
880 412 1028 454 Graiis
1051 415 1342 466 anteferendo,

329 477 485 518 Cetera
504 489 772 530 nequaquam
794 478 926 518 simili
946 479 1110 519 ratione
1131 481 1345 534 modoque

794 323 835 359 Q.
870 322 1074 352 ΗοηΛτιι
1111 323 1279 355 ηΑοοι

329 543 551 590 AEstimat,
572 547 630 591 et,
652 543 733 582 nisi
748 555 847 595 quae
869 544 994 584 terris
1016 550 1186 586 semota
1207 547 1388 600 suisque

328 608 620 660 Temporibus
640 607 847 649 defuncta
871 608 1004 658 videt,
1021 609 1191 650 fastidit
1217 616 1262 652 et
1280 613 1397 663 odit3

328 673 403 714 Sic
424 673 565 713 fautor
583 677 789 722 veterum,
810 677 859 715 ut
878 675 1051 715 tabulas
1070 689 1255 728 peccare
1274 683 1484 728 vetantes,

330 737 456 787 Quas
476 738 544 778 bis
565 738 759 791 quinque
781 740 861 779 viri
881 745 1135 790 sanxerunt,
1157 742 1322 784 foedera
1340 757 1485 798 regum

328 802 416 843 Vel
432 802 585 844 Gabiis
603 803 670 843 vel
691 817 790 844 cum
809 805 956 858 rigidis
977 813 1150 862 aequxata
1170 808 1360 860 Sabinis,

1694 813 1751 854 25

330 867 590 909 Pontificum
610 869 764 920 libros,
785 883 946 912 annosa
963 873 1184 915 volumina
1199 880 1366 925 vatum,

328 991 359 1018 et
375 988 505 1030 sapiens,
519 999 623 1030 nempe
639 992 718 1030 quod
741 995 770 1022 ee
786 991 1024 1031 Imperatoribus
1048 992 1197 1023 Romanis
1222 993 1399 1034 Graecisque
1418 995 1560 1035 proefert,
1585 1005 1644 1026 non
1667 1004 1751 1034 aequae

327 1029 403 1060 bene
408 1031 528 1069 judicat
546 1033 584 1062 de
597 1032 667 1063 otiis
682 1032 785 1064 rebus.-
807 1033 924 1064 scilicet
950 1033 1083 1072 negligit
1105 1037 1194 1073 atque
1210 1039 1392 1074 aspernatur
1411 1037 1524 1073 omnia,

1547 1041 1751 1078 praeterqmm

328 1079 397 1108 quoe
410 1073 502 1102 terris
522 1073 676 1104 abstracta
700 1075 871 1114 dudumque
882 1075 1042 1114 praeterita
1056 1075 1199 1114 comperit
1210 1086 1220 1106 .·
1243 1077 1317 1107 adeo
1331 1080 1448 1109 vetusta
1460 1079 1602 1118 probans,
1612 1082 1647 1110 ut
1663 1078 1751 1108 tabu-

326 1111 373 1142 lu
394 1113 566 1153 delinquere
576 1115 769 1154 prohibentes
782 1125 801 1145 a
816 1115 1007 1146 Decemviria
1019 1117 1211 1156 constitutas,
1223 1117 1346 1154 foedera
1360 1128 1466 1157 regum
1483 1120 1688 1151 Romanorum
1701 1127 1755 1150 m

327 1155 411 1191 apud
432 1155 558 1195 Gabios,
582 1165 634 1186 seu
648 1166 715 1187 cum
738 1158 852 1187 severis
875 1157 1000 1188 Sabinis
1023 1159 1199 1198 compositu,
1210 1158 1267 1196 jus
1291 1159 1486 1202 Pontificale,
1501 1161 1627 1202 antiqua
1649 1163 1754 1192 vatum

929 1259 1042 1272 οοοοοο

1045 1259 1160 1273 ‘‘‘‘‘‘

329 1328 416 1358 Phil.
431 1329 580 1369 samby,
596 1331 735 1370 Dorigb.
753 1332 885 1363 Wakef.
900 1339 934 1364 et
949 1334 1141 1365 Kidd.-—19
1163 1337 1204 1366 Te
1222 1337 1330 1366 Graiis
1343 1337 1482 1374 ducibus,
1496 1341 1527 1368 te
1540 1337 1654 1368 noum
1667 1339 1754 1368 ante-

319 1369 451 1405 ferenda
467 1371 556 1410 conj.
572 1371 676 1402 Zach.
695 1373 920 1405 Pence—22
943 1375 1096 1406 Vallicel.
1117 1386 1136 1405 a
1151 1385 1192 1406 m.
1209 1386 1260 1415 pr.
1275 1378 1453 1408 vidia—23
1475 1378 1529 1408 Sic
1539 1378 1646 1414 factor
1673 1378 1752 1408 Vat.

330 1411 423 1441 Rom.
437 1413 469 1442 4.
493 1417 528 1442 et
543 1412 768 1444 Schoenborn.
788 1417 904 1446 2.-24
928 1416 1052 1446 Venet.
1071 1419 1162 1448 1492.
1183 1426 1313 1449 sanxere
1328 1422 1358 1448 ee
1374 1418 1505 1456 soedera.

1551 1419 1703 1450 Vallicel.
1721 1422 1752 1450 1.

965 1521 1105 1552 NOTAE

327 1577 532 1618 mandendos,
548 1582 604 1621 qui
633 1586 748 1612 vetera
771 1587 958 1622 sectantur,
981 1587 1015 1614 et

329 1628 456 1666 quaevis
483 1637 567 1659 nova
596 1629 772 1662 fastidiunt
800 1631 925 1672 absque
949 1632 1015 1663 ‹lis-

328 1677 466 1707 crimine
479 1678 661 1718 etjudicio.

367 1727 407 1755 21
435 1725 541 1757 Terris
552 1728 679 1768 semota]
697 1729 746 1759 Ex
756 1729 923 1759 bominum
936 1738 1015 1760 con-

327 1777 447 1812 spectu
481 1774 615 1814 ablata;
655 1777 805 1807 carmina
840 1777 1014 1817 poetarum

326 1826 545 1854 mortuorum.

370 1874 411 1902 23
439 1871 567 1904 Tabulas
587 1882 710 1913 peccare
735 1876 887 1916 vetantes]
908 1875 1014 1916 Leges

330 1927 396 1950 xn-
418 1920 501 1951 Tab.
517 1931 599 1962 quas
615 1923 824 1960 Decemviri,
843 1924 886 1954 ad
909 1924 1015 1955 instar

328 1969 439 2007 legum
477 1969 621 2008 Solonis,
657 1976 928 2013 composuerunt,
961 1982 1016 2003 an.

327 2017 369 2047 U.
385 2016 422 2047 C.
439 2019 512 2048 3⁰2.
543 2018 650 2049 Porro
662 2028 738 2059 quae
755 2020 787 2050 in
801 2021 849 2050 eis
865 2021 1017 2051 contine-

328 2069 444 2096 rentur
467 2066 554 2098 haud
578 2072 753 2107 comperta
781 2069 929 2107 omnino,
951 2069 1014 2100 nisi

328 2114 415 2155 quod
433 2124 551 2155 pauca,
573 2125 648 2156 quae
665 2116 706 2147 ad
726 2126 854 2148 morum
870 2117 1013 2157 discipli-

328 2173 402 2195 nam
433 2169 468 2194 et
499 2164 629 2204 judicia
659 2170 827 2206 spectant,
855 2166 1013 2197 intercise

328 2217 481 2244 auctores
513 2214 672 2254 produnt,
702 2218 740 2245 ut
769 2215 818 2246 ait
844 2214 943 2246 Alex.
973 2215 1014 2246 ab

329 2261 424 2292 Alex.
449 2271 497 2293 vr.
527 2264 576 2293 10.
598 2263 654 2293 nbi
671 2267 706 2293 et
719 2261 911 2303 fragmenta
926 2273 1015 2304 qnae-

329 2310 404 2342 dam
417 2320 530 2341 earum
544 2315 740 2351 pervetusta
753 2317 787 2342 et
798 2312 951 2344 obsoleta
963 2322 1015 2344 re-

327 2358 408 2391 fert.
450 2359 460 2376 ‘
477 2359 516 2390 In
533 2360 616 2390 urbe
641 2369 684 2391 ne
705 2361 804 2400 nrito,
821 2370 904 2392 neve
920 2371 1016 2402 sepe·

327 2407 388 2438 lito
411 2428 421 2438 .
437 2429 446 2438 .
465 2430 473 2438 .
491 2429 500 2438 .
522 2408 549 2438 si
575 2408 655 2448 qnid
690 2418 771 2449 agro
801 2409 1016 2450 plantaveris,

328 2456 472 2497 quinque
487 2457 591 2497 pedes
605 2466 625 2487 a
640 2458 748 2488 vicino
764 2458 902 2499 abesto:
917 2461 979 2491 &c.

369 2507 410 2536 24
434 2505 563 2536 Foederu
576 2515 695 2546 regum,
714 2506 783 2547 ξω]
807 2507 1016 2549 Duplexque·

329 2558 378 2584 tat
395 2552 525 2584 foedns:
547 2554 690 2586 alterum
717 2565 735 2586 a
759 2556 940 2597 Tarquinio
954 2557 1015 2588 Su-

328 2604 433 2643 perbo
459 2613 534 2635 cum
561 2605 672 2644 captis
694 2605 821 2636 civibus
836 2606 965 2646 Gabiis,
981 2607 1015 2638 in

328 2652 401 2691 ipsa
430 2652 531 2684 urbe:
562 2653 704 2684 alterum
732 2663 750 2684 a
773 2654 912 2686 Romulo
939 2664 1014 2687 cnm

327 2701 409 2731 Tito
431 2701 530 2732 Tatio
551 2702 749 2734 Sabinorum
775 2712 872 2743 rege3
895 2708 930 2735 et
954 2705 1015 2736 boc

329 2751 339 2767 ⁶
357 2750 552 2790 aequatum‚'
578 2751 648 2782 sive
664 2752 767 2792 oequis
785 2751 911 2784 factum
937 2762 1016 2784 con-

330 2797 530 2837 ditionibus3
568 2808 632 2829 non
661 2805 771 2832 autem
802 2801 893 2842 prius
922 2802 1016 2841 illud,

1067 1583 1156 1623 quod
1170 1584 1315 1625 iniquum
1333 1584 1443 1624 potius
1458 1583 1605 1615 dicatur:
1625 1584 1753 1616 utbene

1067 1631 1225 1663 observat
1250 1632 1376 1663 Theod.
1405 1633 1536 1663 Marcii.
1575 1633 1630 1663 De
1652 1632 1754 1673 priori

1067 1679 1194 1710 soedere
1208 1680 1305 1712 Dion.
1319 1681 1429 1712 Hauc.
1446 1680 1502 1711 lib.
1518 1689 1566 1712 ιν.
1582 1681 1624 1711 de
1640 1688 1752 1722 poste·

1069 1729 1146 1759 riori
1172 1730 1228 1760 lib.
1252 1738 1291 1760 ιι.
1313 1729 1370 1760 ubi
1399 1729 1515 1760 scribit
1533 1730 1752 1762 constitutum

1068 1786 1154 1817 esse,
1171 1782 1207 1809 ut
1230 1780 1240 1795 ‘
1258 1778 1374 1809 Romae
1397 1787 1495 1818 reges
1521 1782 1634 1819 essent
1657 1787 1753 1820 arque

1069 1826 1227 1858 Romulus
1254 1831 1289 1857 et
1313 1827 1441 1866 '1¹atins,
1469 1827 1605 1868 paribus
1637 1826 1756 1859 suffra-

1068 1875 1141 1914 giis,
1155 1880 1191 1907 et
1204 1875 1381 1917 aequaliter
1402 1875 1580 1908 honoribus
1604 1874 1754 1908 frueren-

1069 1924 1146 1955 tur-³

1109 1976 1149 2004 25
1185 1973 1311 2012 Gabiis]
1351 1974 1405 2004 De
1435 1973 1485 2004 liis
1522 1973 1597 2006 Liv.
1632 1973 1691 2005 lib.
1726 1983 1765 2006 1.-

1068 2021 1156 2052 Vide
1183 2022 1264 2052 Not.
1290 2025 1422 2052 nostras
1447 2030 1472 2053 1.
1501 2022 1608 2062 Epist.
1637 2023 1688 2053 11.
1717 2027 1754 2054 ct

1069 2072 1121 2100 15.

1108 2116 1249 2158 Sabinis]
1295 2119 1368 2150 Liv.
1405 2118 1464 2150 cit.
1497 2127 1556 2150 nos
1590 2119 1632 2150 ad
1662 2120 1752 2159 Epo·

1066 2166 1132 2197 don
1147 2175 1188 2197 n.

1108 2219 1150 2247 26
1175 2215 1360 2256 Pontificum
1373 2214 1482 2255 libros]
1505 2216 1716 2256 Composito»
1733 2226 1753 2248 a

1069 2265 1191 2304 Numa,
1221 2265 1434 2295 continentes
1461 2265 1544 2295 ritus
1572 2264 1752 2296 sacrificio-

1067 2323 1152 2352 rum,
1168 2313 1392 2353 precationes,
1406 2314 1469 2344 &c.
1494 2312 1639 2344 Annales
1652 2314 1754 2346 etiam

1068 2361 1246 2401 significari
1273 2362 1399 2393 volunt.
1432 2362 1503 2393 Cic.
1531 2361 1574 2392 de
1602 2361 1699 2393 Orat.
1729 2371 1755 2395 ι.

1066 2420 1099 2442 ιι.
1118 2413 1190 2442 193.
1233 2410 1242 2428 ‘
1259 2410 1299 2441 In
1320 2410 1397 2450 jure
1414 2410 1515 2450 civili,
1531 2415 1566 2442 et
1587 2410 1620 2442 in
1636 2411 1752 2444 Ponu-

1067 2459 1165 2491 ficum
1182 2459 1291 2498 libris,
1316 2464 1351 2490 et
1377 2458 1411 2489 in
1438 2458 1614 2491 duodecim
1631 2460 1753 2492 tabulis

1069 2508 1212 2549 plurima
1252 2512 1305 2538 est
1347 2507 1561 2548 antiquitatis
1603 2507 1752 2550 effigies:

1068 2558 1156 2598 qnod
1175 2561 1210 2588 et
1244 2557 1418 2588 verborum
1457 2556 1568 2596 prisca
1603 2562 1754 2591 vetusto·

1066 2607 1292 2648 cognoscitur,
1323 2611 1358 2637 et
1399 2607 1567 2638 actionum
1599 2607 1752 2648 quoednm

1067 2665 1192 2696 genera
1218 2656 1380 2696 majorum
1407 2655 1682 2688 consuetudinem
1709 2657 1755 2688 vi-

1069 2710 1205 2746 tamque
1220 2703 1416 2736 declarant.’

1110 2755 1234 2786 Annam
1255 2752 1408 2784 volumina
1429 2752 1548 2792 vatum]
1569 2751 1657 2783 Attii
1681 2752 1751 2785 Na·

1069 2803 1122 2839 vii,
1138 2801 1226 2843 apud
1243 2801 1312 2833 Cic.
1327 2800 1368 2831 de
1390 2800 1505 2832 Divin.
1548 2801 1684 2833 Servius
1706 2801 1748 2834 ad
