<?xml version="1.0" encoding="UTF-8"?>
<!DOCTYPE html PUBLIC "-//W3C//DTD XHTML 1.0 Transitional//EN"
    "http://www.w3.org/TR/xhtml1/DTD/xhtml1-transitional.dtd">
<html xmlns="http://www.w3.org/1999/xhtml" xml:lang="en" lang="en">
 <head>
  <title>
</title>
<meta http-equiv="Content-Type" content="text/html;charset=utf-8" />
  <meta name='ocr-system' content='tesseract 3.04.00' />
  <meta name='ocr-capabilities' content='ocr_page ocr_carea ocr_par ocr_line ocrx_word'/>
</head>
<body>
  <div class='ocr_page' id='page_1' title='image "./operazeune03horauoft/operazeune03horauoft_0294.png"; bbox 0 0 1916 3262; ppageno 0'>
   <div class='ocr_carea' id='block_1_1' title="bbox 355 277 466 318">
    <p class='ocr_par' dir='ltr' id='par_1_1' title="bbox 355 277 466 318">
     <span class='ocr_line' id='line_1_1' title="bbox 355 277 466 318; baseline 0.009 -1"><span class='ocrx_word' id='word_1_1' title='bbox 355 277 466 318; x_wconf 75' lang='lat'>1440</span> 
     </span>
    </p>
   </div>
   <div class='ocr_carea' id='block_1_2' title="bbox 346 377 1041 2768">
    <p class='ocr_par' dir='ltr' id='par_1_2' title="bbox 354 377 1038 466">
     <span class='ocr_line' id='line_1_2' title="bbox 354 377 996 418; baseline 0.002 -8"><span class='ocrx_word' id='word_1_2' title='bbox 354 384 440 418; x_wconf 74' lang='lat' dir='ltr'><strong>rum,</strong></span> <span class='ocrx_word' id='word_1_3' title='bbox 453 380 518 410; x_wconf 67' lang='grc' dir='ltr'>διε.</span> <span class='ocrx_word' id='word_1_4' title='bbox 555 377 638 418; x_wconf 82' lang='lat' dir='ltr'><strong>[Alii</strong></span> <span class='ocrx_word' id='word_1_5' title='bbox 654 387 708 417; x_wconf 83' lang='lat' dir='ltr'><strong>ap.</strong></span> <span class='ocrx_word' id='word_1_6' title='bbox 721 377 842 418; x_wconf 82' lang='lat' dir='ltr'><strong>Jaeck,</strong></span> <span class='ocrx_word' id='word_1_7' title='bbox 856 377 996 418; x_wconf 60' lang='lat' dir='ltr'><strong>tendest]</strong></span> 
     </span>
     <span class='ocr_line' id='line_1_3' title="bbox 394 426 1038 466; baseline -0.006 -7"><span class='ocrx_word' id='word_1_8' title='bbox 394 430 435 459; x_wconf 75' lang='lat'><strong>⁷1</strong></span> <span class='ocrx_word' id='word_1_9' title='bbox 459 429 504 458; x_wconf 75' lang='lat' dir='ltr'><strong>Et</strong></span> <span class='ocrx_word' id='word_1_10' title='bbox 524 437 647 466; x_wconf 84' lang='lat' dir='ltr'><strong>magna,</strong></span> <span class='ocrx_word' id='word_1_11' title='bbox 669 426 739 466; x_wconf 52' lang='lat' dir='ltr'><strong>mu]</strong></span> <span class='ocrx_word' id='word_1_12' title='bbox 766 427 810 458; x_wconf 84' lang='lat' dir='ltr'><strong>Et</strong></span> <span class='ocrx_word' id='word_1_13' title='bbox 831 427 956 465; x_wconf 12' lang='lat' dir='ltr'><strong>,desine</strong></span> <span class='ocrx_word' id='word_1_14' title='bbox 986 435 1038 457; x_wconf 82' lang='lat' dir='ltr'><strong>res</strong></span> 
     </span>
    </p>

    <p class='ocr_par' dir='ltr' id='par_1_3' title="bbox 352 475 1039 517">
     <span class='ocr_line' id='line_1_4' title="bbox 352 475 1039 517; baseline -0.001 -9"><span class='ocrx_word' id='word_1_15' title='bbox 352 477 478 517; x_wconf 77' lang='lat' dir='ltr'><strong>amplas</strong></span> <span class='ocrx_word' id='word_1_16' title='bbox 495 476 624 517; x_wconf 83' lang='lat' dir='ltr'><strong>Lyricis</strong></span> <span class='ocrx_word' id='word_1_17' title='bbox 648 475 931 507; x_wconf 79' lang='lat' dir='ltr'><strong>modulationibus</strong></span> <span class='ocrx_word' id='word_1_18' title='bbox 945 481 1039 507; x_wconf 84' lang='lat' dir='ltr'><strong>exte-</strong></span> 
     </span>
    </p>

    <p class='ocr_par' dir='ltr' id='par_1_4' title="bbox 349 533 466 556">
     <span class='ocr_line' id='line_1_5' title="bbox 349 533 466 556; baseline 0 0"><span class='ocrx_word' id='word_1_19' title='bbox 349 533 466 556; x_wconf 84' lang='lat' dir='ltr'><strong>nuare.</strong></span> 
     </span>
    </p>

    <p class='ocr_par' dir='ltr' id='par_1_5' title="bbox 353 573 1040 860">
     <span class='ocr_line' id='line_1_6' title="bbox 353 573 1040 614; baseline -0.001 -8"><span class='ocrx_word' id='word_1_20' title='bbox 353 574 438 606; x_wconf 82' lang='lat' dir='ltr'><strong>Om:</strong></span> <span class='ocrx_word' id='word_1_21' title='bbox 460 585 512 607; x_wconf 87' lang='grc' dir='ltr'>ιν.</span> <span class='ocrx_word' id='word_1_22' title='bbox 536 573 786 614; x_wconf 80' lang='grc' dir='ltr'>Προσφωνητική.</span> <span class='ocrx_word' id='word_1_23' title='bbox 828 574 939 606; x_wconf 68' lang='lat' dir='ltr'><strong>Poeta</strong></span> <span class='ocrx_word' id='word_1_24' title='bbox 958 583 994 606; x_wconf 86' lang='lat' dir='ltr'><strong>se</strong></span> <span class='ocrx_word' id='word_1_25' title='bbox 1020 584 1040 605; x_wconf 82' lang='lat' dir='ltr'><strong>a</strong></span> 
     </span>
     <span class='ocr_line' id='line_1_7' title="bbox 392 624 1040 664; baseline -0.003 -8"><span class='ocrx_word' id='word_1_26' title='bbox 392 625 507 656; x_wconf 88' lang='lat' dir='ltr'><strong>multis</strong></span> <span class='ocrx_word' id='word_1_27' title='bbox 518 625 676 664; x_wconf 83' lang='lat' dir='ltr'><strong>periculis</strong></span> <span class='ocrx_word' id='word_1_28' title='bbox 685 624 858 654; x_wconf 83' lang='lat' dir='ltr'>Musarum</span> <span class='ocrx_word' id='word_1_29' title='bbox 869 633 932 664; x_wconf 90' lang='lat' dir='ltr'><strong>ope</strong></span> <span class='ocrx_word' id='word_1_30' title='bbox 945 633 1040 664; x_wconf 85' lang='lat' dir='ltr'><strong>erep-</strong></span> 
     </span>
     <span class='ocr_line' id='line_1_8' title="bbox 393 671 1038 713; baseline 0 -10"><span class='ocrx_word' id='word_1_31' title='bbox 393 678 463 703; x_wconf 90' lang='lat' dir='ltr'><strong>tum</strong></span> <span class='ocrx_word' id='word_1_32' title='bbox 479 671 583 703; x_wconf 83' lang='lat' dir='ltr'><strong>fuisse</strong></span> <span class='ocrx_word' id='word_1_33' title='bbox 598 672 693 711; x_wconf 79' lang='lat' dir='ltr'><strong>dicit,</strong></span> <span class='ocrx_word' id='word_1_34' title='bbox 719 672 937 713; x_wconf 88' lang='lat' dir='ltr'><strong>omnibusque</strong></span> <span class='ocrx_word' id='word_1_35' title='bbox 951 673 1038 703; x_wconf 88' lang='lat' dir='ltr'><strong>male</strong></span> 
     </span>
     <span class='ocr_line' id='line_1_9' title="bbox 392 721 1038 762; baseline -0.002 -10"><span class='ocrx_word' id='word_1_36' title='bbox 392 721 544 760; x_wconf 80' lang='lat' dir='ltr'>cessisse,</span> <span class='ocrx_word' id='word_1_37' title='bbox 572 721 628 762; x_wconf 88' lang='lat' dir='ltr'><strong>qui</strong></span> <span class='ocrx_word' id='word_1_38' title='bbox 657 721 833 752; x_wconf 83' lang='lat' dir='ltr'><strong>adversum</strong></span> <span class='ocrx_word' id='word_1_39' title='bbox 861 721 952 752; x_wconf 82' lang='lat' dir='ltr'><strong>Deos</strong></span> <span class='ocrx_word' id='word_1_40' title='bbox 980 721 1038 751; x_wconf 91' lang='lat' dir='ltr'><strong>ali-</strong></span> 
     </span>
     <span class='ocr_line' id='line_1_10' title="bbox 395 769 1036 811; baseline -0.002 -11"><span class='ocrx_word' id='word_1_41' title='bbox 395 769 475 811; x_wconf 83' lang='lat' dir='ltr'><strong>quid</strong></span> <span class='ocrx_word' id='word_1_42' title='bbox 491 769 599 800; x_wconf 86' lang='lat' dir='ltr'><strong>moliri</strong></span> <span class='ocrx_word' id='word_1_43' title='bbox 616 770 794 800; x_wconf 81' lang='lat' dir='ltr'><strong>voluerint.</strong></span> <span class='ocrx_word' id='word_1_44' title='bbox 836 769 904 810; x_wconf 80' lang='lat' dir='ltr'><strong>[Ad</strong></span> <span class='ocrx_word' id='word_1_45' title='bbox 922 769 1036 799; x_wconf 81' lang='lat' dir='ltr'><strong>Callio-</strong></span> 
     </span>
     <span class='ocr_line' id='line_1_11' title="bbox 389 819 796 860; baseline -0.005 -9"><span class='ocrx_word' id='word_1_46' title='bbox 389 830 449 860; x_wconf 77' lang='lat' dir='ltr'><strong>pe‘n</strong></span> <span class='ocrx_word' id='word_1_47' title='bbox 463 820 589 850; x_wconf 82' lang='lat' dir='ltr'><strong><em>Musam</em></strong></span> <span class='ocrx_word' id='word_1_48' title='bbox 603 819 796 858; x_wconf 84' lang='lat' dir='ltr'><strong>Bamberg.]</strong></span> 
     </span>
    </p>

    <p class='ocr_par' dir='ltr' id='par_1_6' title="bbox 347 867 1041 1394">
     <span class='ocr_line' id='line_1_12' title="bbox 395 867 1038 908; baseline -0.003 -8"><span class='ocrx_word' id='word_1_49' title='bbox 395 872 412 900; x_wconf 90' lang='lat'>1</span> <span class='ocrx_word' id='word_1_50' title='bbox 435 869 593 900; x_wconf 77' lang='lat' dir='ltr'><strong><em>Descende</em></strong></span> <span class='ocrx_word' id='word_1_51' title='bbox 625 867 713 908; x_wconf 84' lang='lat' dir='ltr'><strong><em>coelo]</em></strong></span> <span class='ocrx_word' id='word_1_52' title='bbox 749 868 912 899; x_wconf 82' lang='lat' dir='ltr'><strong>Veterum</strong></span> <span class='ocrx_word' id='word_1_53' title='bbox 947 876 1038 898; x_wconf 84' lang='lat' dir='ltr'><strong>more</strong></span> 
     </span>
     <span class='ocr_line' id='line_1_13' title="bbox 351 918 1038 958; baseline -0.001 -9"><span class='ocrx_word' id='word_1_54' title='bbox 351 918 525 958; x_wconf 87' lang='lat' dir='ltr'><strong>Calliopen</strong></span> <span class='ocrx_word' id='word_1_55' title='bbox 541 918 617 949; x_wconf 86' lang='lat' dir='ltr'><strong>huic</strong></span> <span class='ocrx_word' id='word_1_56' title='bbox 634 918 767 958; x_wconf 84' lang='lat' dir='ltr'><strong>Hymno</strong></span> <span class='ocrx_word' id='word_1_57' title='bbox 789 927 808 949; x_wconf 91' lang='lat' dir='ltr'><strong>e</strong></span> <span class='ocrx_word' id='word_1_58' title='bbox 831 919 916 949; x_wconf 86' lang='lat' dir='ltr'><strong>coelo</strong></span> <span class='ocrx_word' id='word_1_59' title='bbox 937 918 1038 949; x_wconf 90' lang='lat' dir='ltr'><strong>advo-</strong></span> 
     </span>
     <span class='ocr_line' id='line_1_14' title="bbox 350 967 1037 998; baseline -0.003 0"><span class='ocrx_word' id='word_1_60' title='bbox 350 971 425 998; x_wconf 79' lang='lat' dir='ltr'><strong>cat:</strong></span> <span class='ocrx_word' id='word_1_61' title='bbox 447 967 573 998; x_wconf 81' lang='lat' dir='ltr'><strong>habent</strong></span> <span class='ocrx_word' id='word_1_62' title='bbox 589 967 678 998; x_wconf 90' lang='lat' dir='ltr'><strong>enim</strong></span> <span class='ocrx_word' id='word_1_63' title='bbox 705 967 812 997; x_wconf 82' lang='lat' dir='ltr'><strong>Musae</strong></span> <span class='ocrx_word' id='word_1_64' title='bbox 836 976 914 997; x_wconf 89' lang='lat' dir='ltr'><strong>suas</strong></span> <span class='ocrx_word' id='word_1_65' title='bbox 936 967 1037 997; x_wconf 86' lang='lat' dir='ltr'><strong>etiam</strong></span> 
     </span>
     <span class='ocr_line' id='line_1_15' title="bbox 347 1015 1038 1056; baseline 0 -11"><span class='ocrx_word' id='word_1_66' title='bbox 347 1015 383 1045; x_wconf 91' lang='lat' dir='ltr'><strong>in</strong></span> <span class='ocrx_word' id='word_1_67' title='bbox 407 1015 491 1046; x_wconf 85' lang='lat' dir='ltr'><strong>coelo</strong></span> <span class='ocrx_word' id='word_1_68' title='bbox 513 1015 622 1050; x_wconf 87' lang='lat' dir='ltr'><strong>sedes,</strong></span> <span class='ocrx_word' id='word_1_69' title='bbox 645 1021 680 1045; x_wconf 89' lang='lat' dir='ltr'><strong>et</strong></span> <span class='ocrx_word' id='word_1_70' title='bbox 695 1015 828 1056; x_wconf 84' lang='lat' dir='ltr'><strong>quidem</strong></span> <span class='ocrx_word' id='word_1_71' title='bbox 853 1015 1038 1055; x_wconf 87' lang='lat' dir='ltr'><strong>distinctas,</strong></span> 
     </span>
     <span class='ocr_line' id='line_1_16' title="bbox 349 1063 1037 1103; baseline 0.003 -10"><span class='ocrx_word' id='word_1_72' title='bbox 349 1073 411 1103; x_wconf 86' lang='lat' dir='ltr'><strong>pro</strong></span> <span class='ocrx_word' id='word_1_73' title='bbox 426 1064 588 1103; x_wconf 86' lang='lat' dir='ltr'><strong>cujusque</strong></span> <span class='ocrx_word' id='word_1_74' title='bbox 604 1063 784 1103; x_wconf 79' lang='lat' dir='ltr'><strong>dignitate.</strong></span> <span class='ocrx_word' id='word_1_75' title='bbox 828 1064 981 1095; x_wconf 87' lang='lat' dir='ltr'><strong>Macrob.</strong></span> <span class='ocrx_word' id='word_1_76' title='bbox 996 1073 1037 1095; x_wconf 83' lang='lat'><strong>11.</strong></span> 
     </span>
     <span class='ocr_line' id='line_1_17' title="bbox 349 1111 1041 1151; baseline 0.004 -10"><span class='ocrx_word' id='word_1_77' title='bbox 349 1111 383 1141; x_wconf 89' lang='lat' dir='ltr'><strong>in</strong></span> <span class='ocrx_word' id='word_1_78' title='bbox 399 1111 510 1141; x_wconf 89' lang='lat' dir='ltr'><strong>Somn.</strong></span> <span class='ocrx_word' id='word_1_79' title='bbox 525 1111 703 1151; x_wconf 82' lang='lat' dir='ltr'><strong>Scipionis.</strong></span> <span class='ocrx_word' id='word_1_80' title='bbox 719 1113 859 1142; x_wconf 70' lang='lat' dir='ltr'><strong>Torreat.</strong></span> <span class='ocrx_word' id='word_1_81' title='bbox 904 1112 1041 1144; x_wconf 82' lang='lat' dir='ltr'><strong>Descen-</strong></span> 
     </span>
     <span class='ocr_line' id='line_1_18' title="bbox 347 1159 1040 1202; baseline 0.004 -12"><span class='ocrx_word' id='word_1_82' title='bbox 347 1160 402 1200; x_wconf 82' lang='lat' dir='ltr'><strong>de]</strong></span> <span class='ocrx_word' id='word_1_83' title='bbox 427 1159 522 1191; x_wconf 89' lang='lat' dir='ltr'><strong>Ordo</strong></span> <span class='ocrx_word' id='word_1_84' title='bbox 537 1164 607 1191; x_wconf 87' lang='lat' dir='ltr'><strong>est:</strong></span> <span class='ocrx_word' id='word_1_85' title='bbox 625 1160 657 1191; x_wconf 88' lang='grc' dir='ltr'><strong>Ο</strong></span> <span class='ocrx_word' id='word_1_86' title='bbox 676 1161 804 1201; x_wconf 80' lang='lat' dir='ltr'><strong>Regina</strong></span> <span class='ocrx_word' id='word_1_87' title='bbox 815 1161 967 1202; x_wconf 83' lang='lat' dir='ltr'><strong>Calliope</strong></span> <span class='ocrx_word' id='word_1_88' title='bbox 984 1163 1040 1193; x_wconf 90' lang='lat' dir='ltr'><strong>de-</strong></span> 
     </span>
     <span class='ocr_line' id='line_1_19' title="bbox 349 1207 1039 1251; baseline 0.004 -13"><span class='ocrx_word' id='word_1_89' title='bbox 349 1207 472 1239; x_wconf 88' lang='lat' dir='ltr'><strong>scende</strong></span> <span class='ocrx_word' id='word_1_90' title='bbox 488 1209 571 1239; x_wconf 85' lang='lat' dir='ltr'><strong>coelo</strong></span> <span class='ocrx_word' id='word_1_91' title='bbox 586 1213 622 1239; x_wconf 89' lang='lat' dir='ltr'><strong>et</strong></span> <span class='ocrx_word' id='word_1_92' title='bbox 637 1218 711 1248; x_wconf 81' lang='lat' dir='ltr'><strong>age,</strong></span> <span class='ocrx_word' id='word_1_93' title='bbox 734 1209 789 1240; x_wconf 90' lang='lat' dir='ltr'><strong>dic</strong></span> <span class='ocrx_word' id='word_1_94' title='bbox 805 1209 890 1241; x_wconf 90' lang='lat' dir='ltr'><strong>tibia</strong></span> <span class='ocrx_word' id='word_1_95' title='bbox 905 1211 1039 1251; x_wconf 82' lang='lat' dir='ltr'><strong>longum</strong></span> 
     </span>
     <span class='ocr_line' id='line_1_20' title="bbox 348 1257 1038 1298; baseline 0.007 -11"><span class='ocrx_word' id='word_1_96' title='bbox 348 1257 472 1296; x_wconf 86' lang='lat' dir='ltr'><strong>Melos,</strong></span> <span class='ocrx_word' id='word_1_97' title='bbox 484 1257 518 1288; x_wconf 88' lang='lat' dir='ltr'><strong>id</strong></span> <span class='ocrx_word' id='word_1_98' title='bbox 535 1262 599 1293; x_wconf 85' lang='lat' dir='ltr'><strong>est,</strong></span> <span class='ocrx_word' id='word_1_99' title='bbox 615 1258 747 1298; x_wconf 81' lang='lat' dir='ltr'><strong>longam</strong></span> <span class='ocrx_word' id='word_1_100' title='bbox 763 1263 798 1290; x_wconf 89' lang='lat' dir='ltr'><strong>et</strong></span> <span class='ocrx_word' id='word_1_101' title='bbox 813 1269 945 1291; x_wconf 77' lang='lat' dir='ltr'><strong>suavem</strong></span> <span class='ocrx_word' id='word_1_102' title='bbox 961 1270 1038 1292; x_wconf 86' lang='lat' dir='ltr'><strong>can-</strong></span> 
     </span>
     <span class='ocr_line' id='line_1_21' title="bbox 351 1306 1038 1347; baseline 0.007 -11"><span class='ocrx_word' id='word_1_103' title='bbox 351 1306 500 1337; x_wconf 86' lang='lat' dir='ltr'><strong>tilenam.</strong></span> <span class='ocrx_word' id='word_1_104' title='bbox 546 1307 643 1347; x_wconf 84' lang='lat' dir='ltr'><strong>Coelo]</strong></span> <span class='ocrx_word' id='word_1_105' title='bbox 658 1307 798 1339; x_wconf 86' lang='lat' dir='ltr'><strong>Habent</strong></span> <span class='ocrx_word' id='word_1_106' title='bbox 814 1309 922 1340; x_wconf 86' lang='lat' dir='ltr'><strong>Musae</strong></span> <span class='ocrx_word' id='word_1_107' title='bbox 936 1310 1038 1341; x_wconf 88' lang='lat' dir='ltr'><strong>etiam</strong></span> 
     </span>
     <span class='ocr_line' id='line_1_22' title="bbox 347 1353 891 1394; baseline 0.007 -10"><span class='ocrx_word' id='word_1_108' title='bbox 347 1353 461 1385; x_wconf 74' lang='lat' dir='ltr'><strong>sedem</strong></span> <span class='ocrx_word' id='word_1_109' title='bbox 477 1355 510 1385; x_wconf 91' lang='lat' dir='ltr'><strong>in</strong></span> <span class='ocrx_word' id='word_1_110' title='bbox 527 1356 624 1394; x_wconf 72' lang='lat' dir='ltr'><strong>coelo,</strong></span> <span class='ocrx_word' id='word_1_111' title='bbox 642 1360 678 1386; x_wconf 90' lang='lat' dir='ltr'><strong>ut</strong></span> <span class='ocrx_word' id='word_1_112' title='bbox 692 1356 787 1387; x_wconf 83' lang='lat' dir='ltr'><strong>Jovis</strong></span> <span class='ocrx_word' id='word_1_113' title='bbox 801 1356 891 1388; x_wconf 84' lang='lat' dir='ltr'><strong>filiae.</strong></span> 
     </span>
    </p>

    <p class='ocr_par' dir='ltr' id='par_1_7' title="bbox 393 1402 925 1445">
     <span class='ocr_line' id='line_1_23' title="bbox 393 1402 925 1445; baseline 0.002 -11"><span class='ocrx_word' id='word_1_114' title='bbox 393 1402 430 1442; x_wconf 75' lang='lat'><strong>[3</strong></span> <span class='ocrx_word' id='word_1_115' title='bbox 451 1403 678 1435; x_wconf 87' lang='lat' dir='ltr'><strong>Schoenborn.</strong></span> <span class='ocrx_word' id='word_1_116' title='bbox 691 1407 722 1436; x_wconf 81' lang='grc'><strong>2.</strong></span> <span class='ocrx_word' id='word_1_117' title='bbox 735 1414 791 1435; x_wconf 78' lang='lat' dir='ltr'><strong>nec</strong></span> <span class='ocrx_word' id='word_1_118' title='bbox 804 1405 925 1445; x_wconf 57' lang='lat' dir='ltr'><strong>maius]</strong></span> 
     </span>
    </p>

    <p class='ocr_par' dir='ltr' id='par_1_8' title="bbox 349 1453 1035 1542">
     <span class='ocr_line' id='line_1_24' title="bbox 391 1453 1035 1494; baseline 0.003 -10"><span class='ocrx_word' id='word_1_119' title='bbox 391 1456 413 1484; x_wconf 83' lang='grc'>4</span> <span class='ocrx_word' id='word_1_120' title='bbox 449 1453 623 1494; x_wconf 69' lang='lat' dir='ltr'><strong>cythara-&gt;e</strong></span> <span class='ocrx_word' id='word_1_121' title='bbox 658 1453 782 1493; x_wconf 73' lang='lat' dir='ltr'><strong>Phoebi]</strong></span> <span class='ocrx_word' id='word_1_122' title='bbox 839 1455 870 1486; x_wconf 92' lang='lat' dir='ltr'><strong>A</strong></span> <span class='ocrx_word' id='word_1_123' title='bbox 907 1454 1035 1486; x_wconf 83' lang='lat' dir='ltr'><strong>Phoebo</strong></span> 
     </span>
     <span class='ocr_line' id='line_1_25' title="bbox 349 1502 952 1542; baseline -0.002 -9"><span class='ocrx_word' id='word_1_124' title='bbox 349 1511 471 1542; x_wconf 85' lang='lat' dir='ltr'><strong>nempe</strong></span> <span class='ocrx_word' id='word_1_125' title='bbox 487 1502 635 1533; x_wconf 80' lang='lat' dir='ltr'><strong>inventa.</strong></span> <span class='ocrx_word' id='word_1_126' title='bbox 677 1502 766 1533; x_wconf 89' lang='lat' dir='ltr'><strong>Vide</strong></span> <span class='ocrx_word' id='word_1_127' title='bbox 782 1512 806 1533; x_wconf 90' lang='grc' dir='ltr'>ι.</span> <span class='ocrx_word' id='word_1_128' title='bbox 824 1502 890 1534; x_wconf 86' lang='lat' dir='ltr'><strong>Od.</strong></span> <span class='ocrx_word' id='word_1_129' title='bbox 901 1506 952 1534; x_wconf 82' lang='lat'><strong>21.</strong></span> 
     </span>
    </p>

    <p class='ocr_par' dir='ltr' id='par_1_9' title="bbox 347 1552 1038 1886">
     <span class='ocr_line' id='line_1_26' title="bbox 391 1552 1037 1592; baseline 0.002 -10"><span class='ocrx_word' id='word_1_130' title='bbox 391 1556 410 1582; x_wconf 85' lang='lat'><strong>5</strong></span> <span class='ocrx_word' id='word_1_131' title='bbox 433 1552 582 1583; x_wconf 78' lang='lat' dir='ltr'><strong>Auditis?</strong></span> <span class='ocrx_word' id='word_1_132' title='bbox 596 1563 634 1583; x_wconf 81' lang='lat' dir='ltr'><strong>an</strong></span> <span class='ocrx_word' id='word_1_133' title='bbox 647 1553 708 1592; x_wconf 87' lang='lat' dir='ltr'><strong>me]</strong></span> <span class='ocrx_word' id='word_1_134' title='bbox 721 1552 856 1583; x_wconf 87' lang='lat' dir='ltr'><strong>Sodales</strong></span> <span class='ocrx_word' id='word_1_135' title='bbox 867 1553 945 1591; x_wconf 89' lang='lat' dir='ltr'><strong>mei,</strong></span> <span class='ocrx_word' id='word_1_136' title='bbox 956 1562 1037 1583; x_wconf 89' lang='lat' dir='ltr'><strong>nnn-</strong></span> 
     </span>
     <span class='ocr_line' id='line_1_27' title="bbox 349 1601 1034 1642; baseline 0.001 -11"><span class='ocrx_word' id='word_1_137' title='bbox 349 1601 429 1642; x_wconf 88' lang='lat' dir='ltr'><strong>quid</strong></span> <span class='ocrx_word' id='word_1_138' title='bbox 447 1601 567 1631; x_wconf 84' lang='lat' dir='ltr'><strong>auditis</strong></span> <span class='ocrx_word' id='word_1_139' title='bbox 585 1601 759 1641; x_wconf 83' lang='lat' dir='ltr'><strong>Calliopen</strong></span> <span class='ocrx_word' id='word_1_140' title='bbox 782 1606 971 1641; x_wconf 83' lang='lat' dir='ltr'><strong>canentem,</strong></span> <span class='ocrx_word' id='word_1_141' title='bbox 994 1612 1034 1632; x_wconf 87' lang='lat' dir='ltr'><strong>an</strong></span> 
     </span>
     <span class='ocr_line' id='line_1_28' title="bbox 349 1647 1038 1689; baseline 0 -9"><span class='ocrx_word' id='word_1_142' title='bbox 349 1659 404 1680; x_wconf 84' lang='lat' dir='ltr'><strong>me</strong></span> <span class='ocrx_word' id='word_1_143' title='bbox 428 1647 517 1679; x_wconf 82' lang='lat' dir='ltr'><strong>fallit</strong></span> <span class='ocrx_word' id='word_1_144' title='bbox 542 1649 674 1689; x_wconf 68' lang='lat' dir='ltr'><strong>poetica</strong></span> <span class='ocrx_word' id='word_1_145' title='bbox 693 1650 842 1680; x_wconf 82' lang='lat' dir='ltr'><strong>insania?</strong></span> <span class='ocrx_word' id='word_1_146' title='bbox 886 1650 1038 1681; x_wconf 82' lang='lat' dir='ltr'><strong>Amabilis</strong></span> 
     </span>
     <span class='ocr_line' id='line_1_29' title="bbox 349 1697 1037 1740; baseline 0.004 -13"><span class='ocrx_word' id='word_1_147' title='bbox 349 1697 485 1738; x_wconf 74' lang='lat' dir='ltr'><strong>insania]</strong></span> <span class='ocrx_word' id='word_1_148' title='bbox 505 1697 561 1729; x_wconf 91' lang='lat' dir='ltr'><strong>Sic</strong></span> <span class='ocrx_word' id='word_1_149' title='bbox 575 1707 617 1728; x_wconf 92' lang='grc' dir='ltr'><strong>ιι.</strong></span> <span class='ocrx_word' id='word_1_150' title='bbox 634 1699 744 1738; x_wconf 83' lang='lat' dir='ltr'><strong>Epist.</strong></span> <span class='ocrx_word' id='word_1_151' title='bbox 755 1702 787 1729; x_wconf 82' lang='lat'><strong>2.</strong></span> <span class='ocrx_word' id='word_1_152' title='bbox 800 1699 810 1716; x_wconf 93' lang='lat'>‘</span> <span class='ocrx_word' id='word_1_153' title='bbox 822 1699 948 1730; x_wconf 82' lang='lat' dir='ltr'><strong>Mentis</strong></span> <span class='ocrx_word' id='word_1_154' title='bbox 963 1709 1037 1740; x_wconf 85' lang='lat' dir='ltr'><strong>gra-</strong></span> 
     </span>
     <span class='ocr_line' id='line_1_30' title="bbox 349 1747 1038 1789; baseline 0.003 -12"><span class='ocrx_word' id='word_1_155' title='bbox 349 1747 496 1778; x_wconf 86' lang='lat' dir='ltr'><strong>tissimus</strong></span> <span class='ocrx_word' id='word_1_156' title='bbox 513 1757 603 1778; x_wconf 89' lang='lat' dir='ltr'><strong>error</strong></span> <span class='ocrx_word' id='word_1_157' title='bbox 613 1750 633 1778; x_wconf 72' lang='grc' dir='ltr'><strong>ι’</strong></span> <span class='ocrx_word' id='word_1_158' title='bbox 656 1748 763 1789; x_wconf 83' lang='lat' dir='ltr'><strong>qualis</strong></span> <span class='ocrx_word' id='word_1_159' title='bbox 786 1757 906 1788; x_wconf 83' lang='lat' dir='ltr'><strong>nempe</strong></span> <span class='ocrx_word' id='word_1_160' title='bbox 922 1749 955 1779; x_wconf 91' lang='lat' dir='ltr'><strong>in</strong></span> <span class='ocrx_word' id='word_1_161' title='bbox 971 1758 1038 1779; x_wconf 85' lang='lat' dir='ltr'><strong>ma-</strong></span> 
     </span>
     <span class='ocr_line' id='line_1_31' title="bbox 347 1794 1036 1838; baseline 0.003 -12"><span class='ocrx_word' id='word_1_162' title='bbox 347 1795 452 1827; x_wconf 83' lang='lat' dir='ltr'><strong>niacis</strong></span> <span class='ocrx_word' id='word_1_163' title='bbox 465 1794 544 1838; x_wconf 88' lang='lat' dir='ltr'><strong>(nisi</strong></span> <span class='ocrx_word' id='word_1_164' title='bbox 561 1805 604 1827; x_wconf 89' lang='lat' dir='ltr'><strong>ex</strong></span> <span class='ocrx_word' id='word_1_165' title='bbox 627 1801 699 1827; x_wconf 89' lang='lat' dir='ltr'><strong>atra</strong></span> <span class='ocrx_word' id='word_1_166' title='bbox 719 1796 786 1827; x_wconf 88' lang='lat' dir='ltr'><strong>bile</strong></span> <span class='ocrx_word' id='word_1_167' title='bbox 805 1797 938 1828; x_wconf 85' lang='lat' dir='ltr'><strong>morbus</strong></span> <span class='ocrx_word' id='word_1_168' title='bbox 961 1807 1036 1838; x_wconf 85' lang='lat' dir='ltr'><strong>pro</strong></span> 
     </span>
     <span class='ocr_line' id='line_1_32' title="bbox 348 1843 885 1886; baseline 0.004 -11"><span class='ocrx_word' id='word_1_169' title='bbox 348 1843 508 1886; x_wconf 80' lang='lat' dir='ltr'><strong>cesserit)</strong></span> <span class='ocrx_word' id='word_1_170' title='bbox 524 1845 614 1876; x_wconf 84' lang='lat' dir='ltr'><strong>cerni</strong></span> <span class='ocrx_word' id='word_1_171' title='bbox 629 1846 724 1877; x_wconf 84' lang='lat' dir='ltr'><strong>solet.</strong></span> <span class='ocrx_word' id='word_1_172' title='bbox 746 1846 885 1877; x_wconf 72' lang='lat' dir='ltr'><strong>Torreat.</strong></span> 
     </span>
    </p>

    <p class='ocr_par' dir='ltr' id='par_1_10' title="bbox 347 1894 1039 2080">
     <span class='ocr_line' id='line_1_33' title="bbox 390 1894 1038 1938; baseline 0.005 -13"><span class='ocrx_word' id='word_1_173' title='bbox 390 1897 412 1925; x_wconf 82' lang='lat'><strong>6</strong></span> <span class='ocrx_word' id='word_1_174' title='bbox 433 1894 564 1938; x_wconf 63' lang='lat' dir='ltr'><strong>Audire,</strong></span> <span class='ocrx_word' id='word_1_175' title='bbox 579 1898 610 1926; x_wconf 86' lang='lat' dir='ltr'><strong>et</strong></span> <span class='ocrx_word' id='word_1_176' title='bbox 624 1895 728 1927; x_wconf 81' lang='lat' dir='ltr'><strong>videor</strong></span> <span class='ocrx_word' id='word_1_177' title='bbox 738 1895 822 1936; x_wconf 83' lang='lat' dir='ltr'><strong>pios]</strong></span> <span class='ocrx_word' id='word_1_178' title='bbox 837 1896 963 1928; x_wconf 86' lang='lat' dir='ltr'><strong>Videor</strong></span> <span class='ocrx_word' id='word_1_179' title='bbox 978 1897 1038 1928; x_wconf 86' lang='lat' dir='ltr'><strong>mi·</strong></span> 
     </span>
     <span class='ocr_line' id='line_1_34' title="bbox 349 1942 1039 1986; baseline 0.007 -14"><span class='ocrx_word' id='word_1_180' title='bbox 349 1942 383 1972; x_wconf 87' lang='lat' dir='ltr'><strong>hi</strong></span> <span class='ocrx_word' id='word_1_181' title='bbox 413 1943 530 1975; x_wconf 83' lang='lat' dir='ltr'><strong>audire</strong></span> <span class='ocrx_word' id='word_1_182' title='bbox 560 1944 748 1984; x_wconf 86' lang='lat' dir='ltr'><strong>Calliopen,</strong></span> <span class='ocrx_word' id='word_1_183' title='bbox 781 1945 935 1986; x_wconf 85' lang='lat' dir='ltr'><strong>quodque</strong></span> <span class='ocrx_word' id='word_1_184' title='bbox 963 1946 1039 1986; x_wconf 87' lang='lat' dir='ltr'><strong>ipsa</strong></span> 
     </span>
     <span class='ocr_line' id='line_1_35' title="bbox 348 1990 1038 2034; baseline 0.004 -13"><span class='ocrx_word' id='word_1_185' title='bbox 348 1990 506 2022; x_wconf 84' lang='lat' dir='ltr'><strong>discurrit</strong></span> <span class='ocrx_word' id='word_1_186' title='bbox 522 2001 583 2032; x_wconf 86' lang='lat' dir='ltr'><strong>per</strong></span> <span class='ocrx_word' id='word_1_187' title='bbox 605 1992 698 2022; x_wconf 91' lang='lat' dir='ltr'><strong>lucos</strong></span> <span class='ocrx_word' id='word_1_188' title='bbox 721 1993 804 2032; x_wconf 85' lang='lat' dir='ltr'><strong>pios,</strong></span> <span class='ocrx_word' id='word_1_189' title='bbox 827 1993 860 2024; x_wconf 92' lang='lat' dir='ltr'><strong>id</strong></span> <span class='ocrx_word' id='word_1_190' title='bbox 885 1999 950 2033; x_wconf 84' lang='lat' dir='ltr'><strong>est,</strong></span> <span class='ocrx_word' id='word_1_191' title='bbox 978 2003 1038 2034; x_wconf 87' lang='lat' dir='ltr'><strong>per</strong></span> 
     </span>
     <span class='ocr_line' id='line_1_36' title="bbox 347 2040 798 2080; baseline 0.002 -11"><span class='ocrx_word' id='word_1_192' title='bbox 347 2040 452 2079; x_wconf 85' lang='lat' dir='ltr'><strong>lucos,</strong></span> <span class='ocrx_word' id='word_1_193' title='bbox 467 2050 548 2080; x_wconf 87' lang='lat' dir='ltr'><strong>quos</strong></span> <span class='ocrx_word' id='word_1_194' title='bbox 566 2040 623 2071; x_wconf 90' lang='lat' dir='ltr'><strong>Dii</strong></span> <span class='ocrx_word' id='word_1_195' title='bbox 639 2040 798 2071; x_wconf 86' lang='lat' dir='ltr'><strong>incolunt.</strong></span> 
     </span>
    </p>

    <p class='ocr_par' dir='ltr' id='par_1_11' title="bbox 347 2087 1036 2274">
     <span class='ocr_line' id='line_1_37' title="bbox 391 2087 1036 2126; baseline 0.005 -9"><span class='ocrx_word' id='word_1_196' title='bbox 391 2090 411 2117; x_wconf 87' lang='grc'><strong>7</strong></span> <span class='ocrx_word' id='word_1_197' title='bbox 435 2088 554 2118; x_wconf 79' lang='lat' dir='ltr'><strong>Errare</strong></span> <span class='ocrx_word' id='word_1_198' title='bbox 564 2097 619 2126; x_wconf 88' lang='lat' dir='ltr'><strong>per</strong></span> <span class='ocrx_word' id='word_1_199' title='bbox 634 2087 730 2126; x_wconf 84' lang='lat' dir='ltr'><strong>lucos]</strong></span> <span class='ocrx_word' id='word_1_200' title='bbox 753 2087 792 2118; x_wconf 90' lang='lat' dir='ltr'><strong>In</strong></span> <span class='ocrx_word' id='word_1_201' title='bbox 819 2088 902 2118; x_wconf 83' lang='lat' dir='ltr'><strong>lucis</strong></span> <span class='ocrx_word' id='word_1_202' title='bbox 926 2093 960 2119; x_wconf 83' lang='lat' dir='ltr'><strong>et</strong></span> <span class='ocrx_word' id='word_1_203' title='bbox 981 2098 1036 2120; x_wconf 89' lang='lat' dir='ltr'><strong>ne-</strong></span> 
     </span>
     <span class='ocr_line' id='line_1_38' title="bbox 348 2136 1036 2177; baseline 0 -9"><span class='ocrx_word' id='word_1_204' title='bbox 348 2136 497 2168; x_wconf 83' lang='lat' dir='ltr'><strong>moribus</strong></span> <span class='ocrx_word' id='word_1_205' title='bbox 513 2137 610 2177; x_wconf 88' lang='lat' dir='ltr'><strong>primi</strong></span> <span class='ocrx_word' id='word_1_206' title='bbox 626 2137 786 2176; x_wconf 77' lang='lat' dir='ltr'><strong>homines,</strong></span> <span class='ocrx_word' id='word_1_207' title='bbox 800 2141 833 2168; x_wconf 89' lang='lat' dir='ltr'><strong>et</strong></span> <span class='ocrx_word' id='word_1_208' title='bbox 849 2138 930 2167; x_wconf 86' lang='lat' dir='ltr'><strong>locis</strong></span> <span class='ocrx_word' id='word_1_209' title='bbox 946 2147 1036 2168; x_wconf 84' lang='lat' dir='ltr'><strong>max-</strong></span> 
     </span>
     <span class='ocr_line' id='line_1_39' title="bbox 349 2185 1036 2221; baseline 0 -5"><span class='ocrx_word' id='word_1_210' title='bbox 349 2186 416 2216; x_wconf 88' lang='lat' dir='ltr'><strong>ime</strong></span> <span class='ocrx_word' id='word_1_211' title='bbox 430 2185 602 2221; x_wconf 83' lang='lat' dir='ltr'><strong>solitariis,</strong></span> <span class='ocrx_word' id='word_1_212' title='bbox 627 2186 777 2216; x_wconf 83' lang='lat' dir='ltr'><strong>Deorum</strong></span> <span class='ocrx_word' id='word_1_213' title='bbox 792 2185 932 2216; x_wconf 87' lang='lat' dir='ltr'><strong>delubra</strong></span> <span class='ocrx_word' id='word_1_214' title='bbox 957 2195 1036 2218; x_wconf 88' lang='lat' dir='ltr'><strong>con-</strong></span> 
     </span>
     <span class='ocr_line' id='line_1_40' title="bbox 347 2235 661 2274; baseline -0.003 -9"><span class='ocrx_word' id='word_1_215' title='bbox 347 2235 542 2265; x_wconf 72' lang='lat' dir='ltr'><strong>stituerunt.</strong></span> <span class='ocrx_word' id='word_1_216' title='bbox 567 2235 661 2274; x_wconf 71' lang='lat' dir='ltr'><strong>Cruq.</strong></span> 
     </span>
    </p>

    <p class='ocr_par' dir='ltr' id='par_1_12' title="bbox 346 2283 1038 2668">
     <span class='ocr_line' id='line_1_41' title="bbox 392 2283 1033 2324; baseline 0 -10"><span class='ocrx_word' id='word_1_217' title='bbox 392 2287 412 2314; x_wconf 90' lang='grc'>8</span> <span class='ocrx_word' id='word_1_218' title='bbox 435 2286 532 2324; x_wconf 81' lang='lat' dir='ltr'><strong>Aquoe</strong></span> <span class='ocrx_word' id='word_1_219' title='bbox 557 2283 686 2314; x_wconf 78' lang='lat' dir='ltr'><strong>subeunt</strong></span> <span class='ocrx_word' id='word_1_220' title='bbox 715 2287 746 2315; x_wconf 84' lang='lat' dir='ltr'><strong>et</strong></span> <span class='ocrx_word' id='word_1_221' title='bbox 774 2283 874 2324; x_wconf 80' lang='lat' dir='ltr'><strong>aurae]</strong></span> <span class='ocrx_word' id='word_1_222' title='bbox 909 2285 1012 2315; x_wconf 87' lang='lat' dir='ltr'><strong>Recte</strong></span> <span class='ocrx_word' id='word_1_223' title='bbox 1027 2295 1033 2314; x_wconf 92' lang='lat'>:</span> 
     </span>
     <span class='ocr_line' id='line_1_42' title="bbox 350 2332 1037 2373; baseline 0 -10"><span class='ocrx_word' id='word_1_224' title='bbox 350 2341 448 2363; x_wconf 87' lang='lat' dir='ltr'><strong>auras</strong></span> <span class='ocrx_word' id='word_1_225' title='bbox 459 2333 547 2363; x_wconf 90' lang='lat' dir='ltr'><strong>enim</strong></span> <span class='ocrx_word' id='word_1_226' title='bbox 563 2333 714 2373; x_wconf 83' lang='lat' dir='ltr'><strong>aspirant</strong></span> <span class='ocrx_word' id='word_1_227' title='bbox 722 2342 828 2372; x_wconf 80' lang='lat' dir='ltr'><strong>aquae.</strong></span> <span class='ocrx_word' id='word_1_228' title='bbox 850 2332 947 2364; x_wconf 83' lang='lat' dir='ltr'><strong>Quod</strong></span> <span class='ocrx_word' id='word_1_229' title='bbox 961 2342 1037 2363; x_wconf 91' lang='lat' dir='ltr'><strong>cum</strong></span> 
     </span>
     <span class='ocr_line' id='line_1_43' title="bbox 349 2380 1037 2412; baseline 0 0"><span class='ocrx_word' id='word_1_230' title='bbox 349 2381 479 2412; x_wconf 82' lang='lat' dir='ltr'><strong>Anauri</strong></span> <span class='ocrx_word' id='word_1_231' title='bbox 505 2380 647 2412; x_wconf 88' lang='lat' dir='ltr'><strong>fluminis</strong></span> <span class='ocrx_word' id='word_1_232' title='bbox 671 2382 704 2412; x_wconf 91' lang='lat' dir='ltr'><strong>in</strong></span> <span class='ocrx_word' id='word_1_233' title='bbox 720 2381 890 2412; x_wconf 76' lang='lat' dir='ltr'><strong>Thessalia</strong></span> <span class='ocrx_word' id='word_1_234' title='bbox 913 2381 1037 2412; x_wconf 87' lang='lat' dir='ltr'><strong>accolae</strong></span> 
     </span>
     <span class='ocr_line' id='line_1_44' title="bbox 350 2431 1038 2471; baseline -0.001 -9"><span class='ocrx_word' id='word_1_235' title='bbox 350 2431 513 2471; x_wconf 83' lang='lat' dir='ltr'><strong>peculiari</strong></span> <span class='ocrx_word' id='word_1_236' title='bbox 528 2431 639 2471; x_wconf 80' lang='lat' dir='ltr'><strong>aliqua</strong></span> <span class='ocrx_word' id='word_1_237' title='bbox 654 2431 783 2462; x_wconf 87' lang='lat' dir='ltr'><strong>ratione</strong></span> <span class='ocrx_word' id='word_1_238' title='bbox 804 2440 870 2462; x_wconf 92' lang='lat' dir='ltr'><strong>non</strong></span> <span class='ocrx_word' id='word_1_239' title='bbox 891 2431 939 2461; x_wconf 87' lang='lat' dir='ltr'><strong>ita</strong></span> <span class='ocrx_word' id='word_1_240' title='bbox 964 2440 1038 2461; x_wconf 88' lang='lat' dir='ltr'><strong>sen-</strong></span> 
     </span>
     <span class='ocr_line' id='line_1_45' title="bbox 348 2478 1038 2519; baseline 0 -9"><span class='ocrx_word' id='word_1_241' title='bbox 348 2479 464 2519; x_wconf 84' lang='lat' dir='ltr'><strong>tirent,</strong></span> <span class='ocrx_word' id='word_1_242' title='bbox 478 2479 556 2510; x_wconf 89' lang='lat' dir='ltr'><strong>inde</strong></span> <span class='ocrx_word' id='word_1_243' title='bbox 572 2478 697 2510; x_wconf 86' lang='lat' dir='ltr'><strong>flumini</strong></span> <span class='ocrx_word' id='word_1_244' title='bbox 711 2478 838 2511; x_wconf 87' lang='lat' dir='ltr'><strong>factum</strong></span> <span class='ocrx_word' id='word_1_245' title='bbox 852 2488 970 2510; x_wconf 82' lang='lat' dir='ltr'><strong>nomen</strong></span> <span class='ocrx_word' id='word_1_246' title='bbox 983 2489 1038 2510; x_wconf 86' lang='lat' dir='ltr'><strong>vo·</strong></span> 
     </span>
     <span class='ocr_line' id='line_1_46' title="bbox 346 2529 1037 2570; baseline 0.001 -11"><span class='ocrx_word' id='word_1_247' title='bbox 346 2530 433 2560; x_wconf 87' lang='lat' dir='ltr'><strong>lunt.</strong></span> <span class='ocrx_word' id='word_1_248' title='bbox 447 2530 585 2560; x_wconf 75' lang='lat' dir='ltr'><strong>Tam-ent.</strong></span> <span class='ocrx_word' id='word_1_249' title='bbox 627 2529 776 2569; x_wconf 77' lang='lat' dir='ltr'><strong>subeunt,</strong></span> <span class='ocrx_word' id='word_1_250' title='bbox 785 2535 815 2562; x_wconf 78' lang='lat' dir='ltr'><strong>et</strong></span> <span class='ocrx_word' id='word_1_251' title='bbox 829 2530 928 2570; x_wconf 81' lang='lat' dir='ltr'><strong>aurae]</strong></span> <span class='ocrx_word' id='word_1_252' title='bbox 945 2530 1037 2562; x_wconf 85' lang='lat' dir='ltr'><strong>Quos</strong></span> 
     </span>
     <span class='ocr_line' id='line_1_47' title="bbox 348 2578 1035 2620; baseline 0.003 -12"><span class='ocrx_word' id='word_1_253' title='bbox 348 2579 441 2609; x_wconf 92' lang='lat' dir='ltr'><strong>lucos</strong></span> <span class='ocrx_word' id='word_1_254' title='bbox 457 2579 720 2620; x_wconf 84' lang='lat' dir='ltr'><strong>aquaejucundae</strong></span> <span class='ocrx_word' id='word_1_255' title='bbox 743 2578 985 2619; x_wconf 83' lang='lat' dir='ltr'><strong>praeterfluunt,</strong></span> <span class='ocrx_word' id='word_1_256' title='bbox 1001 2583 1035 2610; x_wconf 84' lang='lat' dir='ltr'><strong>et</strong></span> 
     </span>
     <span class='ocr_line' id='line_1_48' title="bbox 348 2626 900 2668; baseline 0.005 -13"><span class='ocrx_word' id='word_1_257' title='bbox 348 2626 381 2655; x_wconf 89' lang='lat' dir='ltr'><strong>in</strong></span> <span class='ocrx_word' id='word_1_258' title='bbox 396 2627 516 2666; x_wconf 84' lang='lat' dir='ltr'><strong>quibus</strong></span> <span class='ocrx_word' id='word_1_259' title='bbox 530 2632 636 2667; x_wconf 78' lang='lat' dir='ltr'><strong>gratae</strong></span> <span class='ocrx_word' id='word_1_260' title='bbox 651 2629 782 2668; x_wconf 79' lang='lat' dir='ltr'><strong>spirant</strong></span> <span class='ocrx_word' id='word_1_261' title='bbox 798 2638 900 2659; x_wconf 82' lang='lat' dir='ltr'><strong>aurae.</strong></span> 
     </span>
    </p>

    <p class='ocr_par' dir='ltr' id='par_1_13' title="bbox 354 2675 1034 2768">
     <span class='ocr_line' id='line_1_49' title="bbox 392 2675 1034 2718; baseline 0.006 -14"><span class='ocrx_word' id='word_1_262' title='bbox 392 2677 413 2704; x_wconf 81' lang='lat'><strong>9</strong></span> <span class='ocrx_word' id='word_1_263' title='bbox 436 2676 489 2706; x_wconf 86' lang='lat' dir='ltr'><strong>Me</strong></span> <span class='ocrx_word' id='word_1_264' title='bbox 510 2675 677 2718; x_wconf 58' lang='lat' dir='ltr'><strong>sabula-sm]</strong></span> <span class='ocrx_word' id='word_1_265' title='bbox 715 2677 873 2708; x_wconf 80' lang='lat' dir='ltr'><strong>Caussam</strong></span> <span class='ocrx_word' id='word_1_266' title='bbox 900 2686 1034 2708; x_wconf 80' lang='lat' dir='ltr'><strong>narrare</strong></span> 
     </span>
     <span class='ocr_line' id='line_1_50' title="bbox 354 2721 1035 2768; baseline 0.007 -16"><span class='ocrx_word' id='word_1_267' title='bbox 354 2721 485 2754; x_wconf 82' lang='lat' dir='ltr'><strong>videtur</strong></span> <span class='ocrx_word' id='word_1_268' title='bbox 499 2724 618 2763; x_wconf 67' lang='lat' dir='ltr'><strong>Poeta,</strong></span> <span class='ocrx_word' id='word_1_269' title='bbox 632 2726 674 2757; x_wconf 89' lang='lat' dir='ltr'><strong>ob</strong></span> <span class='ocrx_word' id='word_1_270' title='bbox 687 2736 785 2768; x_wconf 88' lang='lat' dir='ltr'><strong>quam</strong></span> <span class='ocrx_word' id='word_1_271' title='bbox 803 2736 870 2767; x_wconf 77' lang='lat' dir='ltr'><strong>prae</strong></span> <span class='ocrx_word' id='word_1_272' title='bbox 887 2726 957 2758; x_wconf 80' lang='lat' dir='ltr'><strong>aliis</strong></span> <span class='ocrx_word' id='word_1_273' title='bbox 969 2735 1035 2757; x_wconf 89' lang='lat' dir='ltr'><strong>om-</strong></span> 
     </span>
    </p>
   </div>
   <div class='ocr_carea' id='block_1_3' title="bbox 812 287 1330 317">
    <p class='ocr_par' dir='ltr' id='par_1_14' title="bbox 812 287 1330 317">
     <span class='ocr_line' id='line_1_51' title="bbox 812 287 1330 317; baseline 0 -1"><span class='ocrx_word' id='word_1_274' title='bbox 812 287 951 316; x_wconf 77' lang='lat' dir='ltr'><strong>NOTAE</strong></span> <span class='ocrx_word' id='word_1_275' title='bbox 986 287 1245 317; x_wconf 77' lang='lat' dir='ltr'><strong>VARlORUM</strong></span> <span class='ocrx_word' id='word_1_276' title='bbox 1280 287 1330 317; x_wconf 84' lang='grc' dir='ltr'><strong>ΙΝ</strong></span> 
     </span>
    </p>
   </div>
   <div class='ocr_carea' id='block_1_4' title="bbox 1084 377 1780 2776">
    <p class='ocr_par' dir='ltr' id='par_1_15' title="bbox 1084 377 1780 1834">
     <span class='ocr_line' id='line_1_52' title="bbox 1090 377 1772 418; baseline 0.004 -10"><span class='ocrx_word' id='word_1_277' title='bbox 1090 377 1186 408; x_wconf 85' lang='lat' dir='ltr'><strong>nibus</strong></span> <span class='ocrx_word' id='word_1_278' title='bbox 1202 378 1274 418; x_wconf 84' lang='lat' dir='ltr'><strong>ipse</strong></span> <span class='ocrx_word' id='word_1_279' title='bbox 1300 378 1416 408; x_wconf 85' lang='lat' dir='ltr'><strong>Musas</strong></span> <span class='ocrx_word' id='word_1_280' title='bbox 1439 377 1554 408; x_wconf 81' lang='lat' dir='ltr'><strong>audire</strong></span> <span class='ocrx_word' id='word_1_281' title='bbox 1577 386 1616 408; x_wconf 86' lang='lat' dir='ltr'><strong>ac</strong></span> <span class='ocrx_word' id='word_1_282' title='bbox 1637 386 1772 411; x_wconf 74' lang='lat' dir='ltr'><strong>cernere</strong></span> 
     </span>
     <span class='ocr_line' id='line_1_53' title="bbox 1090 425 1775 468; baseline 0.001 -10"><span class='ocrx_word' id='word_1_283' title='bbox 1090 431 1248 458; x_wconf 82' lang='lat' dir='ltr'><strong>canentes</strong></span> <span class='ocrx_word' id='word_1_284' title='bbox 1264 431 1443 466; x_wconf 88' lang='lat' dir='ltr'><strong>mereatur,</strong></span> <span class='ocrx_word' id='word_1_285' title='bbox 1456 435 1577 468; x_wconf 83' lang='lat' dir='ltr'><strong>nempe</strong></span> <span class='ocrx_word' id='word_1_286' title='bbox 1588 425 1677 467; x_wconf 87' lang='lat' dir='ltr'><strong>quod</strong></span> <span class='ocrx_word' id='word_1_287' title='bbox 1687 436 1705 458; x_wconf 77' lang='grc' dir='ltr'>ι</span> <span class='ocrx_word' id='word_1_288' title='bbox 1717 435 1775 467; x_wconf 75' lang='lat' dir='ltr'><strong>pu-</strong></span> 
     </span>
     <span class='ocr_line' id='line_1_54' title="bbox 1091 475 1778 516; baseline 0.003 -12"><span class='ocrx_word' id='word_1_289' title='bbox 1091 475 1189 505; x_wconf 85' lang='lat' dir='ltr'><strong>eritia</strong></span> <span class='ocrx_word' id='word_1_290' title='bbox 1211 485 1314 516; x_wconf 87' lang='lat' dir='ltr'><strong>usque</strong></span> <span class='ocrx_word' id='word_1_291' title='bbox 1335 477 1483 507; x_wconf 77' lang='lat' dir='ltr'><strong>Deorum</strong></span> <span class='ocrx_word' id='word_1_292' title='bbox 1507 475 1611 506; x_wconf 85' lang='lat' dir='ltr'><strong>tutela</strong></span> <span class='ocrx_word' id='word_1_293' title='bbox 1632 484 1671 507; x_wconf 81' lang='lat' dir='ltr'><strong>ac</strong></span> <span class='ocrx_word' id='word_1_294' title='bbox 1693 484 1778 516; x_wconf 63' lang='lat' dir='ltr'><strong>pra-</strong></span> 
     </span>
     <span class='ocr_line' id='line_1_55' title="bbox 1093 522 1776 563; baseline 0.003 -10"><span class='ocrx_word' id='word_1_295' title='bbox 1093 522 1176 554; x_wconf 86' lang='lat' dir='ltr'><strong>sidio</strong></span> <span class='ocrx_word' id='word_1_296' title='bbox 1191 529 1363 563; x_wconf 86' lang='lat' dir='ltr'><strong>protectus</strong></span> <span class='ocrx_word' id='word_1_297' title='bbox 1378 523 1493 555; x_wconf 82' lang='lat' dir='ltr'><strong>fuerit.</strong></span> <span class='ocrx_word' id='word_1_298' title='bbox 1522 523 1704 555; x_wconf 80' lang='lat' dir='ltr'><strong>Dubitatnr</strong></span> <span class='ocrx_word' id='word_1_299' title='bbox 1718 533 1776 555; x_wconf 83' lang='lat' dir='ltr'><strong>au-</strong></span> 
     </span>
     <span class='ocr_line' id='line_1_56' title="bbox 1093 573 1778 611; baseline 0.004 -8"><span class='ocrx_word' id='word_1_300' title='bbox 1093 576 1161 603; x_wconf 91' lang='lat' dir='ltr'><strong>tem</strong></span> <span class='ocrx_word' id='word_1_301' title='bbox 1177 573 1264 605; x_wconf 86' lang='lat' dir='ltr'><strong>inter</strong></span> <span class='ocrx_word' id='word_1_302' title='bbox 1279 574 1526 606; x_wconf 86' lang='lat' dir='ltr'><strong>Grammaticos</strong></span> <span class='ocrx_word' id='word_1_303' title='bbox 1547 583 1589 604; x_wconf 87' lang='lat' dir='ltr'><strong>an</strong></span> <span class='ocrx_word' id='word_1_304' title='bbox 1611 573 1778 611; x_wconf 82' lang='lat' dir='ltr'><strong>dictiosa·</strong></span> 
     </span>
     <span class='ocr_line' id='line_1_57' title="bbox 1093 620 1776 666; baseline 0.004 -15"><span class='ocrx_word' id='word_1_305' title='bbox 1093 620 1203 653; x_wconf 78' lang='lat' dir='ltr'><strong>bulasoe</strong></span> <span class='ocrx_word' id='word_1_306' title='bbox 1218 622 1259 654; x_wconf 82' lang='lat' dir='ltr'><strong>ad</strong></span> <span class='ocrx_word' id='word_1_307' title='bbox 1279 624 1432 666; x_wconf 67' lang='lat' dir='ltr'><strong>palumbes</strong></span> <span class='ocrx_word' id='word_1_308' title='bbox 1458 622 1638 654; x_wconf 82' lang='lat' dir='ltr'><strong>referenda</strong></span> <span class='ocrx_word' id='word_1_309' title='bbox 1653 622 1710 663; x_wconf 84' lang='lat' dir='ltr'><strong>sit,</strong></span> <span class='ocrx_word' id='word_1_310' title='bbox 1733 632 1776 654; x_wconf 79' lang='lat' dir='ltr'><strong>an</strong></span> 
     </span>
     <span class='ocr_line' id='line_1_58' title="bbox 1091 671 1778 713; baseline 0.001 -11"><span class='ocrx_word' id='word_1_311' title='bbox 1091 680 1173 703; x_wconf 87' lang='lat' dir='ltr'><strong>vero</strong></span> <span class='ocrx_word' id='word_1_312' title='bbox 1187 672 1230 703; x_wconf 85' lang='lat' dir='ltr'><strong>ad</strong></span> <span class='ocrx_word' id='word_1_313' title='bbox 1244 674 1408 713; x_wconf 79' lang='lat' dir='ltr'><strong>Apuliam?</strong></span> <span class='ocrx_word' id='word_1_314' title='bbox 1452 673 1629 705; x_wconf 83' lang='lat' dir='ltr'><strong>Lambinus</strong></span> <span class='ocrx_word' id='word_1_315' title='bbox 1653 671 1696 703; x_wconf 80' lang='lat' dir='ltr'><strong>ad</strong></span> <span class='ocrx_word' id='word_1_316' title='bbox 1720 682 1778 712; x_wconf 87' lang='lat' dir='ltr'><strong>pa-</strong></span> 
     </span>
     <span class='ocr_line' id='line_1_59' title="bbox 1089 721 1776 763; baseline 0.003 -13"><span class='ocrx_word' id='word_1_317' title='bbox 1089 721 1203 751; x_wconf 81' lang='lat' dir='ltr'><strong>lumbes</strong></span> <span class='ocrx_word' id='word_1_318' title='bbox 1224 722 1340 761; x_wconf 80' lang='lat' dir='ltr'><strong>refert,</strong></span> <span class='ocrx_word' id='word_1_319' title='bbox 1363 732 1383 753; x_wconf 86' lang='lat' dir='ltr'><strong>a</strong></span> <span class='ocrx_word' id='word_1_320' title='bbox 1405 732 1471 763; x_wconf 89' lang='lat' dir='ltr'><strong>quo</strong></span> <span class='ocrx_word' id='word_1_321' title='bbox 1495 721 1676 760; x_wconf 83' lang='lat' dir='ltr'><strong>dissentio;</strong></span> <span class='ocrx_word' id='word_1_322' title='bbox 1697 721 1776 763; x_wconf 86' lang='lat' dir='ltr'><strong>quid</strong></span> 
     </span>
     <span class='ocr_line' id='line_1_60' title="bbox 1090 769 1776 812; baseline 0.001 -13"><span class='ocrx_word' id='word_1_323' title='bbox 1090 770 1178 800; x_wconf 83' lang='lat' dir='ltr'><strong>euim</strong></span> <span class='ocrx_word' id='word_1_324' title='bbox 1194 770 1352 810; x_wconf 87' lang='lat' dir='ltr'><strong>ineptius,</strong></span> <span class='ocrx_word' id='word_1_325' title='bbox 1362 781 1462 812; x_wconf 83' lang='lat' dir='ltr'><strong>quam</strong></span> <span class='ocrx_word' id='word_1_326' title='bbox 1477 769 1642 801; x_wconf 78' lang='lat' dir='ltr'><strong>fabulosas</strong></span> <span class='ocrx_word' id='word_1_327' title='bbox 1655 769 1719 801; x_wconf 81' lang='lat' dir='ltr'><strong>hoc</strong></span> <span class='ocrx_word' id='word_1_328' title='bbox 1729 769 1776 800; x_wconf 87' lang='lat' dir='ltr'><strong>lo-</strong></span> 
     </span>
     <span class='ocr_line' id='line_1_61' title="bbox 1091 818 1776 859; baseline 0.004 -12"><span class='ocrx_word' id='word_1_329' title='bbox 1091 827 1131 848; x_wconf 86' lang='lat' dir='ltr'><strong>eo</strong></span> <span class='ocrx_word' id='word_1_330' title='bbox 1145 818 1212 849; x_wconf 86' lang='lat' dir='ltr'><strong>dici</strong></span> <span class='ocrx_word' id='word_1_331' title='bbox 1227 819 1412 859; x_wconf 82' lang='lat' dir='ltr'><strong>palumbes,</strong></span> <span class='ocrx_word' id='word_1_332' title='bbox 1438 829 1513 850; x_wconf 89' lang='lat' dir='ltr'><strong>cum</strong></span> <span class='ocrx_word' id='word_1_333' title='bbox 1539 823 1578 850; x_wconf 87' lang='lat' dir='ltr'><strong>ut</strong></span> <span class='ocrx_word' id='word_1_334' title='bbox 1603 827 1672 849; x_wconf 87' lang='lat' dir='ltr'><strong>rem</strong></span> <span class='ocrx_word' id='word_1_335' title='bbox 1696 827 1776 850; x_wconf 82' lang='lat' dir='ltr'><strong>vere</strong></span> 
     </span>
     <span class='ocr_line' id='line_1_62' title="bbox 1091 867 1776 907; baseline 0 -10"><span class='ocrx_word' id='word_1_336' title='bbox 1091 871 1221 906; x_wconf 83' lang='lat' dir='ltr'><strong>gestam</strong></span> <span class='ocrx_word' id='word_1_337' title='bbox 1234 873 1350 899; x_wconf 84' lang='lat' dir='ltr'><strong>narret</strong></span> <span class='ocrx_word' id='word_1_338' title='bbox 1364 868 1545 899; x_wconf 79' lang='lat' dir='ltr'><strong>Horatius?</strong></span> <span class='ocrx_word' id='word_1_339' title='bbox 1561 871 1597 898; x_wconf 88' lang='lat' dir='ltr'><strong>et</strong></span> <span class='ocrx_word' id='word_1_340' title='bbox 1612 867 1732 907; x_wconf 84' lang='lat' dir='ltr'><strong>alioqui</strong></span> <span class='ocrx_word' id='word_1_341' title='bbox 1748 867 1776 897; x_wconf 82' lang='lat' dir='ltr'><strong>si</strong></span> 
     </span>
     <span class='ocr_line' id='line_1_63' title="bbox 1091 916 1779 956; baseline 0 -10"><span class='ocrx_word' id='word_1_342' title='bbox 1091 916 1146 946; x_wconf 93' lang='lat' dir='ltr'><strong>cui</strong></span> <span class='ocrx_word' id='word_1_343' title='bbox 1162 917 1342 955; x_wconf 62' lang='lat' dir='ltr'><strong>provinciae</strong></span> <span class='ocrx_word' id='word_1_344' title='bbox 1354 917 1526 956; x_wconf 83' lang='lat' dir='ltr'><strong>epitheton</strong></span> <span class='ocrx_word' id='word_1_345' title='bbox 1539 916 1600 949; x_wconf 82' lang='lat' dir='ltr'><strong>boc</strong></span> <span class='ocrx_word' id='word_1_346' title='bbox 1608 916 1779 954; x_wconf 87' lang='lat' dir='ltr'><strong>convenit,</strong></span> 
     </span>
     <span class='ocr_line' id='line_1_64' title="bbox 1091 964 1776 1005; baseline 0.003 -11"><span class='ocrx_word' id='word_1_347' title='bbox 1091 965 1149 995; x_wconf 88' lang='lat' dir='ltr'><strong>illa</strong></span> <span class='ocrx_word' id='word_1_348' title='bbox 1160 970 1253 996; x_wconf 86' lang='lat' dir='ltr'><strong>certe</strong></span> <span class='ocrx_word' id='word_1_349' title='bbox 1266 964 1390 1004; x_wconf 87' lang='lat' dir='ltr'><strong>Apulia</strong></span> <span class='ocrx_word' id='word_1_350' title='bbox 1399 969 1461 996; x_wconf 87' lang='lat' dir='ltr'><strong>est.</strong></span> <span class='ocrx_word' id='word_1_351' title='bbox 1482 965 1690 1005; x_wconf 72' lang='lat' dir='ltr'><strong>Quamquam</strong></span> <span class='ocrx_word' id='word_1_352' title='bbox 1703 974 1776 996; x_wconf 89' lang='lat' dir='ltr'><strong>meo</strong></span> 
     </span>
     <span class='ocr_line' id='line_1_65' title="bbox 1084 1012 1776 1054; baseline 0.003 -11"><span class='ocrx_word' id='word_1_353' title='bbox 1084 1012 1213 1052; x_wconf 88' lang='lat' dir='ltr'><strong>judicio</strong></span> <span class='ocrx_word' id='word_1_354' title='bbox 1228 1013 1341 1054; x_wconf 77' lang='lat' dir='ltr'><strong>Apulia</strong></span> <span class='ocrx_word' id='word_1_355' title='bbox 1355 1013 1407 1044; x_wconf 83' lang='lat' dir='ltr'><strong>hic</strong></span> <span class='ocrx_word' id='word_1_356' title='bbox 1429 1013 1570 1044; x_wconf 86' lang='lat' dir='ltr'><strong>nutricis</strong></span> <span class='ocrx_word' id='word_1_357' title='bbox 1585 1013 1688 1052; x_wconf 83' lang='lat' dir='ltr'><strong>ipsius</strong></span> <span class='ocrx_word' id='word_1_358' title='bbox 1703 1014 1776 1046; x_wconf 81' lang='lat' dir='ltr'><strong>Ho-</strong></span> 
     </span>
     <span class='ocr_line' id='line_1_66' title="bbox 1092 1062 1778 1103; baseline -0.003 -9"><span class='ocrx_word' id='word_1_359' title='bbox 1092 1063 1183 1102; x_wconf 84' lang='lat' dir='ltr'><strong>ratii,</strong></span> <span class='ocrx_word' id='word_1_360' title='bbox 1195 1072 1260 1094; x_wconf 89' lang='lat' dir='ltr'><strong>non</strong></span> <span class='ocrx_word' id='word_1_361' title='bbox 1274 1062 1455 1103; x_wconf 74' lang='lat' dir='ltr'><strong>provinciae</strong></span> <span class='ocrx_word' id='word_1_362' title='bbox 1468 1071 1590 1093; x_wconf 87' lang='lat' dir='ltr'><strong>nomen</strong></span> <span class='ocrx_word' id='word_1_363' title='bbox 1605 1065 1679 1092; x_wconf 84' lang='lat' dir='ltr'><strong>est:</strong></span> <span class='ocrx_word' id='word_1_364' title='bbox 1697 1071 1778 1103; x_wconf 86' lang='lat' dir='ltr'><strong>quo-</strong></span> 
     </span>
     <span class='ocr_line' id='line_1_67' title="bbox 1092 1110 1779 1153; baseline -0.001 -10"><span class='ocrx_word' id='word_1_365' title='bbox 1092 1112 1192 1143; x_wconf 88' lang='lat' dir='ltr'><strong>modo</strong></span> <span class='ocrx_word' id='word_1_366' title='bbox 1211 1113 1298 1143; x_wconf 83' lang='lat' dir='ltr'><strong>enim</strong></span> <span class='ocrx_word' id='word_1_367' title='bbox 1321 1121 1360 1144; x_wconf 86' lang='lat' dir='ltr'><strong>ea</strong></span> <span class='ocrx_word' id='word_1_368' title='bbox 1375 1122 1450 1153; x_wconf 80' lang='lat' dir='ltr'><strong>quae</strong></span> <span class='ocrx_word' id='word_1_369' title='bbox 1473 1116 1588 1142; x_wconf 83' lang='lat' dir='ltr'><strong>narrat</strong></span> <span class='ocrx_word' id='word_1_370' title='bbox 1608 1110 1715 1142; x_wconf 66' lang='lat' dir='ltr'><strong>Poeta</strong></span> <span class='ocrx_word' id='word_1_371' title='bbox 1745 1112 1779 1142; x_wconf 89' lang='lat' dir='ltr'><strong>in</strong></span> 
     </span>
     <span class='ocr_line' id='line_1_68' title="bbox 1092 1159 1780 1202; baseline -0.001 -10"><span class='ocrx_word' id='word_1_372' title='bbox 1092 1162 1249 1201; x_wconf 87' lang='lat' dir='ltr'><strong>Vulture,</strong></span> <span class='ocrx_word' id='word_1_373' title='bbox 1265 1161 1321 1202; x_wconf 89' lang='lat' dir='ltr'><strong>qui</strong></span> <span class='ocrx_word' id='word_1_374' title='bbox 1343 1170 1408 1192; x_wconf 87' lang='lat' dir='ltr'><strong>non</strong></span> <span class='ocrx_word' id='word_1_375' title='bbox 1423 1161 1477 1192; x_wconf 85' lang='lat' dir='ltr'><strong>hic</strong></span> <span class='ocrx_word' id='word_1_376' title='bbox 1491 1163 1636 1200; x_wconf 86' lang='lat' dir='ltr'><strong>tautum,</strong></span> <span class='ocrx_word' id='word_1_377' title='bbox 1658 1159 1719 1192; x_wconf 86' lang='lat' dir='ltr'><strong>sed</strong></span> <span class='ocrx_word' id='word_1_378' title='bbox 1744 1164 1780 1191; x_wconf 78' lang='lat' dir='ltr'><strong>et</strong></span> 
     </span>
     <span class='ocr_line' id='line_1_69' title="bbox 1093 1209 1779 1251; baseline -0.001 -10"><span class='ocrx_word' id='word_1_379' title='bbox 1093 1210 1183 1251; x_wconf 89' lang='lat' dir='ltr'><strong>apud</strong></span> <span class='ocrx_word' id='word_1_380' title='bbox 1195 1211 1366 1251; x_wconf 70' lang='lat' dir='ltr'><strong>hircanum</strong></span> <span class='ocrx_word' id='word_1_381' title='bbox 1379 1209 1512 1250; x_wconf 82' lang='lat' dir='ltr'><strong>Apuliae</strong></span> <span class='ocrx_word' id='word_1_382' title='bbox 1523 1218 1616 1240; x_wconf 83' lang='lat' dir='ltr'><strong>mons</strong></span> <span class='ocrx_word' id='word_1_383' title='bbox 1627 1213 1691 1250; x_wconf 79' lang='lat' dir='ltr'><strong>est,</strong></span> <span class='ocrx_word' id='word_1_384' title='bbox 1702 1218 1779 1240; x_wconf 88' lang='lat' dir='ltr'><strong>con-</strong></span> 
     </span>
     <span class='ocr_line' id='line_1_70' title="bbox 1093 1258 1780 1300; baseline -0.003 -9"><span class='ocrx_word' id='word_1_385' title='bbox 1093 1260 1223 1299; x_wconf 83' lang='lat' dir='ltr'><strong>tingere</strong></span> <span class='ocrx_word' id='word_1_386' title='bbox 1239 1263 1435 1300; x_wconf 86' lang='lat' dir='ltr'><strong>potuerunt,</strong></span> <span class='ocrx_word' id='word_1_387' title='bbox 1452 1265 1491 1289; x_wconf 89' lang='lat' dir='ltr'><strong>ut</strong></span> <span class='ocrx_word' id='word_1_388' title='bbox 1504 1267 1570 1289; x_wconf 88' lang='lat' dir='ltr'><strong>non</strong></span> <span class='ocrx_word' id='word_1_389' title='bbox 1593 1258 1681 1290; x_wconf 81' lang='lat' dir='ltr'><strong>intra</strong></span> <span class='ocrx_word' id='word_1_390' title='bbox 1702 1267 1780 1298; x_wconf 89' lang='lat' dir='ltr'><strong>pro-</strong></span> 
     </span>
     <span class='ocr_line' id='line_1_71' title="bbox 1091 1307 1780 1349; baseline -0.001 -10"><span class='ocrx_word' id='word_1_391' title='bbox 1091 1309 1235 1340; x_wconf 83' lang='lat' dir='ltr'><strong>vinciam</strong></span> <span class='ocrx_word' id='word_1_392' title='bbox 1250 1307 1474 1349; x_wconf 84' lang='lat' dir='ltr'><strong>contigerint?</strong></span> <span class='ocrx_word' id='word_1_393' title='bbox 1517 1307 1558 1338; x_wconf 89' lang='lat' dir='ltr'><strong>In</strong></span> <span class='ocrx_word' id='word_1_394' title='bbox 1571 1307 1696 1347; x_wconf 81' lang='lat' dir='ltr'><strong>Apulia</strong></span> <span class='ocrx_word' id='word_1_395' title='bbox 1719 1307 1780 1348; x_wconf 82' lang='lat' dir='ltr'><strong>igi-</strong></span> 
     </span>
     <span class='ocr_line' id='line_1_72' title="bbox 1090 1355 1780 1396; baseline 0 -10"><span class='ocrx_word' id='word_1_396' title='bbox 1090 1361 1157 1396; x_wconf 88' lang='lat' dir='ltr'><strong>tur,</strong></span> <span class='ocrx_word' id='word_1_397' title='bbox 1183 1357 1242 1387; x_wconf 89' lang='lat' dir='ltr'><strong>sed</strong></span> <span class='ocrx_word' id='word_1_398' title='bbox 1270 1360 1368 1386; x_wconf 85' lang='lat' dir='ltr'><strong>extra</strong></span> <span class='ocrx_word' id='word_1_399' title='bbox 1396 1355 1537 1387; x_wconf 81' lang='lat' dir='ltr'><strong>nutricis</strong></span> <span class='ocrx_word' id='word_1_400' title='bbox 1573 1355 1708 1396; x_wconf 80' lang='lat' dir='ltr'><strong>Apuliae</strong></span> <span class='ocrx_word' id='word_1_401' title='bbox 1741 1356 1780 1386; x_wconf 87' lang='lat' dir='ltr'><strong>li-</strong></span> 
     </span>
     <span class='ocr_line' id='line_1_73' title="bbox 1090 1402 1777 1444; baseline -0.001 -10"><span class='ocrx_word' id='word_1_402' title='bbox 1090 1413 1166 1434; x_wconf 89' lang='lat' dir='ltr'><strong>men</strong></span> <span class='ocrx_word' id='word_1_403' title='bbox 1183 1403 1365 1443; x_wconf 82' lang='lat' dir='ltr'><strong>contigisse</strong></span> <span class='ocrx_word' id='word_1_404' title='bbox 1383 1402 1563 1433; x_wconf 80' lang='lat' dir='ltr'><strong>dicendum</strong></span> <span class='ocrx_word' id='word_1_405' title='bbox 1577 1406 1641 1444; x_wconf 76' lang='lat' dir='ltr'><strong>est.</strong></span> <span class='ocrx_word' id='word_1_406' title='bbox 1695 1403 1777 1434; x_wconf 85' lang='lat' dir='ltr'><strong>Om-</strong></span> 
     </span>
     <span class='ocr_line' id='line_1_74' title="bbox 1089 1450 1778 1492; baseline -0.001 -9"><span class='ocrx_word' id='word_1_407' title='bbox 1089 1462 1147 1483; x_wconf 79' lang='lat' dir='ltr'><strong>nes</strong></span> <span class='ocrx_word' id='word_1_408' title='bbox 1163 1457 1275 1484; x_wconf 87' lang='lat' dir='ltr'><strong>autem</strong></span> <span class='ocrx_word' id='word_1_409' title='bbox 1291 1451 1439 1483; x_wconf 87' lang='lat' dir='ltr'><strong>nutrices</strong></span> <span class='ocrx_word' id='word_1_410' title='bbox 1455 1451 1598 1492; x_wconf 81' lang='lat' dir='ltr'><strong>garrulae</strong></span> <span class='ocrx_word' id='word_1_411' title='bbox 1620 1460 1660 1482; x_wconf 83' lang='lat' dir='ltr'><strong>ac</strong></span> <span class='ocrx_word' id='word_1_412' title='bbox 1682 1450 1778 1482; x_wconf 82' lang='lat' dir='ltr'><strong>fabu-</strong></span> 
     </span>
     <span class='ocr_line' id='line_1_75' title="bbox 1089 1498 1777 1541; baseline -0.003 -9"><span class='ocrx_word' id='word_1_413' title='bbox 1089 1502 1185 1541; x_wconf 79' lang='lat' dir='ltr'><strong>losae;</strong></span> <span class='ocrx_word' id='word_1_414' title='bbox 1210 1502 1317 1532; x_wconf 88' lang='lat' dir='ltr'><strong>minus</strong></span> <span class='ocrx_word' id='word_1_415' title='bbox 1343 1506 1455 1532; x_wconf 84' lang='lat' dir='ltr'><strong>tamen</strong></span> <span class='ocrx_word' id='word_1_416' title='bbox 1478 1504 1649 1531; x_wconf 84' lang='lat' dir='ltr'><strong>merentur</strong></span> <span class='ocrx_word' id='word_1_417' title='bbox 1663 1498 1777 1538; x_wconf 84' lang='lat' dir='ltr'><strong>fidem,</strong></span> 
     </span>
     <span class='ocr_line' id='line_1_76' title="bbox 1089 1547 1778 1592; baseline -0.006 -10"><span class='ocrx_word' id='word_1_418' title='bbox 1089 1551 1118 1582; x_wconf 86' lang='lat' dir='ltr'><strong>si</strong></span> <span class='ocrx_word' id='word_1_419' title='bbox 1132 1551 1212 1592; x_wconf 87' lang='lat' dir='ltr'><strong>quid</strong></span> <span class='ocrx_word' id='word_1_420' title='bbox 1229 1549 1318 1590; x_wconf 85' lang='lat' dir='ltr'><strong>apud</strong></span> <span class='ocrx_word' id='word_1_421' title='bbox 1335 1559 1370 1580; x_wconf 88' lang='lat' dir='ltr'><strong>se</strong></span> <span class='ocrx_word' id='word_1_422' title='bbox 1389 1548 1526 1580; x_wconf 86' lang='lat' dir='ltr'><strong>remotis</strong></span> <span class='ocrx_word' id='word_1_423' title='bbox 1551 1547 1686 1579; x_wconf 83' lang='lat' dir='ltr'><strong>arbitris</strong></span> <span class='ocrx_word' id='word_1_424' title='bbox 1709 1547 1778 1579; x_wconf 80' lang='lat' dir='ltr'><strong>sac-</strong></span> 
     </span>
     <span class='ocr_line' id='line_1_77' title="bbox 1090 1598 1777 1638; baseline -0.004 -7"><span class='ocrx_word' id='word_1_425' title='bbox 1090 1604 1158 1631; x_wconf 87' lang='lat' dir='ltr'><strong>tum</strong></span> <span class='ocrx_word' id='word_1_426' title='bbox 1172 1604 1321 1631; x_wconf 81' lang='lat' dir='ltr'><strong>narrent.</strong></span> <span class='ocrx_word' id='word_1_427' title='bbox 1343 1598 1477 1630; x_wconf 84' lang='lat' dir='ltr'><strong>Addam</strong></span> <span class='ocrx_word' id='word_1_428' title='bbox 1493 1598 1697 1638; x_wconf 84' lang='lat' dir='ltr'><strong>interpretes</strong></span> <span class='ocrx_word' id='word_1_429' title='bbox 1711 1607 1777 1628; x_wconf 89' lang='lat' dir='ltr'><strong>non</strong></span> 
     </span>
     <span class='ocr_line' id='line_1_78' title="bbox 1088 1647 1778 1686; baseline -0.004 -6"><span class='ocrx_word' id='word_1_430' title='bbox 1088 1650 1221 1684; x_wconf 79' lang='lat' dir='ltr'><strong>altricis,</strong></span> <span class='ocrx_word' id='word_1_431' title='bbox 1244 1648 1304 1679; x_wconf 86' lang='lat' dir='ltr'><strong>sed</strong></span> <span class='ocrx_word' id='word_1_432' title='bbox 1317 1647 1459 1679; x_wconf 69' lang='lat' dir='ltr'><strong>‘nutv-icis</strong></span> <span class='ocrx_word' id='word_1_433' title='bbox 1482 1648 1608 1686; x_wconf 88' lang='lat' dir='ltr'><strong>legere.</strong></span> <span class='ocrx_word' id='word_1_434' title='bbox 1654 1647 1778 1678; x_wconf 86' lang='lat' dir='ltr'><strong>Dicere</strong></span> 
     </span>
     <span class='ocr_line' id='line_1_79' title="bbox 1090 1695 1778 1737; baseline -0.003 -9"><span class='ocrx_word' id='word_1_435' title='bbox 1090 1699 1190 1728; x_wconf 84' lang='lat' dir='ltr'><strong>etiam</strong></span> <span class='ocrx_word' id='word_1_436' title='bbox 1218 1697 1382 1737; x_wconf 81' lang='lat' dir='ltr'><strong>possimus</strong></span> <span class='ocrx_word' id='word_1_437' title='bbox 1406 1695 1528 1736; x_wconf 78' lang='lat' dir='ltr'><strong>Apuliae</strong></span> <span class='ocrx_word' id='word_1_438' title='bbox 1551 1696 1684 1727; x_wconf 85' lang='lat' dir='ltr'><strong>nomine</strong></span> <span class='ocrx_word' id='word_1_439' title='bbox 1712 1705 1778 1726; x_wconf 89' lang='lat' dir='ltr'><strong>non</strong></span> 
     </span>
     <span class='ocr_line' id='line_1_80' title="bbox 1091 1744 1778 1786; baseline 0 -10"><span class='ocrx_word' id='word_1_440' title='bbox 1091 1746 1295 1786; x_wconf 83' lang='lat' dir='ltr'><strong>provinciam</strong></span> <span class='ocrx_word' id='word_1_441' title='bbox 1311 1745 1372 1776; x_wconf 80' lang='lat' dir='ltr'><strong>lioc</strong></span> <span class='ocrx_word' id='word_1_442' title='bbox 1388 1746 1474 1786; x_wconf 89' lang='lat' dir='ltr'><strong>loco,</strong></span> <span class='ocrx_word' id='word_1_443' title='bbox 1487 1744 1545 1776; x_wconf 80' lang='lat' dir='ltr'><strong>sed</strong></span> <span class='ocrx_word' id='word_1_444' title='bbox 1560 1744 1719 1786; x_wconf 82' lang='lat' dir='ltr'><strong>oppidum</strong></span> <span class='ocrx_word' id='word_1_445' title='bbox 1731 1745 1778 1776; x_wconf 82' lang='lat' dir='ltr'><strong>sic</strong></span> 
     </span>
     <span class='ocr_line' id='line_1_81' title="bbox 1091 1793 1779 1834; baseline -0.003 -8"><span class='ocrx_word' id='word_1_446' title='bbox 1091 1795 1232 1834; x_wconf 83' lang='lat' dir='ltr'><strong>dietum,</strong></span> <span class='ocrx_word' id='word_1_447' title='bbox 1262 1794 1318 1826; x_wconf 88' lang='lat' dir='ltr'><strong>ubi</strong></span> <span class='ocrx_word' id='word_1_448' title='bbox 1346 1794 1512 1825; x_wconf 86' lang='lat' dir='ltr'><strong>enutritus</strong></span> <span class='ocrx_word' id='word_1_449' title='bbox 1537 1794 1582 1825; x_wconf 88' lang='lat' dir='ltr'><strong>sit</strong></span> <span class='ocrx_word' id='word_1_450' title='bbox 1606 1793 1779 1830; x_wconf 84' lang='lat' dir='ltr'><strong>Horatius,</strong></span> 
     </span>
    </p>

    <p class='ocr_par' dir='ltr' id='par_1_16' title="bbox 1090 1842 1779 1887">
     <span class='ocr_line' id='line_1_82' title="bbox 1090 1842 1779 1887; baseline 0 -13"><span class='ocrx_word' id='word_1_451' title='bbox 1090 1843 1284 1883; x_wconf 83' lang='lat' dir='ltr'><strong>significari.</strong></span> <span class='ocrx_word' id='word_1_452' title='bbox 1328 1844 1450 1874; x_wconf 88' lang='lat' dir='ltr'><strong>Lector</strong></span> <span class='ocrx_word' id='word_1_453' title='bbox 1471 1852 1570 1883; x_wconf 88' lang='lat' dir='ltr'><strong>quam</strong></span> <span class='ocrx_word' id='word_1_454' title='bbox 1596 1842 1686 1874; x_wconf 87' lang='lat' dir='ltr'><strong>volet</strong></span> <span class='ocrx_word' id='word_1_455' title='bbox 1708 1843 1779 1887; x_wconf 75' lang='lat' dir='ltr'><strong>opi·</strong></span> 
     </span>
    </p>

    <p class='ocr_par' dir='ltr' id='par_1_17' title="bbox 1091 1891 1778 1933">
     <span class='ocr_line' id='line_1_83' title="bbox 1091 1891 1778 1933; baseline 0.001 -11"><span class='ocrx_word' id='word_1_456' title='bbox 1091 1892 1225 1923; x_wconf 88' lang='lat' dir='ltr'><strong>ninnem</strong></span> <span class='ocrx_word' id='word_1_457' title='bbox 1238 1896 1411 1933; x_wconf 82' lang='lat' dir='ltr'><strong>sequatur,</strong></span> <span class='ocrx_word' id='word_1_458' title='bbox 1427 1901 1490 1933; x_wconf 84' lang='lat' dir='ltr'><strong>ego</strong></span> <span class='ocrx_word' id='word_1_459' title='bbox 1507 1891 1614 1922; x_wconf 86' lang='lat' dir='ltr'><strong>adhuc</strong></span> <span class='ocrx_word' id='word_1_460' title='bbox 1627 1891 1778 1930; x_wconf 72' lang='lat' dir='ltr'><strong>ambigo:</strong></span> 
     </span>
    </p>

    <p class='ocr_par' dir='ltr' id='par_1_18' title="bbox 1089 1941 1780 2616">
     <span class='ocr_line' id='line_1_84' title="bbox 1092 1941 1780 1982; baseline 0.001 -11"><span class='ocrx_word' id='word_1_461' title='bbox 1092 1946 1127 1971; x_wconf 90' lang='lat' dir='ltr'><strong>et</strong></span> <span class='ocrx_word' id='word_1_462' title='bbox 1141 1941 1169 1971; x_wconf 88' lang='lat' dir='ltr'><strong>si</strong></span> <span class='ocrx_word' id='word_1_463' title='bbox 1185 1941 1387 1982; x_wconf 79' lang='lat' dir='ltr'><strong>conjecturae</strong></span> <span class='ocrx_word' id='word_1_464' title='bbox 1413 1942 1506 1972; x_wconf 89' lang='lat' dir='ltr'><strong>locus</strong></span> <span class='ocrx_word' id='word_1_465' title='bbox 1522 1945 1624 1977; x_wconf 82' lang='lat' dir='ltr'><strong>esset,</strong></span> <span class='ocrx_word' id='word_1_466' title='bbox 1660 1941 1780 1972; x_wconf 68' lang='lat' dir='ltr'><strong>abidon</strong></span> 
     </span>
     <span class='ocr_line' id='line_1_85' title="bbox 1089 1989 1778 2030; baseline 0.001 -10"><span class='ocrx_word' id='word_1_467' title='bbox 1089 1989 1250 2029; x_wconf 87' lang='lat' dir='ltr'><strong>legerem,</strong></span> <span class='ocrx_word' id='word_1_468' title='bbox 1265 1994 1303 2021; x_wconf 89' lang='lat' dir='ltr'><strong>ut</strong></span> <span class='ocrx_word' id='word_1_469' title='bbox 1318 1990 1453 2021; x_wconf 86' lang='lat' dir='ltr'><strong>Vulturi</strong></span> <span class='ocrx_word' id='word_1_470' title='bbox 1468 1994 1614 2030; x_wconf 84' lang='lat' dir='ltr'><strong>aptetur</strong></span> <span class='ocrx_word' id='word_1_471' title='bbox 1683 1994 1778 2021; x_wconf 72' lang='lat' dir='ltr'><strong>antes</strong></span> 
     </span>
     <span class='ocr_line' id='line_1_86' title="bbox 1090 2037 1776 2069; baseline 0.001 -2"><span class='ocrx_word' id='word_1_472' title='bbox 1090 2038 1178 2068; x_wconf 87' lang='lat' dir='ltr'><strong>enim</strong></span> <span class='ocrx_word' id='word_1_473' title='bbox 1198 2039 1380 2069; x_wconf 87' lang='lat' dir='ltr'><strong>vicinorum</strong></span> <span class='ocrx_word' id='word_1_474' title='bbox 1396 2037 1466 2069; x_wconf 86' lang='lat' dir='ltr'><strong>fere</strong></span> <span class='ocrx_word' id='word_1_475' title='bbox 1481 2037 1594 2068; x_wconf 81' lang='lat' dir='ltr'><strong>fabula</strong></span> <span class='ocrx_word' id='word_1_476' title='bbox 1605 2037 1776 2068; x_wconf 83' lang='lat' dir='ltr'><strong>celebran-</strong></span> 
     </span>
     <span class='ocr_line' id='line_1_87' title="bbox 1090 2085 1776 2126; baseline 0.003 -12"><span class='ocrx_word' id='word_1_477' title='bbox 1090 2092 1156 2120; x_wconf 82' lang='lat' dir='ltr'><strong>tur,</strong></span> <span class='ocrx_word' id='word_1_478' title='bbox 1171 2090 1208 2116; x_wconf 90' lang='lat' dir='ltr'><strong>ut</strong></span> <span class='ocrx_word' id='word_1_479' title='bbox 1225 2086 1257 2116; x_wconf 89' lang='lat' dir='ltr'><strong>in</strong></span> <span class='ocrx_word' id='word_1_480' title='bbox 1274 2086 1413 2117; x_wconf 84' lang='lat' dir='ltr'><strong>Faliscis</strong></span> <span class='ocrx_word' id='word_1_481' title='bbox 1425 2086 1578 2123; x_wconf 84' lang='lat' dir='ltr'><strong>Soracte,</strong></span> <span class='ocrx_word' id='word_1_482' title='bbox 1603 2086 1637 2116; x_wconf 87' lang='lat' dir='ltr'><strong>in</strong></span> <span class='ocrx_word' id='word_1_483' title='bbox 1652 2085 1776 2126; x_wconf 84' lang='lat' dir='ltr'><strong>Apulia</strong></span> 
     </span>
     <span class='ocr_line' id='line_1_88' title="bbox 1090 2130 1775 2174; baseline 0.004 -11"><span class='ocrx_word' id='word_1_484' title='bbox 1090 2133 1266 2174; x_wconf 81' lang='lat' dir='ltr'><strong>Garganus</strong></span> <span class='ocrx_word' id='word_1_485' title='bbox 1304 2143 1432 2174; x_wconf 89' lang='lat' dir='ltr'><strong>quoque</strong></span> <span class='ocrx_word' id='word_1_486' title='bbox 1446 2144 1454 2164; x_wconf 75' lang='grc' dir='ltr'><strong><em>ε</em></strong></span> <span class='ocrx_word' id='word_1_487' title='bbox 1481 2130 1632 2171; x_wconf 64' lang='lat' dir='ltr'><strong>fabulosae</strong></span> <span class='ocrx_word' id='word_1_488' title='bbox 1665 2140 1775 2166; x_wconf 88' lang='lat' dir='ltr'><strong>autem</strong></span> 
     </span>
     <span class='ocr_line' id='line_1_89' title="bbox 1089 2182 1775 2223; baseline 0.003 -11"><span class='ocrx_word' id='word_1_489' title='bbox 1089 2182 1266 2222; x_wconf 86' lang='lat' dir='ltr'><strong>scripsere,</strong></span> <span class='ocrx_word' id='word_1_490' title='bbox 1289 2183 1343 2223; x_wconf 88' lang='lat' dir='ltr'><strong>qui</strong></span> <span class='ocrx_word' id='word_1_491' title='bbox 1370 2183 1447 2214; x_wconf 81' lang='lat' dir='ltr'><strong>bina</strong></span> <span class='ocrx_word' id='word_1_492' title='bbox 1471 2184 1621 2223; x_wconf 82' lang='lat' dir='ltr'><strong>epitheta</strong></span> <span class='ocrx_word' id='word_1_493' title='bbox 1648 2193 1713 2215; x_wconf 86' lang='lat' dir='ltr'><strong>uno</strong></span> <span class='ocrx_word' id='word_1_494' title='bbox 1741 2184 1775 2215; x_wconf 89' lang='lat' dir='ltr'><strong>iu</strong></span> 
     </span>
     <span class='ocr_line' id='line_1_90' title="bbox 1089 2231 1776 2272; baseline 0.001 -11"><span class='ocrx_word' id='word_1_495' title='bbox 1089 2231 1163 2262; x_wconf 86' lang='lat' dir='ltr'><strong>loco</strong></span> <span class='ocrx_word' id='word_1_496' title='bbox 1184 2231 1254 2262; x_wconf 84' lang='lat' dir='ltr'><strong>sine</strong></span> <span class='ocrx_word' id='word_1_497' title='bbox 1266 2231 1504 2271; x_wconf 82' lang='lat' dir='ltr'><strong>conjunctione</strong></span> <span class='ocrx_word' id='word_1_498' title='bbox 1521 2233 1598 2272; x_wconf 88' lang='lat' dir='ltr'><strong>poni</strong></span> <span class='ocrx_word' id='word_1_499' title='bbox 1615 2241 1679 2262; x_wconf 90' lang='lat' dir='ltr'><strong>nou</strong></span> <span class='ocrx_word' id='word_1_500' title='bbox 1694 2233 1776 2262; x_wconf 88' lang='lat' dir='ltr'><strong>tule-</strong></span> 
     </span>
     <span class='ocr_line' id='line_1_91' title="bbox 1091 2281 1775 2322; baseline 0.003 -11"><span class='ocrx_word' id='word_1_501' title='bbox 1091 2285 1179 2312; x_wconf 83' lang='lat' dir='ltr'><strong>runt.</strong></span> <span class='ocrx_word' id='word_1_502' title='bbox 1203 2281 1342 2312; x_wconf 79' lang='lat' dir='ltr'><strong>Torrent.</strong></span> <span class='ocrx_word' id='word_1_503' title='bbox 1386 2281 1441 2311; x_wconf 86' lang='lat' dir='ltr'><strong>Me</strong></span> <span class='ocrx_word' id='word_1_504' title='bbox 1455 2281 1608 2318; x_wconf 59' lang='lat' dir='ltr'><strong>sabulosa?</strong></span> <span class='ocrx_word' id='word_1_505' title='bbox 1633 2281 1775 2322; x_wconf 65' lang='lat' dir='ltr'><strong>Vultum]</strong></span> 
     </span>
     <span class='ocr_line' id='line_1_92' title="bbox 1091 2329 1775 2372; baseline 0.001 -12"><span class='ocrx_word' id='word_1_506' title='bbox 1091 2329 1186 2361; x_wconf 88' lang='lat' dir='ltr'><strong>Ordo</strong></span> <span class='ocrx_word' id='word_1_507' title='bbox 1198 2333 1250 2360; x_wconf 78' lang='lat' dir='ltr'><strong>est</strong></span> <span class='ocrx_word' id='word_1_508' title='bbox 1266 2334 1301 2361; x_wconf 85' lang='lat' dir='ltr'><strong>et</strong></span> <span class='ocrx_word' id='word_1_509' title='bbox 1316 2329 1484 2360; x_wconf 81' lang='lat' dir='ltr'><strong>sententia</strong></span> <span class='ocrx_word' id='word_1_510' title='bbox 1499 2340 1506 2360; x_wconf 91' lang='lat'>:</span> <span class='ocrx_word' id='word_1_511' title='bbox 1531 2329 1711 2362; x_wconf 84' lang='lat' dir='ltr'><strong>Palumbes</strong></span> <span class='ocrx_word' id='word_1_512' title='bbox 1726 2330 1775 2372; x_wconf 80' lang='lat' dir='ltr'><strong>fa-</strong></span> 
     </span>
     <span class='ocr_line' id='line_1_93' title="bbox 1090 2379 1775 2421; baseline 0.001 -11"><span class='ocrx_word' id='word_1_513' title='bbox 1090 2379 1215 2411; x_wconf 80' lang='lat' dir='ltr'><strong>bulosae</strong></span> <span class='ocrx_word' id='word_1_514' title='bbox 1231 2379 1283 2421; x_wconf 86' lang='lat' dir='ltr'><strong>(id</strong></span> <span class='ocrx_word' id='word_1_515' title='bbox 1302 2385 1354 2410; x_wconf 88' lang='lat' dir='ltr'><strong>est</strong></span> <span class='ocrx_word' id='word_1_516' title='bbox 1378 2379 1560 2411; x_wconf 84' lang='lat' dir='ltr'><strong>I&#39;alumbes</strong></span> <span class='ocrx_word' id='word_1_517' title='bbox 1588 2379 1630 2411; x_wconf 88' lang='lat' dir='ltr'><strong>de</strong></span> <span class='ocrx_word' id='word_1_518' title='bbox 1654 2380 1775 2421; x_wconf 81' lang='lat' dir='ltr'><strong>quibus</strong></span> 
     </span>
     <span class='ocr_line' id='line_1_94' title="bbox 1090 2427 1775 2470; baseline 0 -11"><span class='ocrx_word' id='word_1_519' title='bbox 1090 2428 1208 2459; x_wconf 65' lang='lat' dir='ltr'><strong>Poetae</strong></span> <span class='ocrx_word' id='word_1_520' title='bbox 1226 2429 1329 2459; x_wconf 89' lang='lat' dir='ltr'><strong>multa</strong></span> <span class='ocrx_word' id='word_1_521' title='bbox 1340 2427 1551 2470; x_wconf 70' lang='lat' dir='ltr'><strong>fabulantur)</strong></span> <span class='ocrx_word' id='word_1_522' title='bbox 1567 2437 1620 2460; x_wconf 89' lang='lat' dir='ltr'><strong>me</strong></span> <span class='ocrx_word' id='word_1_523' title='bbox 1636 2437 1775 2469; x_wconf 88' lang='lat' dir='ltr'><strong>puerum</strong></span> 
     </span>
     <span class='ocr_line' id='line_1_95' title="bbox 1090 2477 1776 2518; baseline 0 -9"><span class='ocrx_word' id='word_1_524' title='bbox 1090 2478 1167 2510; x_wconf 91' lang='lat' dir='ltr'><strong>ludo</strong></span> <span class='ocrx_word' id='word_1_525' title='bbox 1182 2477 1373 2518; x_wconf 87' lang='lat' dir='ltr'><strong>fatigatum,</strong></span> <span class='ocrx_word' id='word_1_526' title='bbox 1387 2482 1423 2509; x_wconf 88' lang='lat' dir='ltr'><strong>et</strong></span> <span class='ocrx_word' id='word_1_527' title='bbox 1439 2487 1553 2510; x_wconf 83' lang='lat' dir='ltr'><strong>somno</strong></span> <span class='ocrx_word' id='word_1_528' title='bbox 1566 2478 1691 2510; x_wconf 86' lang='lat' dir='ltr'><strong>victum</strong></span> <span class='ocrx_word' id='word_1_529' title='bbox 1703 2482 1776 2509; x_wconf 83' lang='lat' dir='ltr'><strong>tex-</strong></span> 
     </span>
     <span class='ocr_line' id='line_1_96' title="bbox 1090 2525 1774 2569; baseline -0.001 -11"><span class='ocrx_word' id='word_1_530' title='bbox 1090 2537 1160 2568; x_wconf 86' lang='lat' dir='ltr'><strong>ere,</strong></span> <span class='ocrx_word' id='word_1_531' title='bbox 1190 2533 1226 2560; x_wconf 86' lang='lat' dir='ltr'><strong>et</strong></span> <span class='ocrx_word' id='word_1_532' title='bbox 1252 2537 1456 2568; x_wconf 84' lang='lat' dir='ltr'><strong>cooperuere</strong></span> <span class='ocrx_word' id='word_1_533' title='bbox 1479 2536 1565 2558; x_wconf 87' lang='lat' dir='ltr'><strong>nova</strong></span> <span class='ocrx_word' id='word_1_534' title='bbox 1584 2525 1702 2558; x_wconf 83' lang='lat' dir='ltr'><strong>fronde</strong></span> <span class='ocrx_word' id='word_1_535' title='bbox 1724 2526 1774 2569; x_wconf 88' lang='lat' dir='ltr'><strong>(id</strong></span> 
     </span>
     <span class='ocr_line' id='line_1_97' title="bbox 1089 2575 1773 2616; baseline -0.001 -9"><span class='ocrx_word' id='word_1_536' title='bbox 1089 2581 1142 2607; x_wconf 85' lang='lat' dir='ltr'><strong>est</strong></span> <span class='ocrx_word' id='word_1_537' title='bbox 1157 2576 1275 2608; x_wconf 87' lang='lat' dir='ltr'><strong>fronde</strong></span> <span class='ocrx_word' id='word_1_538' title='bbox 1297 2576 1422 2607; x_wconf 87' lang='lat' dir='ltr'><strong>recenti</strong></span> <span class='ocrx_word' id='word_1_539' title='bbox 1446 2580 1481 2607; x_wconf 88' lang='lat' dir='ltr'><strong>et</strong></span> <span class='ocrx_word' id='word_1_540' title='bbox 1505 2575 1621 2616; x_wconf 87' lang='lat' dir='ltr'><strong>viridi)</strong></span> <span class='ocrx_word' id='word_1_541' title='bbox 1642 2575 1677 2607; x_wconf 86' lang='lat' dir='ltr'><strong>in</strong></span> <span class='ocrx_word' id='word_1_542' title='bbox 1693 2575 1773 2606; x_wconf 90' lang='lat' dir='ltr'><strong>Vul-</strong></span> 
     </span>
    </p>

    <p class='ocr_par' dir='ltr' id='par_1_19' title="bbox 1088 2625 1772 2765">
     <span class='ocr_line' id='line_1_98' title="bbox 1090 2625 1772 2666; baseline -0.006 -9"><span class='ocrx_word' id='word_1_543' title='bbox 1090 2631 1165 2658; x_wconf 87' lang='lat' dir='ltr'><strong>ture</strong></span> <span class='ocrx_word' id='word_1_544' title='bbox 1181 2626 1292 2666; x_wconf 85' lang='lat' dir='ltr'><strong>Apulo</strong></span> <span class='ocrx_word' id='word_1_545' title='bbox 1308 2625 1358 2666; x_wconf 89' lang='lat' dir='ltr'><strong>(id</strong></span> <span class='ocrx_word' id='word_1_546' title='bbox 1383 2628 1434 2656; x_wconf 87' lang='lat' dir='ltr'><strong>est</strong></span> <span class='ocrx_word' id='word_1_547' title='bbox 1455 2625 1488 2657; x_wconf 91' lang='lat' dir='ltr'><strong>in</strong></span> <span class='ocrx_word' id='word_1_548' title='bbox 1505 2625 1646 2656; x_wconf 84' lang='lat' dir='ltr'><strong>Vulture</strong></span> <span class='ocrx_word' id='word_1_549' title='bbox 1661 2627 1772 2666; x_wconf 80' lang='lat' dir='ltr'><strong>monte</strong></span> 
     </span>
     <span class='ocr_line' id='line_1_99' title="bbox 1088 2671 1770 2716; baseline -0.007 -10"><span class='ocrx_word' id='word_1_550' title='bbox 1088 2674 1240 2716; x_wconf 85' lang='lat' dir='ltr'><strong>Apuliae)</strong></span> <span class='ocrx_word' id='word_1_551' title='bbox 1256 2679 1352 2706; x_wconf 79' lang='lat' dir='ltr'><strong>extra</strong></span> <span class='ocrx_word' id='word_1_552' title='bbox 1367 2674 1466 2705; x_wconf 87' lang='lat' dir='ltr'><strong>limen</strong></span> <span class='ocrx_word' id='word_1_553' title='bbox 1481 2673 1617 2715; x_wconf 59' lang='lat' dir='ltr'><strong>Apuliae</strong></span> <span class='ocrx_word' id='word_1_554' title='bbox 1633 2671 1770 2710; x_wconf 76' lang='lat' dir='ltr'><strong>altricis,</strong></span> 
     </span>
     <span class='ocr_line' id='line_1_100' title="bbox 1090 2720 1772 2776; baseline -0.009 -20"><span class='ocrx_word' id='word_1_555' title='bbox 1090 2725 1122 2756; x_wconf 88' lang='lat' dir='ltr'><strong>id</strong></span> <span class='ocrx_word' id='word_1_556' title='bbox 1140 2731 1202 2765; x_wconf 83' lang='lat' dir='ltr'><strong>est,</strong></span> <span class='ocrx_word' id='word_1_557' title='bbox 1230 2724 1371 2758; x_wconf 85' lang='lat' dir='ltr'><strong>nutricis</strong></span> <span class='ocrx_word' id='word_1_558' title='bbox 1392 2733 1474 2756; x_wconf 80' lang='lat' dir='ltr'><strong>meae</strong></span> <span class='ocrx_word' id='word_1_559' title='bbox 1501 2728 1536 2755; x_wconf 83' lang='lat' dir='ltr'><strong>et</strong></span> <span class='ocrx_word' id='word_1_560' title='bbox 1559 2722 1619 2776; x_wconf 81' lang='lat' dir='ltr'><strong>soli</strong></span> <span class='ocrx_word' id='word_1_561' title='bbox 1640 2720 1772 2752; x_wconf 76' lang='lat' dir='ltr'><strong>natalis.</strong></span> 
     </span>
    </p>
   </div>
  </div>
 </body>
</html>
