1916 3262
497 307 705 342 nons'rn
737 306 1008 338 οΑηΜιΝυΜ
1042 306 1140 337 ma.
1171 306 1243 337 111.
1275 295 1316 338 7.

178 405 325 446 Tempus
348 403 432 435 illud
457 402 686 444 vespertinum
707 399 874 441 βυῦλυτος,

180 465 200 485 a
230 454 330 486 boum
355 453 534 492 solutione,
560 451 701 483 dicitnr.
729 451 874 483 Torrent-

182 503 336 543 [Portare
346 503 448 542 fustis
469 501 569 534 codd.
583 510 638 541 ap.
652 500 790 541 Jaeck.]

220 555 263 585 42
286 554 429 584 Matar-et
447 550 583 590 umbras]
604 550 770 590 Vesperi;
798 559 872 582 nam

177 603 235 634 Sol
250 602 458 634 descendens
474 603 583 631 mutat
597 599 746 630 umbras.

220 654 263 685 44
285 653 395 692 Agens
408 650 552 691 abeunte]
578 649 761 681 Adducens
787 652 871 680 tem-

178 713 244 744 pus
267 707 414 744 gratum,
438 702 471 733 id
491 706 556 741 est,
579 705 728 740 noctem,
751 701 783 732 in
805 709 874 742 qua

178 752 392 794 quiescimus,
403 761 502 784 curru
515 760 590 790 suo,
602 750 636 782 in
649 760 715 792 quo
727 751 874 791 vehitur,

177 801 373 833 recedente.

215 851 258 882 45
280 850 442 882 Damnum
455 850 531 891 quid
546 860 606 882 non
620 850 779 882 imminuit
791 849 874 891 dies]

174 901 323 932 Carmen
361 900 598 940 pulcerrimum
628 909 731 931 aurea
772 900 874 941 plane

173 949 348 983 concludit
363 951 546 990 sententia,
559 954 595 982 et
610 960 652 982 ea
667 949 803 991 quidem
819 959 874 981 ve-

173 999 318 1040 rissima,
334 1000 362 1032 si
378 1009 432 1032 res
446 1000 588 1041 singulae
603 998 875 1033 considerentur.

177 1049 302 1081 Omnia
322 1050 410 1081 enim
433 1054 508 1081 orta
528 1049 690 1081 occidunt
714 1053 750 1081 et
773 1055 875 1081 aucta

176 1103 369 1130 senescunt.
422 1099 551 1130 Verum
582 1099 691 1129 omnis
720 1103 804 1130 aetas
832 1099 874 1131 de

177 1157 236 1179 suo
260 1149 388 1179 saeculo
410 1153 532 1189 questa
556 1152 631 1188 est;
654 1147 811 1189 quodque
827 1149 874 1179 le-

176 1207 254 1237 gum
281 1207 479 1238 morumque
506 1207 597 1229 nilne
626 1203 760 1234 exacta.
784 1207 874 1230 nunc

176 1248 333 1288 neglecta
359 1248 598 1280 observatione
630 1248 810 1289 contingit,
838 1253 876 1281 ut

175 1297 361 1330 deteriores
375 1299 428 1329 vel
445 1298 601 1329 meliores
613 1299 727 1337 simus,
742 1298 775 1329 id
790 1303 875 1330 tem·

176 1347 250 1387 pori
277 1347 491 1388 imputamus.
517 1347 662 1378 Torrent.
714 1348 877 1380 Damnem

175 1396 252 1436 quia
274 1406 333 1427 non
357 1396 516 1427 imminuit
538 1396 621 1436 dies]
645 1395 743 1435 Dim,
757 1396 791 1427 id
807 1402 873 1434 est,

174 1451 319 1485 tempus,
342 1445 497 1476 omnibus
522 1445 623 1477 rebus
650 1445 808 1477 damnum
837 1451 873 1478 et

174 1495 351 1527 interitum
377 1494 642 1537 afferens,fquid
666 1505 733 1528 non
753 1506 872 1528 consu-

174 1545 259 1576 nfit?

213 1597 256 1626 4⁷
281 1595 361 1627 Mox
380 1594 522 1636 daturos]
545 1596 655 1627 Paulo
672 1599 760 1637 post.
804 1596 874 1628 Hic

171 1643 316 1676 observa
344 1645 536 1686 elegantem
572 1646 808 1687 gradationem
838 1647 872 1678 iu

173 1693 282 1726 tribus
298 1695 496 1726 versiculis:
522 1694 604 1726 Avis
626 1699 799 1736 parentes,
814 1705 874 1736 pa-

173 1743 327 1775 rentibus
345 1753 420 1783 nos,
441 1743 541 1775 nobis
557 1744 666 1776 nostri
682 1745 780 1776 liberi
794 1749 875 1776 suut

173 1792 370 1824 deteriores.

180 1840 263 1872 One
280 1850 349 1873 vn.
379 1842 644 1881 Συμβουλευτυεή.
688 1843 746 1874 An
766 1843 876 1876 Asa-z·

219 1898 320 1921 mnu.
365 1890 570 1922 Consolatur
584 1901 670 1928 eam,
687 1892 730 1923 de
745 1892 809 1923 viri
824 1893 875 1924 sui

218 1938 373 1970 absentia
410 1945 576 1980 moestam,
609 1946 806 1983 monetque,
836 1946 876 1975 ut

216 1988 317 2019 tidem
331 1990 548 2030 conjugalem
561 1991 594 2021 ei
607 1990 720 2022 datam
736 1996 863 2025 servet.

219 2041 236 2070 1
263 2038 360 2074 Quid,
372 2040 448 2079 fles,
466 2039 607 2081 Asterie]
631 2041 728 2072 Ordo
750 2046 816 2082 est,
839 2046 874 2074 et

174 2096 311 2119 sensus:
336 2089 368 2120 Ο
386 2089 538 2128 Asterie,
552 2090 632 2130 quid
649 2089 736 2122 fles?
758 2091 791 2122 id
807 2097 875 2131 est,

173 2137 252 2178 quid
277 2136 392 2169 flendo
422 2138 596 2170 desideras
627 2140 750 2181 Gygen
773 2141 874 2181 juve-

173 2197 250 2219 nem
281 2189 469 2220 constantis
494 2188 584 2225 fidei,
614 2199 731 2231 quem,
751 2191 875 2232 Thyna

172 2247 286 2269 merce
317 2238 468 2277 beatum,
496 2239 634 2270 candidi
664 2241 818 2281 Favonii,
838 2241 874 2273 id

172 2292 238 2327 est,
261 2288 374 2319 sereni
399 2289 492 2319 venti
516 2290 746 2323 occidentales
765 2292 874 2333 primo

172 2345 253 2367 vere
284 2336 348 2368 tibi
383 2338 578 2371 restituent.
639 2340 713 2372 Tibi
747 2342 876 2373 candidi

175 2386 284 2418 Primo
309 2388 476 2419 restituent
500 2398 569 2420 vere
594 2390 742 2431 Fauonii]
764 2391 874 2422 Favo-

173 2437 248 2467 nios
279 2436 404 2477 Gygen
443 2437 644 2470 reducturos
681 2440 875 2480 promittit:

176 2493 242 2514 nou
258 2485 349 2525 quod
367 2484 471 2516 Orico
485 2486 721 2526 navigantibus
743 2489 776 2521 in
801 2489 875 2521 Ita-

171 2533 256 2564 liam
286 2539 408 2564 ventus
440 2535 498 2566 ille
530 2537 699 2576 propitius
731 2540 786 2581 sit,
814 2541 874 2572 sed

176 2583 258 2624 quia
282 2584 372 2624 quod
403 2592 446 2614 11.
469 2587 522 2616 47.
568 2586 700 2618 Plinius
723 2589 784 2628 ait,
806 2590 876 2622 Ver

178 2632 290 2674 aperit
315 2633 556 2673 navigantibus
578 2636 704 2675 maria3
727 2639 820 2679 cujus
841 2640 876 2671 in

177 2682 348 2724 principio
361 2683 504 2714 Favonii
526 2684 703 2717 hibernum
721 2689 879 2722 molliunt

177 2733 311 2765 coelum.
362 2732 515 2764 Perinde
548 2734 653 2775 igitur
681 2740 747 2777 est,
779 2747 820 2770 ac
849 2740 878 2771 si

176 2785 187 2802 ⁶
205 2782 314 2824 primo
329 2782 430 2814 vere’
453 2782 596 2815 dixisset
612 2784 776 2818 Horatius
792 2788 879 2820 redi-

180 2837 303 2871 turum,
319 2841 386 2865 non
403 2832 520 2865 addita
535 2834 708 2867 mentione
725 2836 876 2870 Favonii.

1514 297 1534 337 1
1544 295 1631 339 451

923 399 934 418 ⁸
946 397 1120 431 Candidos
1132 398 1141 411 ’
1155 401 1270 430 autem
1286 400 1389 428 vocat
1400 396 1581 438 Favonios,
1592 402 1632 430 ut

927 449 1009 480 laeta
1024 453 1061 480 et
1076 447 1191 480 fausta
1206 447 1318 479 omnia
1334 450 1344 464 ‘
1358 445 1521 478 candida'
1548 447 1631 478 dici·

926 506 1013 537 mus,
1035 499 1046 515 ‘
1062 496 1160 528 atra’
1183 505 1265 528 vero
1279 496 1330 527 his
1346 495 1529 528 contraria.
1554 496 1631 526 Tor·

893 544 902 554 “
924 549 1006 578 rent.
1049 547 1203 578 Glarean-

967 599 987 628 3
1014 597 1123 638 Thyna
1137 596 1252 638 merce]
1293 596 1390 629 Idem
1406 595 1496 638 quod
1511 595 1632 636 Bithy-

925 655 981 687 na,
1010 652 1049 678 ut
1077 651 1087 665 ⁸
1101 646 1290 688 Thyniam'
1320 656 1383 687 pro
1412 647 1422 663 ‘
1442 644 1629 686 Bithynia'

924 695 1049 728 alicubi
1061 696 1235 737 Camnus3
1254 707 1274 728 a
1286 696 1415 738 Thynis
1429 696 1518 727 enim
1528 695 1632 726 Tbra-

924 745 986 778 ciae
1002 746 1151 788 populis,
1166 747 1240 788 ejus
1254 747 1416 788 regionis,
1431 756 1507 788 quae
1523 746 1632 777 Troa-

925 795 959 827 di
977 797 1132 837 proxima
1158 802 1225 838 est,
1249 797 1370 829 iucolae
1394 805 1516 828 nomen
1540 801 1631 827 trax-

925 846 991 878 isse
1006 847 1208 880 creduntur.
1250 847 1364 879 Testis
1378 846 1504 878 Strabo
1519 846 1543 877 l.
1559 854 1629 877 vn.

925 901 961 928 et
976 897 1184 930 Claudianus
1195 907 1271 930 cum
1285 898 1334 929 ait
1349 908 1358 930 ε
1380 898 1391 916 ⁴
1405 896 1516 937 Thyni
1526 896 1631 928 Thra·

925 956 981 978 ces
995 952 1108 988 arant,
1122 958 1200 990 quae
1217 957 1306 979 nunc
1318 946 1483 988 Bithynia
1498 944 1632 978 fertur!

925 997 1123 1039 Bithyniam
1140 1002 1254 1030 autem
1271 997 1442 1029 mutandis
1459 995 1630 1028 mercibus

923 1051 1121 1088 oportunam
1149 1047 1268 1083 fuisse,
1307 1047 1412 1079 docet
1449 1046 1574 1078 Horat.
1600 1054 1627 1076 1.

926 1095 995 1127 Od.
1009 1099 1063 1128 35.
1107 1098 1217 1138 Thyna
1232 1096 1346 1137 merce]
1361 1096 1626 1137 Locupletatum

924 1156 1039 1179 merce
1054 1147 1200 1180 advecta
1216 1157 1235 1179 e
1252 1148 1385 1180 Cilicia.

967 1200 988 1229 4
1013 1199 1181 1230 Constant-i
1186 1198 1334 1238 juvenem
1340 1197 1426 1239 fide]
1444 1195 1629 1228 Lambinus

924 1247 1024 1288 legit,
1041 1249 1225 1280 Constantis
1238 1247 1469 1291 Juvenemfide.
1493 1246 1540 1278 At
1552 1255 1627 1278 nos-

926 1298 970 1328 tri
987 1299 1123 1330 codices
1139 1308 1256 1331 omnes
1264 1299 1345 1340 fidei
1365 1298 1505 1338 babent,
1526 1301 1563 1328 et
1578 1300 1630 1327 est

923 1347 1133 1387 Synaeresis:
1158 1349 1224 1380 nisi
1241 1348 1400 1390 quisfidii
1414 1346 1506 1379 forte
1521 1346 1629 1378 malit.

925 1397 1013 1427 Nam
1029 1397 1078 1428 sic
1093 1407 1228 1439 quoque
1245 1398 1410 1428 dixerunt
1425 1401 1575 1437 veteres,
1587 1400 1627 1426 ut

920 1444 930 1463 ‘
945 1446 1092 1487 pernicii
1105 1446 1114 1460 ’
1144 1447 1247 1478 etiam
1277 1447 1350 1478 Cic.
1376 1446 1410 1477 in
1437 1445 1537 1477 Orat.
1566 1454 1628 1485 pro

921 1494 1000 1526 Sex.
1017 1495 1157 1536 Roscio,
1175 1501 1265 1528 teste
1282 1496 1396 1528 Gellio
1409 1504 1464 1527 ix.
1484 1497 1538 1526 14.
1584 1495 1630 1526 Et

921 1554 965 1576 ex
981 1545 1125 1576 Caesaris
1140 1545 1184 1577 de
1200 1545 1369 1586 Analogia
1392 1545 1502 1585 libris,
1523 1545 1628 1576 etiam

920 1598 929 1612 ⁴
945 1594 1054 1626 facie’
1070 1599 1104 1627 et
1121 1596 1130 1613 ‘
1145 1595 1200 1627 die
1213 1595 1222 1608 '
1250 1592 1447 1627 insecundo
1463 1604 1545 1627 casu
1559 1594 1629 1626 dici

923 1643 1049 1684 solere,
1064 1644 1229 1676 invenies.
1258 1645 1402 1676 Tor-rent.

966 1698 985 1726 5
1012 1696 1072 1727 lue
1088 1697 1185 1727 Notis
1197 1697 1302 1737 actus]
1336 1697 1400 1728 Ille
1416 1696 1541 1738 inquit,
1556 1697 1629 1728 No-

924 1743 969 1775 tis
1000 1754 1060 1775 seu
1092 1746 1228 1777 Austris
1261 1747 1377 1786 pulsus
1401 1746 1444 1776 ad
1474 1746 1631 1786 Oricum,

923 1797 1044 1825 noctes
1059 1792 1202 1835 frigidas
1225 1795 1387 1833 traducit,
1409 1795 1483 1835 ipse
1506 1795 1630 1827 insom-

924 1842 988 1874 nis.
1017 1843 1196 1884 Significat
1213 1850 1328 1876 autem
1346 1845 1471 1885 Gygen
1487 1854 1555 1876 non
1571 1855 1633 1876 sua

924 1897 1047 1933 sponte
1070 1897 1138 1925 tam
1162 1894 1219 1925 diu
1244 1896 1366 1926 abesse
1389 1904 1409 1926 a
1431 1894 1544 1935 patria
1559 1899 1596 1927 et
1611 1905 1632 1926 a

924 1942 1007 1982 suis,
1023 1942 1082 1974 sed
1099 1948 1304 1984 tempestate
1326 1949 1510 1984 retentum,
1526 1948 1631 1985 atque

924 2001 943 2022 a
961 1992 1073 2024 reditu
1089 1993 1311 2034 prohibitum.
1340 1994 1486 2026 Lambin.
1534 1995 1632 2026 Noti·

923 2047 1013 2076 acius
1028 2047 1069 2076 ad
1087 2046 1232 2087 Oricum]
1268 2046 1310 2078 Id
1337 2052 1401 2086 est,
1425 2047 1633 2089 quibuslibet

925 2094 1037 2125 ventis
1051 2096 1247 2136 compulsus
1265 2096 1307 2128 ad
1324 2096 1483 2137 Oricum,
1497 2097 1631 2130 urbium

924 2144 1068 2184 primam
1082 2146 1115 2176 in
1133 2146 1252 2186 Epiro.

966 2197 987 2225 6
1010 2195 1090 2226 Post
1118 2195 1246 2238 insana]
1275 2197 1361 2227 Post
1385 2206 1525 2237 magnas
1547 2201 1632 2229 tem-

925 2248 1076 2284 pestates
1092 2245 1216 2286 Caprae
1232 2256 1355 2278 occasu
1369 2247 1551 2279 excitatas.
1576 2248 1632 2278 In-

923 2304 1001 2326 sana
1031 2296 1144 2336 Caproe
1172 2297 1294 2338 sidera]
1343 2298 1495 2338 Capella,
1531 2308 1632 2339 quam

925 2346 1111 2385 pluvialem
1137 2351 1239 2378 vocat
1262 2347 1354 2378 Plin.
1379 2353 1417 2379 ut
1433 2348 1530 2388 Virg.
1547 2347 1631 2379 Hoe-

924 2394 998 2432 dos,
1024 2399 1060 2425 et
1082 2401 1160 2426 ortu
1180 2401 1216 2426 et
1237 2405 1362 2427 occasu
1387 2401 1630 2437 tempestatem

925 2444 1007 2474 ciet.
1052 2444 1173 2476 Oritur
1186 2455 1267 2476 vero
1278 2454 1330 2476 ιν.
1344 2445 1427 2476 Kal.
1443 2446 1630 2477 Octobris:

926 2493 1030 2524 Hoedi
1047 2494 1226 2533 postridie.
1249 2493 1306 2525 Ab
1323 2503 1364 2524 eo
1379 2503 1461 2534 ergo
1475 2499 1631 2534 tempore

926 2543 1050 2582 Gygen
1074 2542 1170 2574 Orici
1194 2543 1409 2574 desidentem
1437 2542 1549 2582 facit3
1581 2549 1630 2580 et,

926 2592 1016 2633 quod
1047 2597 1178 2623 certum
1215 2593 1337 2622 amoris
1372 2591 1533 2623 indicium
1564 2598 1631 2632 est,

926 2647 1047 2674 noctes
1059 2648 1148 2673 totas
1158 2652 1234 2674 curn
1246 2641 1403 2682 lacrymis
1419 2641 1631 2682 vigilantem.

926 2693 1026 2735 [Post
1055 2693 1179 2732 insana,
1206 2701 1310 2732 caper,
1330 2691 1455 2728 foedera
1483 2692 1631 2724 Schoen—

929 2743 1026 2775 born.
1039 2741 1087 2781 2.]

973 2795 994 2823 8
1018 2791 1191 2832 Ιηεοηιηίε]
1213 2791 1293 2823 Non
1305 2791 1486 2823 dormiens.

971 2845 992 2873 9
1016 2841 1114 2883 Atqui
1142 2841 1286 2873 sonicite
1322 2841 1451 2873 nuntius
1482 2841 1629 2886 hospitae]
