<?xml version="1.0" encoding="UTF-8"?>
<!DOCTYPE html PUBLIC "-//W3C//DTD XHTML 1.0 Transitional//EN"
    "http://www.w3.org/TR/xhtml1/DTD/xhtml1-transitional.dtd">
<html xmlns="http://www.w3.org/1999/xhtml" xml:lang="en" lang="en">
 <head>
  <title>
</title>
<meta http-equiv="Content-Type" content="text/html;charset=utf-8" />
  <meta name='ocr-system' content='tesseract 3.04.00' />
  <meta name='ocr-capabilities' content='ocr_page ocr_carea ocr_par ocr_line ocrx_word'/>
</head>
<body>
  <div class='ocr_page' id='page_1' title='image "./operazeune03horauoft/operazeune03horauoft_0509.png"; bbox 0 0 1904 3216; ppageno 0'>
   <div class='ocr_carea' id='block_1_1' title="bbox 476 263 1260 312">
    <p class='ocr_par' dir='ltr' id='par_1_1' title="bbox 476 263 1260 312">
     <span class='ocr_line' id='line_1_1' title="bbox 476 263 1260 312; baseline -0.001 -1"><span class='ocrx_word' id='word_1_1' title='bbox 476 263 684 312; x_wconf 74' lang='lat' dir='ltr'>HoRA&#39;ru</span> <span class='ocrx_word' id='word_1_2' title='bbox 719 280 993 311; x_wconf 77' lang='lat' dir='ltr'><strong>SERMONUM</strong></span> <span class='ocrx_word' id='word_1_3' title='bbox 1032 280 1125 312; x_wconf 72' lang='lat' dir='ltr'>mn.</span> <span class='ocrx_word' id='word_1_4' title='bbox 1159 282 1188 310; x_wconf 86' lang='lat'>1.</span> <span class='ocrx_word' id='word_1_5' title='bbox 1218 269 1260 311; x_wconf 85' lang='grc'>8.</span> 
     </span>
    </p>
   </div>
   <div class='ocr_carea' id='block_1_2' title="bbox 137 374 839 1113">
    <p class='ocr_par' dir='ltr' id='par_1_2' title="bbox 140 374 839 806">
     <span class='ocr_line' id='line_1_2' title="bbox 143 374 838 416; baseline -0.001 -10"><span class='ocrx_word' id='word_1_6' title='bbox 143 374 280 407; x_wconf 77' lang='lat' dir='ltr'>ficetur.</span> <span class='ocrx_word' id='word_1_7' title='bbox 302 375 368 407; x_wconf 86' lang='lat' dir='ltr'>Sed</span> <span class='ocrx_word' id='word_1_8' title='bbox 383 375 581 416; x_wconf 80' lang='lat' dir='ltr'>Tisiphones</span> <span class='ocrx_word' id='word_1_9' title='bbox 600 375 708 407; x_wconf 82' lang='lat' dir='ltr'>rarior</span> <span class='ocrx_word' id='word_1_10' title='bbox 722 375 755 405; x_wconf 89' lang='lat' dir='ltr'>in</span> <span class='ocrx_word' id='word_1_11' title='bbox 771 383 838 405; x_wconf 84' lang='lat' dir='ltr'>ma-</span> 
     </span>
     <span class='ocr_line' id='line_1_3' title="bbox 143 424 839 466; baseline -0.001 -11"><span class='ocrx_word' id='word_1_12' title='bbox 143 425 228 466; x_wconf 84' lang='lat' dir='ltr'>gicis</span> <span class='ocrx_word' id='word_1_13' title='bbox 250 425 387 457; x_wconf 80' lang='lat' dir='ltr'>mentio.</span> <span class='ocrx_word' id='word_1_14' title='bbox 431 425 522 459; x_wconf 84' lang='lat' dir='ltr'>Quin</span> <span class='ocrx_word' id='word_1_15' title='bbox 547 435 649 457; x_wconf 88' lang='lat' dir='ltr'>canes</span> <span class='ocrx_word' id='word_1_16' title='bbox 674 425 749 456; x_wconf 87' lang='lat' dir='ltr'>illas</span> <span class='ocrx_word' id='word_1_17' title='bbox 762 424 839 464; x_wconf 89' lang='lat' dir='ltr'>Sty-</span> 
     </span>
     <span class='ocr_line' id='line_1_4' title="bbox 141 474 838 516; baseline 0 -11"><span class='ocrx_word' id='word_1_18' title='bbox 141 476 223 514; x_wconf 81' lang='lat' dir='ltr'>gias,</span> <span class='ocrx_word' id='word_1_19' title='bbox 247 476 318 507; x_wconf 84' lang='lat' dir='ltr'>sive</span> <span class='ocrx_word' id='word_1_20' title='bbox 342 476 498 516; x_wconf 71' lang='lat' dir='ltr'>Hecatae,</span> <span class='ocrx_word' id='word_1_21' title='bbox 520 476 591 507; x_wconf 86' lang='lat' dir='ltr'>sive</span> <span class='ocrx_word' id='word_1_22' title='bbox 606 474 838 515; x_wconf 77' lang='lat' dir='ltr'>Proserpinae,</span> 
     </span>
     <span class='ocr_line' id='line_1_5' title="bbox 142 524 835 565; baseline 0 -10"><span class='ocrx_word' id='word_1_23' title='bbox 142 530 202 556; x_wconf 86' lang='lat' dir='ltr'>aut</span> <span class='ocrx_word' id='word_1_24' title='bbox 225 525 328 557; x_wconf 81' lang='lat' dir='ltr'>etiam</span> <span class='ocrx_word' id='word_1_25' title='bbox 353 525 473 558; x_wconf 83' lang='lat' dir='ltr'>Diauae</span> <span class='ocrx_word' id='word_1_26' title='bbox 501 534 628 563; x_wconf 86' lang='lat' dir='ltr'>sacras,</span> <span class='ocrx_word' id='word_1_27' title='bbox 650 524 739 565; x_wconf 86' lang='lat' dir='ltr'>ipsas</span> <span class='ocrx_word' id='word_1_28' title='bbox 762 534 835 556; x_wconf 89' lang='lat' dir='ltr'>esse</span> 
     </span>
     <span class='ocr_line' id='line_1_6' title="bbox 141 574 839 608; baseline 0.003 -3"><span class='ocrx_word' id='word_1_29' title='bbox 141 574 261 608; x_wconf 84' lang='lat' dir='ltr'>Furias</span> <span class='ocrx_word' id='word_1_30' title='bbox 276 575 415 607; x_wconf 78' lang='lat' dir='ltr'>Servius</span> <span class='ocrx_word' id='word_1_31' title='bbox 438 575 685 607; x_wconf 73' lang='lat' dir='ltr'>Grammaticus</span> <span class='ocrx_word' id='word_1_32' title='bbox 705 575 839 608; x_wconf 87' lang='lat' dir='ltr'>censuit</span> 
     </span>
     <span class='ocr_line' id='line_1_7' title="bbox 142 623 838 666; baseline 0.003 -11"><span class='ocrx_word' id='word_1_33' title='bbox 142 623 184 655; x_wconf 82' lang='lat' dir='ltr'>ad</span> <span class='ocrx_word' id='word_1_34' title='bbox 202 624 336 656; x_wconf 83' lang='lat' dir='ltr'>AEneid.</span> <span class='ocrx_word' id='word_1_35' title='bbox 350 634 403 657; x_wconf 77' lang='lat' dir='ltr'>vt.</span> <span class='ocrx_word' id='word_1_36' title='bbox 425 625 584 666; x_wconf 73' lang='lat' dir='ltr'>additque</span> <span class='ocrx_word' id='word_1_37' title='bbox 608 625 618 641; x_wconf 94' lang='lat'>‘</span> <span class='ocrx_word' id='word_1_38' title='bbox 634 624 765 656; x_wconf 85' lang='lat' dir='ltr'>ululare</span> <span class='ocrx_word' id='word_1_39' title='bbox 777 625 786 638; x_wconf 90' lang='lat'><em>&#39;</em></span> <span class='ocrx_word' id='word_1_40' title='bbox 801 630 838 657; x_wconf 91' lang='lat' dir='ltr'>et</span> 
     </span>
     <span class='ocr_line' id='line_1_8' title="bbox 141 674 837 707; baseline 0.003 -3"><span class='ocrx_word' id='word_1_41' title='bbox 141 683 262 706; x_wconf 87' lang='lat' dir='ltr'>canum</span> <span class='ocrx_word' id='word_1_42' title='bbox 278 684 354 707; x_wconf 88' lang='lat' dir='ltr'>esse</span> <span class='ocrx_word' id='word_1_43' title='bbox 369 679 406 707; x_wconf 91' lang='lat' dir='ltr'>et</span> <span class='ocrx_word' id='word_1_44' title='bbox 421 675 607 706; x_wconf 75' lang='lat' dir='ltr'><strong>Furiarum.</strong></span> <span class='ocrx_word' id='word_1_45' title='bbox 652 674 733 705; x_wconf 85' lang='lat' dir='ltr'>Vid.</span> <span class='ocrx_word' id='word_1_46' title='bbox 750 675 837 706; x_wconf 89' lang='lat' dir='ltr'>Tur-</span> 
     </span>
     <span class='ocr_line' id='line_1_9' title="bbox 141 722 835 757; baseline 0.006 -4"><span class='ocrx_word' id='word_1_47' title='bbox 141 722 219 755; x_wconf 86' lang='lat' dir='ltr'>neb.</span> <span class='ocrx_word' id='word_1_48' title='bbox 244 733 330 756; x_wconf 83' lang='lat' dir='ltr'>xm.</span> <span class='ocrx_word' id='word_1_49' title='bbox 351 727 403 757; x_wconf 75' lang='lat'>12.</span> <span class='ocrx_word' id='word_1_50' title='bbox 425 733 505 757; x_wconf 81' lang='lat' dir='ltr'>xvi.</span> <span class='ocrx_word' id='word_1_51' title='bbox 526 727 559 756; x_wconf 89' lang='lat'>4.</span> <span class='ocrx_word' id='word_1_52' title='bbox 584 729 621 756; x_wconf 90' lang='lat' dir='ltr'>et</span> <span class='ocrx_word' id='word_1_53' title='bbox 648 733 756 757; x_wconf 78' lang='lat' dir='ltr'>xxix.</span> <span class='ocrx_word' id='word_1_54' title='bbox 780 728 835 757; x_wconf 88' lang='lat'>44.</span> 
     </span>
     <span class='ocr_line' id='line_1_10' title="bbox 140 773 286 806; baseline 0.014 -2"><span class='ocrx_word' id='word_1_55' title='bbox 140 773 286 806; x_wconf 76' lang='lat' dir='ltr'>Torrent-</span> 
     </span>
    </p>

    <p class='ocr_par' dir='ltr' id='par_1_3' title="bbox 137 823 838 1113">
     <span class='ocr_line' id='line_1_11' title="bbox 181 823 837 866; baseline 0.002 -11"><span class='ocrx_word' id='word_1_56' title='bbox 181 826 222 855; x_wconf 81' lang='lat'>:35</span> <span class='ocrx_word' id='word_1_57' title='bbox 254 823 402 863; x_wconf 75' lang='lat' dir='ltr'>Infernas</span> <span class='ocrx_word' id='word_1_58' title='bbox 428 835 533 856; x_wconf 73' lang='lat' dir='ltr'>errare</span> <span class='ocrx_word' id='word_1_59' title='bbox 560 823 668 864; x_wconf 82' lang='lat' dir='ltr'>canes]</span> <span class='ocrx_word' id='word_1_60' title='bbox 701 825 837 866; x_wconf 87' lang='lat' dir='ltr'>Stygias</span> 
     </span>
     <span class='ocr_line' id='line_1_12' title="bbox 138 874 838 915; baseline 0.004 -11"><span class='ocrx_word' id='word_1_61' title='bbox 138 882 240 905; x_wconf 86' lang='lat' dir='ltr'>canes</span> <span class='ocrx_word' id='word_1_62' title='bbox 263 874 478 915; x_wconf 63' lang='lat' dir='ltr'>Proserpinae</span> <span class='ocrx_word' id='word_1_63' title='bbox 501 875 655 907; x_wconf 75' lang='lat' dir='ltr'>comites.</span> <span class='ocrx_word' id='word_1_64' title='bbox 700 875 838 907; x_wconf 80' lang='lat' dir='ltr'>Lunam-</span> 
     </span>
     <span class='ocr_line' id='line_1_13' title="bbox 137 924 836 966; baseline 0.006 -12"><span class='ocrx_word' id='word_1_65' title='bbox 137 933 194 964; x_wconf 73' lang='lat' dir='ltr'>que</span> <span class='ocrx_word' id='word_1_66' title='bbox 208 924 379 965; x_wconf 79' lang='lat' dir='ltr'>rubentem]</span> <span class='ocrx_word' id='word_1_67' title='bbox 395 925 551 958; x_wconf 84' lang='lat' dir='ltr'>Ridicule</span> <span class='ocrx_word' id='word_1_68' title='bbox 565 935 632 957; x_wconf 89' lang='lat' dir='ltr'>non</span> <span class='ocrx_word' id='word_1_69' title='bbox 649 926 836 966; x_wconf 88' lang='lat' dir='ltr'>pallentem</span> 
     </span>
     <span class='ocr_line' id='line_1_14' title="bbox 138 973 835 1016; baseline 0.004 -11"><span class='ocrx_word' id='word_1_70' title='bbox 138 973 303 1007; x_wconf 81' lang='lat' dir='ltr'>describit</span> <span class='ocrx_word' id='word_1_71' title='bbox 316 976 443 1015; x_wconf 86' lang='lat' dir='ltr'>lunam,</span> <span class='ocrx_word' id='word_1_72' title='bbox 454 977 561 1016; x_wconf 83' lang='lat' dir='ltr'>qualis</span> <span class='ocrx_word' id='word_1_73' title='bbox 574 986 648 1008; x_wconf 88' lang='lat' dir='ltr'>esse</span> <span class='ocrx_word' id='word_1_74' title='bbox 657 976 745 1008; x_wconf 87' lang='lat' dir='ltr'>solet</span> <span class='ocrx_word' id='word_1_75' title='bbox 759 986 835 1008; x_wconf 91' lang='lat' dir='ltr'>cum</span> 
     </span>
     <span class='ocr_line' id='line_1_15' title="bbox 139 1024 835 1063; baseline 0.001 -6"><span class='ocrx_word' id='word_1_76' title='bbox 139 1024 365 1057; x_wconf 72' lang='lat' dir='ltr'>‚veneficarum</span> <span class='ocrx_word' id='word_1_77' title='bbox 383 1026 584 1057; x_wconf 77' lang='lat' dir='ltr'>carminibus</span> <span class='ocrx_word' id='word_1_78' title='bbox 609 1026 751 1063; x_wconf 87' lang='lat' dir='ltr'>laborat,</span> <span class='ocrx_word' id='word_1_79' title='bbox 773 1027 835 1059; x_wconf 85' lang='lat' dir='ltr'>sed</span> 
     </span>
     <span class='ocr_line' id='line_1_16' title="bbox 140 1073 836 1113; baseline 0.007 -10"><span class='ocrx_word' id='word_1_80' title='bbox 140 1073 268 1113; x_wconf 84' lang='lat' dir='ltr'>pudore</span> <span class='ocrx_word' id='word_1_81' title='bbox 284 1078 336 1106; x_wconf 89' lang='lat' dir='ltr'>tot</span> <span class='ocrx_word' id='word_1_82' title='bbox 348 1075 513 1107; x_wconf 83' lang='lat' dir='ltr'>scelerum</span> <span class='ocrx_word' id='word_1_83' title='bbox 524 1076 780 1109; x_wconf 79' lang='lat' dir='ltr'>erubescentem</span> <span class='ocrx_word' id='word_1_84' title='bbox 790 1078 836 1108; x_wconf 87' lang='lat' dir='ltr'>la—</span> 
     </span>
    </p>
   </div>
   <div class='ocr_carea' id='block_1_3' title="bbox 99 1121 838 1166">
    <p class='ocr_par' dir='ltr' id='par_1_4' title="bbox 99 1121 838 1166">
     <span class='ocr_line' id='line_1_17' title="bbox 99 1121 838 1166; baseline 0.009 -14"><span class='ocrx_word' id='word_1_85' title='bbox 99 1164 101 1166; x_wconf 17' lang='grc'><strong><em>·</em></strong></span> <span class='ocrx_word' id='word_1_86' title='bbox 138 1121 428 1165; x_wconf 83' lang='lat' dir='ltr'>titantemque,ne</span> <span class='ocrx_word' id='word_1_87' title='bbox 444 1126 531 1157; x_wconf 87' lang='lat' dir='ltr'>ultra</span> <span class='ocrx_word' id='word_1_88' title='bbox 540 1127 744 1166; x_wconf 82' lang='lat' dir='ltr'>aspicerent.</span> <span class='ocrx_word' id='word_1_89' title='bbox 762 1127 838 1158; x_wconf 82' lang='lat' dir='ltr'>Tor-</span> 
     </span>
    </p>
   </div>
   <div class='ocr_carea' id='block_1_4' title="bbox 107 1175 836 2867">
    <p class='ocr_par' dir='ltr' id='par_1_5' title="bbox 107 1175 836 1257">
     <span class='ocr_line' id='line_1_18' title="bbox 107 1175 836 1217; baseline 0.004 -10"><span class='ocrx_word' id='word_1_90' title='bbox 107 1204 110 1207; x_wconf 24' lang='lat'>.</span> <span class='ocrx_word' id='word_1_91' title='bbox 137 1177 217 1206; x_wconf 85' lang='lat' dir='ltr'>rent.</span> <span class='ocrx_word' id='word_1_92' title='bbox 262 1175 448 1217; x_wconf 67' lang='lat' dir='ltr'>nubentem]</span> <span class='ocrx_word' id='word_1_93' title='bbox 482 1177 611 1209; x_wconf 90' lang='lat' dir='ltr'>Lunam</span> <span class='ocrx_word' id='word_1_94' title='bbox 633 1178 836 1210; x_wconf 87' lang='lat' dir='ltr'>erubescen-</span> 
     </span>
     <span class='ocr_line' id='line_1_19' title="bbox 140 1230 220 1257; baseline 0.038 -3"><span class='ocrx_word' id='word_1_95' title='bbox 140 1230 220 1257; x_wconf 86' lang='lat' dir='ltr'>tem.</span> 
     </span>
    </p>

    <p class='ocr_par' dir='ltr' id='par_1_6' title="bbox 138 1275 834 1365">
     <span class='ocr_line' id='line_1_20' title="bbox 179 1275 834 1318; baseline 0.009 -12"><span class='ocrx_word' id='word_1_96' title='bbox 179 1277 222 1306; x_wconf 80' lang='lat'>36</span> <span class='ocrx_word' id='word_1_97' title='bbox 245 1275 311 1307; x_wconf 80' lang='lat' dir='ltr'>His</span> <span class='ocrx_word' id='word_1_98' title='bbox 331 1277 438 1318; x_wconf 80' lang='lat' dir='ltr'>testis]</span> <span class='ocrx_word' id='word_1_99' title='bbox 462 1277 527 1310; x_wconf 87' lang='lat' dir='ltr'>His</span> <span class='ocrx_word' id='word_1_100' title='bbox 550 1278 729 1311; x_wconf 85' lang='lat' dir='ltr'>veneficiis.</span> <span class='ocrx_word' id='word_1_101' title='bbox 772 1279 834 1311; x_wconf 86' lang='lat' dir='ltr'>La-</span> 
     </span>
     <span class='ocr_line' id='line_1_21' title="bbox 138 1324 395 1365; baseline 0.004 -8"><span class='ocrx_word' id='word_1_102' title='bbox 138 1324 219 1365; x_wconf 82' lang='lat' dir='ltr'>tere]</span> <span class='ocrx_word' id='word_1_103' title='bbox 238 1326 395 1358; x_wconf 77' lang='lat' dir='ltr'>Latebat.</span> 
     </span>
    </p>

    <p class='ocr_par' dir='ltr' id='par_1_7' title="bbox 136 1375 835 1470">
     <span class='ocr_line' id='line_1_22' title="bbox 180 1375 835 1420; baseline 0.006 -14"><span class='ocrx_word' id='word_1_104' title='bbox 180 1377 220 1406; x_wconf 77' lang='lat'>37</span> <span class='ocrx_word' id='word_1_105' title='bbox 254 1377 404 1417; x_wconf 78' lang='lat' dir='ltr'>Inquiner</span> <span class='ocrx_word' id='word_1_106' title='bbox 428 1377 520 1418; x_wconf 83' lang='lat' dir='ltr'>albis]</span> <span class='ocrx_word' id='word_1_107' title='bbox 555 1375 695 1410; x_wconf 89' lang='lat' dir='ltr'>Utinam</span> <span class='ocrx_word' id='word_1_108' title='bbox 729 1383 835 1420; x_wconf 85' lang='lat' dir='ltr'>caput</span> 
     </span>
     <span class='ocr_line' id='line_1_23' title="bbox 136 1426 779 1470; baseline 0.006 -14"><span class='ocrx_word' id='word_1_109' title='bbox 136 1434 246 1458; x_wconf 86' lang='lat' dir='ltr'>meum</span> <span class='ocrx_word' id='word_1_110' title='bbox 259 1426 402 1459; x_wconf 88' lang='lat' dir='ltr'>babeam</span> <span class='ocrx_word' id='word_1_111' title='bbox 418 1428 542 1460; x_wconf 86' lang='lat' dir='ltr'>merdis</span> <span class='ocrx_word' id='word_1_112' title='bbox 559 1428 779 1470; x_wconf 89' lang='lat' dir='ltr'>inquinatum.</span> 
     </span>
    </p>

    <p class='ocr_par' dir='ltr' id='par_1_8' title="bbox 132 1477 834 1717">
     <span class='ocr_line' id='line_1_24' title="bbox 178 1477 833 1519; baseline 0.002 -11"><span class='ocrx_word' id='word_1_113' title='bbox 178 1479 220 1508; x_wconf 74' lang='lat'>³8</span> <span class='ocrx_word' id='word_1_114' title='bbox 243 1477 379 1510; x_wconf 78' lang='lat' dir='ltr'>Mictnm</span> <span class='ocrx_word' id='word_1_115' title='bbox 400 1482 492 1519; x_wconf 80' lang='lat' dir='ltr'>atque</span> <span class='ocrx_word' id='word_1_116' title='bbox 513 1479 669 1519; x_wconf 76' lang='lat' dir='ltr'>cacatum]</span> <span class='ocrx_word' id='word_1_117' title='bbox 690 1479 771 1510; x_wconf 84' lang='lat' dir='ltr'>Tale</span> <span class='ocrx_word' id='word_1_118' title='bbox 796 1479 833 1509; x_wconf 91' lang='lat' dir='ltr'>il-</span> 
     </span>
     <span class='ocr_line' id='line_1_25' title="bbox 134 1526 832 1570; baseline 0.004 -13"><span class='ocrx_word' id='word_1_119' title='bbox 134 1526 192 1558; x_wconf 81' lang='lat' dir='ltr'>lud</span> <span class='ocrx_word' id='word_1_120' title='bbox 206 1527 394 1560; x_wconf 84' lang='lat' dir='ltr'>Juvenalis.</span> <span class='ocrx_word' id='word_1_121' title='bbox 411 1529 484 1561; x_wconf 84' lang='lat' dir='ltr'>Sat.</span> <span class='ocrx_word' id='word_1_122' title='bbox 501 1538 526 1561; x_wconf 73' lang='grc' dir='ltr'>Ι.</span> <span class='ocrx_word' id='word_1_123' title='bbox 552 1530 561 1547; x_wconf 91' lang='lat'><strong>‘</strong></span> <span class='ocrx_word' id='word_1_124' title='bbox 575 1529 679 1570; x_wconf 88' lang='lat' dir='ltr'>Cujus</span> <span class='ocrx_word' id='word_1_125' title='bbox 702 1527 832 1560; x_wconf 77' lang='lat' dir='ltr'>ad&#39;effi-</span> 
     </span>
     <span class='ocr_line' id='line_1_26' title="bbox 133 1575 834 1616; baseline 0.003 -9"><span class='ocrx_word' id='word_1_126' title='bbox 133 1575 222 1616; x_wconf 84' lang='lat' dir='ltr'>giem</span> <span class='ocrx_word' id='word_1_127' title='bbox 236 1585 304 1608; x_wconf 88' lang='lat' dir='ltr'>nou</span> <span class='ocrx_word' id='word_1_128' title='bbox 320 1581 452 1609; x_wconf 88' lang='lat' dir='ltr'>tantum</span> <span class='ocrx_word' id='word_1_129' title='bbox 469 1578 595 1609; x_wconf 87' lang='lat' dir='ltr'>meiere</span> <span class='ocrx_word' id='word_1_130' title='bbox 610 1577 661 1609; x_wconf 84' lang='lat' dir='ltr'>sas</span> <span class='ocrx_word' id='word_1_131' title='bbox 678 1577 755 1609; x_wconf 75' lang='lat' dir='ltr'>est-¹</span> <span class='ocrx_word' id='word_1_132' title='bbox 786 1578 834 1609; x_wconf 90' lang='lat' dir='ltr'>Et</span> 
     </span>
     <span class='ocr_line' id='line_1_27' title="bbox 132 1625 832 1669; baseline 0.004 -12"><span class='ocrx_word' id='word_1_133' title='bbox 132 1625 206 1658; x_wconf 83' lang='lat' dir='ltr'>Sat.</span> <span class='ocrx_word' id='word_1_134' title='bbox 224 1635 276 1658; x_wconf 78' lang='lat' dir='ltr'>vr.</span> <span class='ocrx_word' id='word_1_135' title='bbox 299 1627 310 1644; x_wconf 91' lang='lat'>‘</span> <span class='ocrx_word' id='word_1_136' title='bbox 323 1625 548 1669; x_wconf 84' lang='lat' dir='ltr'>Effigiemque</span> <span class='ocrx_word' id='word_1_137' title='bbox 563 1628 648 1659; x_wconf 78' lang='lat' dir='ltr'>Deae</span> <span class='ocrx_word' id='word_1_138' title='bbox 663 1628 774 1669; x_wconf 85' lang='lat' dir='ltr'>longis</span> <span class='ocrx_word' id='word_1_139' title='bbox 789 1628 832 1660; x_wconf 86' lang='lat' dir='ltr'>si-</span> 
     </span>
     <span class='ocr_line' id='line_1_28' title="bbox 133 1675 629 1717; baseline 0.002 -10"><span class='ocrx_word' id='word_1_140' title='bbox 133 1675 300 1715; x_wconf 81' lang='lat' dir='ltr'>phonibus</span> <span class='ocrx_word' id='word_1_141' title='bbox 315 1675 460 1717; x_wconf 64' lang='lat' dir='ltr'>implet!</span> <span class='ocrx_word' id='word_1_142' title='bbox 485 1677 629 1709; x_wconf 73' lang='lat' dir='ltr'>Tan-ent.</span> 
     </span>
    </p>

    <p class='ocr_par' dir='ltr' id='par_1_9' title="bbox 125 1726 833 2657">
     <span class='ocr_line' id='line_1_29' title="bbox 175 1726 832 1767; baseline 0 -9"><span class='ocrx_word' id='word_1_143' title='bbox 175 1728 219 1758; x_wconf 72' lang='lat'>³9</span> <span class='ocrx_word' id='word_1_144' title='bbox 241 1726 383 1766; x_wconf 71' lang='lat' dir='ltr'>fragilis</span> <span class='ocrx_word' id='word_1_145' title='bbox 410 1727 560 1767; x_wconf 78' lang='lat' dir='ltr'>Pedacia]</span> <span class='ocrx_word' id='word_1_146' title='bbox 590 1727 744 1758; x_wconf 85' lang='lat' dir='ltr'>Manuss.</span> <span class='ocrx_word' id='word_1_147' title='bbox 769 1727 832 1757; x_wconf 88' lang='lat' dir='ltr'>Pe-</span> 
     </span>
     <span class='ocr_line' id='line_1_30' title="bbox 132 1775 833 1817; baseline 0 -10"><span class='ocrx_word' id='word_1_148' title='bbox 132 1776 245 1817; x_wconf 77' lang='lat' dir='ltr'>diact&#39;a,</span> <span class='ocrx_word' id='word_1_149' title='bbox 269 1781 328 1807; x_wconf 87' lang='lat' dir='ltr'>aut</span> <span class='ocrx_word' id='word_1_150' title='bbox 350 1776 510 1808; x_wconf 72' lang='lat' dir='ltr'>Pediatia.</span> <span class='ocrx_word' id='word_1_151' title='bbox 555 1775 700 1807; x_wconf 87' lang='lat' dir='ltr'>Addunt</span> <span class='ocrx_word' id='word_1_152' title='bbox 722 1776 833 1807; x_wconf 86' lang='lat' dir='ltr'>Inter-</span> 
     </span>
     <span class='ocr_line' id='line_1_31' title="bbox 134 1825 833 1869; baseline 0.003 -13"><span class='ocrx_word' id='word_1_153' title='bbox 134 1829 250 1866; x_wconf 87' lang='lat' dir='ltr'>pretes</span> <span class='ocrx_word' id='word_1_154' title='bbox 275 1826 424 1868; x_wconf 85' lang='lat' dir='ltr'>equitem</span> <span class='ocrx_word' id='word_1_155' title='bbox 439 1825 542 1858; x_wconf 86' lang='lat' dir='ltr'>fuisse</span> <span class='ocrx_word' id='word_1_156' title='bbox 558 1827 758 1866; x_wconf 85' lang='lat' dir='ltr'>Romanum,</span> <span class='ocrx_word' id='word_1_157' title='bbox 775 1828 833 1869; x_wconf 91' lang='lat' dir='ltr'>qui</span> 
     </span>
     <span class='ocr_line' id='line_1_32' title="bbox 134 1876 833 1918; baseline 0.001 -10"><span class='ocrx_word' id='word_1_158' title='bbox 134 1876 291 1908; x_wconf 78' lang='lat' dir='ltr'>absumto</span> <span class='ocrx_word' id='word_1_159' title='bbox 313 1877 516 1917; x_wconf 82' lang='lat' dir='ltr'>patrimonio</span> <span class='ocrx_word' id='word_1_160' title='bbox 531 1886 567 1908; x_wconf 86' lang='lat' dir='ltr'>se</span> <span class='ocrx_word' id='word_1_161' title='bbox 583 1877 656 1918; x_wconf 87' lang='lat' dir='ltr'>ipse</span> <span class='ocrx_word' id='word_1_162' title='bbox 670 1878 833 1918; x_wconf 90' lang='lat' dir='ltr'>prostitu-</span> 
     </span>
     <span class='ocr_line' id='line_1_33' title="bbox 134 1926 832 1967; baseline 0.003 -10"><span class='ocrx_word' id='word_1_163' title='bbox 134 1930 221 1958; x_wconf 87' lang='lat' dir='ltr'>erat.</span> <span class='ocrx_word' id='word_1_164' title='bbox 250 1926 346 1958; x_wconf 88' lang='lat' dir='ltr'>Bene</span> <span class='ocrx_word' id='word_1_165' title='bbox 361 1926 465 1967; x_wconf 82' lang='lat' dir='ltr'>igitur</span> <span class='ocrx_word' id='word_1_166' title='bbox 474 1927 616 1959; x_wconf 81' lang='lat' dir='ltr'>Flaccus</span> <span class='ocrx_word' id='word_1_167' title='bbox 633 1931 750 1960; x_wconf 77' lang='lat' dir='ltr'>noster</span> <span class='ocrx_word' id='word_1_168' title='bbox 762 1938 832 1959; x_wconf 88' lang='lat' dir='ltr'>mn·</span> 
     </span>
     <span class='ocr_line' id='line_1_34' title="bbox 132 1975 832 2018; baseline 0.004 -11"><span class='ocrx_word' id='word_1_169' title='bbox 132 1975 234 2008; x_wconf 85' lang='lat' dir='ltr'>liebri</span> <span class='ocrx_word' id='word_1_170' title='bbox 249 1985 326 2008; x_wconf 89' lang='lat' dir='ltr'>eum</span> <span class='ocrx_word' id='word_1_171' title='bbox 343 1977 477 2008; x_wconf 89' lang='lat' dir='ltr'>nomine</span> <span class='ocrx_word' id='word_1_172' title='bbox 499 1977 662 2018; x_wconf 87' lang='lat' dir='ltr'>appellat.</span> <span class='ocrx_word' id='word_1_173' title='bbox 707 1977 773 2009; x_wconf 91' lang='lat' dir='ltr'>Sed</span> <span class='ocrx_word' id='word_1_174' title='bbox 797 1983 832 2010; x_wconf 88' lang='lat' dir='ltr'>et</span> 
     </span>
     <span class='ocr_line' id='line_1_35' title="bbox 125 2025 832 2069; baseline 0.006 -13"><span class='ocrx_word' id='word_1_175' title='bbox 125 2025 260 2066; x_wconf 76' lang='lat' dir='ltr'>fragilis</span> <span class='ocrx_word' id='word_1_176' title='bbox 274 2026 464 2067; x_wconf 81' lang='lat' dir='ltr'>epithetum</span> <span class='ocrx_word' id='word_1_177' title='bbox 481 2027 512 2058; x_wconf 89' lang='lat' dir='ltr'>ei</span> <span class='ocrx_word' id='word_1_178' title='bbox 531 2036 637 2068; x_wconf 82' lang='lat' dir='ltr'>prope</span> <span class='ocrx_word' id='word_1_179' title='bbox 658 2029 832 2069; x_wconf 85' lang='lat' dir='ltr'>convenit,</span> 
     </span>
     <span class='ocr_line' id='line_1_36' title="bbox 134 2075 830 2118; baseline 0.003 -11"><span class='ocrx_word' id='word_1_180' title='bbox 134 2086 155 2106; x_wconf 82' lang='lat' dir='ltr'>a</span> <span class='ocrx_word' id='word_1_181' title='bbox 169 2075 360 2117; x_wconf 83' lang='lat' dir='ltr'>frangendo</span> <span class='ocrx_word' id='word_1_182' title='bbox 374 2076 508 2108; x_wconf 85' lang='lat' dir='ltr'>scilicet</span> <span class='ocrx_word' id='word_1_183' title='bbox 524 2088 533 2109; x_wconf 67' lang='grc' dir='ltr'>ε</span> <span class='ocrx_word' id='word_1_184' title='bbox 549 2082 558 2095; x_wconf 87' lang='lat'>‘</span> <span class='ocrx_word' id='word_1_185' title='bbox 571 2076 729 2118; x_wconf 81' lang='lat' dir='ltr'>frangere</span> <span class='ocrx_word' id='word_1_186' title='bbox 741 2077 750 2091; x_wconf 90' lang='lat'>’</span> <span class='ocrx_word' id='word_1_187' title='bbox 774 2087 830 2109; x_wconf 85' lang='lat' dir='ltr'>au-</span> 
     </span>
     <span class='ocr_line' id='line_1_37' title="bbox 133 2126 833 2168; baseline 0.004 -12"><span class='ocrx_word' id='word_1_188' title='bbox 133 2130 215 2166; x_wconf 86' lang='lat' dir='ltr'>tem,</span> <span class='ocrx_word' id='word_1_189' title='bbox 244 2131 281 2158; x_wconf 87' lang='lat' dir='ltr'>et</span> <span class='ocrx_word' id='word_1_190' title='bbox 310 2127 319 2143; x_wconf 89' lang='lat'>‘</span> <span class='ocrx_word' id='word_1_191' title='bbox 336 2126 514 2166; x_wconf 88' lang='lat' dir='ltr'>dividere‚&#39;</span> <span class='ocrx_word' id='word_1_192' title='bbox 537 2132 574 2159; x_wconf 90' lang='lat' dir='ltr'>et</span> <span class='ocrx_word' id='word_1_193' title='bbox 595 2129 606 2146; x_wconf 76' lang='lat'><strong><em>⁴</em></strong></span> <span class='ocrx_word' id='word_1_194' title='bbox 624 2128 808 2168; x_wconf 78' lang='lat' dir='ltr'>praesidere</span> <span class='ocrx_word' id='word_1_195' title='bbox 824 2128 833 2142; x_wconf 87' lang='lat'><em>&#39;</em></span> 
     </span>
     <span class='ocr_line' id='line_1_38' title="bbox 131 2175 830 2219; baseline 0.006 -13"><span class='ocrx_word' id='word_1_196' title='bbox 131 2176 222 2207; x_wconf 83' lang='lat' dir='ltr'>inter</span> <span class='ocrx_word' id='word_1_197' title='bbox 251 2175 412 2208; x_wconf 77' lang='lat' dir='ltr'>obscaena</span> <span class='ocrx_word' id='word_1_198' title='bbox 442 2181 533 2209; x_wconf 84' lang='lat' dir='ltr'>sunt.</span> <span class='ocrx_word' id='word_1_199' title='bbox 574 2178 716 2218; x_wconf 68' lang='lat' dir='ltr'>Fragilis</span> <span class='ocrx_word' id='word_1_200' title='bbox 748 2187 830 2219; x_wconf 83' lang='lat' dir='ltr'>ergo</span> 
     </span>
     <span class='ocr_line' id='line_1_39' title="bbox 132 2226 829 2268; baseline 0.006 -13"><span class='ocrx_word' id='word_1_201' title='bbox 132 2228 183 2256; x_wconf 79' lang='lat' dir='ltr'>est</span> <span class='ocrx_word' id='word_1_202' title='bbox 195 2226 316 2262; x_wconf 89' lang='lat' dir='ltr'>mollis,</span> <span class='ocrx_word' id='word_1_203' title='bbox 329 2227 384 2267; x_wconf 89' lang='lat' dir='ltr'>qui</span> <span class='ocrx_word' id='word_1_204' title='bbox 398 2227 575 2258; x_wconf 84' lang='lat' dir='ltr'>muliebria</span> <span class='ocrx_word' id='word_1_205' title='bbox 587 2228 727 2268; x_wconf 84' lang='lat' dir='ltr'>patitur.</span> <span class='ocrx_word' id='word_1_206' title='bbox 751 2229 829 2260; x_wconf 90' lang='lat' dir='ltr'>Vid.</span> 
     </span>
     <span class='ocr_line' id='line_1_40' title="bbox 131 2275 830 2318; baseline 0.004 -11"><span class='ocrx_word' id='word_1_207' title='bbox 131 2275 278 2308; x_wconf 84' lang='lat' dir='ltr'>Turneb.</span> <span class='ocrx_word' id='word_1_208' title='bbox 301 2284 406 2308; x_wconf 77' lang='lat' dir='ltr'>xxiv.</span> <span class='ocrx_word' id='word_1_209' title='bbox 433 2279 463 2309; x_wconf 89' lang='grc'>8.</span> <span class='ocrx_word' id='word_1_210' title='bbox 495 2278 640 2310; x_wconf 67' lang='lat' dir='ltr'>Torreat.</span> <span class='ocrx_word' id='word_1_211' title='bbox 686 2279 830 2318; x_wconf 70' lang='lat' dir='ltr'>fragilis</span> 
     </span>
     <span class='ocr_line' id='line_1_41' title="bbox 131 2326 829 2370; baseline 0.003 -12"><span class='ocrx_word' id='word_1_212' title='bbox 131 2326 283 2368; x_wconf 75' lang='lat' dir='ltr'>Pedatia]</span> <span class='ocrx_word' id='word_1_213' title='bbox 316 2327 432 2358; x_wconf 89' lang='lat' dir='ltr'>Mollis</span> <span class='ocrx_word' id='word_1_214' title='bbox 459 2328 640 2369; x_wconf 85' lang='lat' dir='ltr'>Pedatius,</span> <span class='ocrx_word' id='word_1_215' title='bbox 668 2329 725 2370; x_wconf 93' lang='lat' dir='ltr'>qui</span> <span class='ocrx_word' id='word_1_216' title='bbox 754 2339 829 2360; x_wconf 89' lang='lat' dir='ltr'>cum</span> 
     </span>
     <span class='ocr_line' id='line_1_42' title="bbox 131 2376 831 2417; baseline 0.004 -10"><span class='ocrx_word' id='word_1_217' title='bbox 131 2377 335 2416; x_wconf 79' lang='lat' dir='ltr'>patrimonio</span> <span class='ocrx_word' id='word_1_218' title='bbox 361 2376 560 2417; x_wconf 83' lang='lat' dir='ltr'>pudicitiam</span> <span class='ocrx_word' id='word_1_219' title='bbox 579 2378 702 2409; x_wconf 85' lang='lat' dir='ltr'>amisit.</span> <span class='ocrx_word' id='word_1_220' title='bbox 748 2379 831 2410; x_wconf 79' lang='lat' dir='ltr'>Fur-</span> 
     </span>
     <span class='ocr_line' id='line_1_43' title="bbox 131 2424 828 2465; baseline 0.001 -7"><span class='ocrx_word' id='word_1_221' title='bbox 131 2435 188 2465; x_wconf 64' lang='grc' dir='ltr'>(με</span> <span class='ocrx_word' id='word_1_222' title='bbox 207 2424 364 2464; x_wconf 80' lang='lat' dir='ltr'>Voranus]</span> <span class='ocrx_word' id='word_1_223' title='bbox 388 2425 490 2456; x_wconf 88' lang='lat' dir='ltr'>Hunc</span> <span class='ocrx_word' id='word_1_224' title='bbox 502 2426 546 2459; x_wconf 82' lang='lat' dir='ltr'>Q.</span> <span class='ocrx_word' id='word_1_225' title='bbox 563 2426 692 2458; x_wconf 84' lang='lat' dir='ltr'>Lutatii</span> <span class='ocrx_word' id='word_1_226' title='bbox 716 2427 828 2459; x_wconf 87' lang='lat' dir='ltr'>Catuli</span> 
     </span>
     <span class='ocr_line' id='line_1_44' title="bbox 130 2474 831 2517; baseline 0.007 -12"><span class='ocrx_word' id='word_1_227' title='bbox 130 2475 290 2506; x_wconf 87' lang='lat' dir='ltr'>libertum</span> <span class='ocrx_word' id='word_1_228' title='bbox 317 2474 421 2506; x_wconf 82' lang='lat' dir='ltr'>fuisse</span> <span class='ocrx_word' id='word_1_229' title='bbox 449 2477 587 2508; x_wconf 87' lang='lat' dir='ltr'>volunt:</span> <span class='ocrx_word' id='word_1_230' title='bbox 612 2481 650 2508; x_wconf 92' lang='lat' dir='ltr'>ut</span> <span class='ocrx_word' id='word_1_231' title='bbox 672 2477 831 2517; x_wconf 76' lang='lat' dir='ltr'>Saganam</span> 
     </span>
     <span class='ocr_line' id='line_1_45' title="bbox 131 2525 829 2568; baseline 0.007 -13"><span class='ocrx_word' id='word_1_232' title='bbox 131 2525 312 2565; x_wconf 89' lang='lat' dir='ltr'>Pomponii</span> <span class='ocrx_word' id='word_1_233' title='bbox 327 2525 516 2566; x_wconf 82' lang='lat' dir='ltr'>cujusdam,</span> <span class='ocrx_word' id='word_1_234' title='bbox 531 2527 718 2568; x_wconf 84' lang='lat' dir='ltr'>proscripti</span> <span class='ocrx_word' id='word_1_235' title='bbox 735 2538 754 2559; x_wconf 86' lang='lat' dir='ltr'>a</span> <span class='ocrx_word' id='word_1_236' title='bbox 770 2529 829 2560; x_wconf 89' lang='lat' dir='ltr'>tri-</span> 
     </span>
     <span class='ocr_line' id='line_1_46' title="bbox 131 2574 828 2616; baseline 0.007 -11"><span class='ocrx_word' id='word_1_237' title='bbox 131 2574 286 2614; x_wconf 81' lang='lat' dir='ltr'>umviris,</span> <span class='ocrx_word' id='word_1_238' title='bbox 310 2575 488 2607; x_wconf 83' lang='lat' dir='ltr'>libertam:</span> <span class='ocrx_word' id='word_1_239' title='bbox 512 2575 596 2606; x_wconf 83' lang='lat' dir='ltr'>fides</span> <span class='ocrx_word' id='word_1_240' title='bbox 619 2585 721 2616; x_wconf 87' lang='lat' dir='ltr'>penes</span> <span class='ocrx_word' id='word_1_241' title='bbox 749 2588 828 2610; x_wconf 87' lang='lat' dir='ltr'>auc-</span> 
     </span>
     <span class='ocr_line' id='line_1_47' title="bbox 132 2625 459 2657; baseline -0.006 -1"><span class='ocrx_word' id='word_1_242' title='bbox 132 2630 225 2656; x_wconf 81' lang='lat' dir='ltr'>tores</span> <span class='ocrx_word' id='word_1_243' title='bbox 237 2625 291 2656; x_wconf 82' lang='lat' dir='ltr'>sit.</span> <span class='ocrx_word' id='word_1_244' title='bbox 303 2647 306 2649; x_wconf 95' lang='lat'>-</span> <span class='ocrx_word' id='word_1_245' title='bbox 318 2625 459 2657; x_wconf 72' lang='lat' dir='ltr'>Tor-rent.</span> 
     </span>
    </p>

    <p class='ocr_par' dir='ltr' id='par_1_10' title="bbox 129 2675 828 2867">
     <span class='ocr_line' id='line_1_48' title="bbox 173 2675 828 2717; baseline 0.005 -11"><span class='ocrx_word' id='word_1_246' title='bbox 173 2678 215 2706; x_wconf 87' lang='grc'>40</span> <span class='ocrx_word' id='word_1_247' title='bbox 238 2675 374 2715; x_wconf 74' lang='lat' dir='ltr'>Singula</span> <span class='ocrx_word' id='word_1_248' title='bbox 393 2676 467 2716; x_wconf 83' lang='lat' dir='ltr'>quid</span> <span class='ocrx_word' id='word_1_249' title='bbox 488 2677 666 2717; x_wconf 82' lang='lat' dir='ltr'>memorem]</span> <span class='ocrx_word' id='word_1_250' title='bbox 690 2677 828 2709; x_wconf 85' lang='lat' dir='ltr'>Transi·</span> 
     </span>
     <span class='ocr_line' id='line_1_49' title="bbox 131 2725 828 2768; baseline 0.004 -12"><span class='ocrx_word' id='word_1_251' title='bbox 131 2725 180 2757; x_wconf 88' lang='lat' dir='ltr'>tio</span> <span class='ocrx_word' id='word_1_252' title='bbox 209 2735 285 2756; x_wconf 92' lang='lat' dir='ltr'>cum</span> <span class='ocrx_word' id='word_1_253' title='bbox 312 2726 725 2766; x_wconf 36' lang='lat' dir='ltr'>enumeratione-eorum,</span> <span class='ocrx_word' id='word_1_254' title='bbox 752 2737 828 2768; x_wconf 86' lang='lat' dir='ltr'>quae</span> 
     </span>
     <span class='ocr_line' id='line_1_50' title="bbox 131 2775 828 2818; baseline 0.004 -12"><span class='ocrx_word' id='word_1_255' title='bbox 131 2775 278 2817; x_wconf 82' lang='lat' dir='ltr'>peractis</span> <span class='ocrx_word' id='word_1_256' title='bbox 288 2775 391 2807; x_wconf 85' lang='lat' dir='ltr'>sacris</span> <span class='ocrx_word' id='word_1_257' title='bbox 400 2776 532 2816; x_wconf 80' lang='lat' dir='ltr'>egerint</span> <span class='ocrx_word' id='word_1_258' title='bbox 543 2775 717 2808; x_wconf 84' lang='lat' dir='ltr'>veneficae.</span> <span class='ocrx_word' id='word_1_259' title='bbox 732 2777 828 2818; x_wconf 80' lang='lat' dir='ltr'>Craq.</span> 
     </span>
     <span class='ocr_line' id='line_1_51' title="bbox 129 2824 826 2867; baseline 0.003 -9"><span class='ocrx_word' id='word_1_260' title='bbox 129 2825 277 2866; x_wconf 72' lang='lat' dir='ltr'>Auerna]</span> <span class='ocrx_word' id='word_1_261' title='bbox 291 2825 504 2858; x_wconf 86' lang='lat' dir='ltr'>Alternatim.</span> <span class='ocrx_word' id='word_1_262' title='bbox 538 2824 685 2866; x_wconf 77' lang='lat' dir='ltr'>[Singula</span> <span class='ocrx_word' id='word_1_263' title='bbox 697 2827 750 2867; x_wconf 77' lang='lat' dir='ltr'>qui</span> <span class='ocrx_word' id='word_1_264' title='bbox 765 2837 826 2860; x_wconf 87' lang='lat' dir='ltr'>me-</span> 
     </span>
    </p>
   </div>
   <div class='ocr_carea' id='block_1_5' title="bbox 1475 270 1587 313">
    <p class='ocr_par' dir='ltr' id='par_1_11' title="bbox 1475 270 1587 313">
     <span class='ocr_line' id='line_1_52' title="bbox 1475 270 1587 313; baseline 0.018 -2"><span class='ocrx_word' id='word_1_265' title='bbox 1475 270 1587 313; x_wconf 87' lang='lat'>1655</span> 
     </span>
    </p>
   </div>
   <div class='ocr_carea' id='block_1_6' title="bbox 877 373 1589 2667">
    <p class='ocr_par' dir='ltr' id='par_1_12' title="bbox 889 373 1583 466">
     <span class='ocr_line' id='line_1_53' title="bbox 889 373 1583 413; baseline 0.001 -8"><span class='ocrx_word' id='word_1_266' title='bbox 889 383 1002 405; x_wconf 85' lang='lat' dir='ltr'>morem</span> <span class='ocrx_word' id='word_1_267' title='bbox 1017 373 1097 405; x_wconf 85' lang='lat' dir='ltr'>Vat.</span> <span class='ocrx_word' id='word_1_268' title='bbox 1114 376 1165 405; x_wconf 83' lang='lat'>13.</span> <span class='ocrx_word' id='word_1_269' title='bbox 1181 373 1303 406; x_wconf 73' lang='lat' dir='ltr'>alterna</span> <span class='ocrx_word' id='word_1_270' title='bbox 1321 375 1480 413; x_wconf 76' lang='lat' dir='ltr'>sequentes</span> <span class='ocrx_word' id='word_1_271' title='bbox 1503 374 1583 406; x_wconf 91' lang='lat' dir='ltr'>Vat.</span> 
     </span>
     <span class='ocr_line' id='line_1_54' title="bbox 890 425 1225 466; baseline -0.003 -10"><span class='ocrx_word' id='word_1_272' title='bbox 890 425 988 456; x_wconf 89' lang='lat' dir='ltr'>Rom.</span> <span class='ocrx_word' id='word_1_273' title='bbox 1004 427 1035 456; x_wconf 82' lang='lat'>2.</span> <span class='ocrx_word' id='word_1_274' title='bbox 1054 434 1074 456; x_wconf 88' lang='lat' dir='ltr'>a</span> <span class='ocrx_word' id='word_1_275' title='bbox 1089 434 1134 456; x_wconf 89' lang='lat' dir='ltr'>m.</span> <span class='ocrx_word' id='word_1_276' title='bbox 1157 425 1225 466; x_wconf 85' lang='lat' dir='ltr'>pr.]</span> 
     </span>
    </p>

    <p class='ocr_par' dir='ltr' id='par_1_13' title="bbox 885 469 1589 956">
     <span class='ocr_line' id='line_1_55' title="bbox 931 469 1587 515; baseline 0.002 -11"><span class='ocrx_word' id='word_1_277' title='bbox 931 476 971 504; x_wconf 88' lang='lat'>41</span> <span class='ocrx_word' id='word_1_278' title='bbox 998 475 1192 506; x_wconf 80' lang='lat' dir='ltr'>Resonarent</span> <span class='ocrx_word' id='word_1_279' title='bbox 1206 474 1298 506; x_wconf 71' lang='lat' dir='ltr'>triste</span> <span class='ocrx_word' id='word_1_280' title='bbox 1308 469 1493 515; x_wconf 53' lang='lat' dir='ltr'>evacuatum]</span> <span class='ocrx_word' id='word_1_281' title='bbox 1528 474 1587 505; x_wconf 90' lang='lat' dir='ltr'>Sic</span> 
     </span>
     <span class='ocr_line' id='line_1_56' title="bbox 888 524 1586 564; baseline 0.001 -10"><span class='ocrx_word' id='word_1_282' title='bbox 888 524 984 564; x_wconf 83' lang='lat' dir='ltr'>Virg.</span> <span class='ocrx_word' id='word_1_283' title='bbox 1007 525 1084 557; x_wconf 85' lang='lat' dir='ltr'>AEn.</span> <span class='ocrx_word' id='word_1_284' title='bbox 1110 533 1162 556; x_wconf 80' lang='lat' dir='ltr'>vi.</span> <span class='ocrx_word' id='word_1_285' title='bbox 1186 524 1296 556; x_wconf 88' lang='lat' dir='ltr'>‘Pars</span> <span class='ocrx_word' id='word_1_286' title='bbox 1321 524 1439 555; x_wconf 88' lang='lat' dir='ltr'>tollere</span> <span class='ocrx_word' id='word_1_287' title='bbox 1465 533 1586 556; x_wconf 87' lang='lat' dir='ltr'>vocem</span> 
     </span>
     <span class='ocr_line' id='line_1_57' title="bbox 888 574 1589 616; baseline 0.003 -12"><span class='ocrx_word' id='word_1_288' title='bbox 888 574 1076 614; x_wconf 61' lang='lat' dir='ltr'>Exiguam)</span> <span class='ocrx_word' id='word_1_289' title='bbox 1119 574 1243 606; x_wconf 86' lang='lat' dir='ltr'>Tristis</span> <span class='ocrx_word' id='word_1_290' title='bbox 1268 574 1370 615; x_wconf 79' lang='lat' dir='ltr'>igitur</span> <span class='ocrx_word' id='word_1_291' title='bbox 1395 574 1589 616; x_wconf 83' lang='lat' dir='ltr'>tenuisque,</span> 
     </span>
     <span class='ocr_line' id='line_1_58' title="bbox 888 624 1588 665; baseline 0.003 -11"><span class='ocrx_word' id='word_1_292' title='bbox 888 633 928 655; x_wconf 90' lang='lat' dir='ltr'>ac</span> <span class='ocrx_word' id='word_1_293' title='bbox 945 624 1087 655; x_wconf 89' lang='lat' dir='ltr'>stridula</span> <span class='ocrx_word' id='word_1_294' title='bbox 1103 625 1252 655; x_wconf 83' lang='lat' dir='ltr'>manium</span> <span class='ocrx_word' id='word_1_295' title='bbox 1277 635 1354 656; x_wconf 87' lang='lat' dir='ltr'>vox.</span> <span class='ocrx_word' id='word_1_296' title='bbox 1396 624 1588 665; x_wconf 78' lang='grc' dir='ltr'><strong><em>Ὀξυφῶνους</em></strong></span> 
     </span>
     <span class='ocr_line' id='line_1_59' title="bbox 888 674 1586 716; baseline 0.004 -12"><span class='ocrx_word' id='word_1_297' title='bbox 888 678 1012 705; x_wconf 88' lang='lat' dir='ltr'>vocant</span> <span class='ocrx_word' id='word_1_298' title='bbox 1028 674 1158 714; x_wconf 80' lang='lat' dir='ltr'>Graeci,</span> <span class='ocrx_word' id='word_1_299' title='bbox 1185 675 1304 716; x_wconf 87' lang='lat' dir='ltr'>quales</span> <span class='ocrx_word' id='word_1_300' title='bbox 1327 674 1402 706; x_wconf 88' lang='lat' dir='ltr'>fere</span> <span class='ocrx_word' id='word_1_301' title='bbox 1427 674 1586 715; x_wconf 82' lang='lat' dir='ltr'>foeminae,</span> 
     </span>
     <span class='ocr_line' id='line_1_60' title="bbox 886 724 1589 758; baseline 0.004 -4"><span class='ocrx_word' id='word_1_302' title='bbox 886 727 922 754; x_wconf 87' lang='lat' dir='ltr'>et</span> <span class='ocrx_word' id='word_1_303' title='bbox 937 724 1092 755; x_wconf 88' lang='lat' dir='ltr'>Eunuchi</span> <span class='ocrx_word' id='word_1_304' title='bbox 1109 734 1238 756; x_wconf 77' lang='lat' dir='ltr'>omneS.</span> <span class='ocrx_word' id='word_1_305' title='bbox 1274 726 1370 758; x_wconf 86' lang='lat' dir='ltr'>Quos</span> <span class='ocrx_word' id='word_1_306' title='bbox 1385 735 1462 757; x_wconf 88' lang='lat' dir='ltr'>cum</span> <span class='ocrx_word' id='word_1_307' title='bbox 1477 725 1589 757; x_wconf 88' lang='lat' dir='ltr'>imita-</span> 
     </span>
     <span class='ocr_line' id='line_1_61' title="bbox 886 774 1588 814; baseline 0.006 -11"><span class='ocrx_word' id='word_1_308' title='bbox 886 782 972 813; x_wconf 89' lang='lat' dir='ltr'>mur,</span> <span class='ocrx_word' id='word_1_309' title='bbox 988 777 997 790; x_wconf 80' lang='lat'><strong><em>¹</em></strong></span> <span class='ocrx_word' id='word_1_310' title='bbox 1011 774 1182 805; x_wconf 88' lang='lat' dir='ltr'>deducere</span> <span class='ocrx_word' id='word_1_311' title='bbox 1200 774 1344 814; x_wconf 87' lang='lat' dir='ltr'>vocem,’</span> <span class='ocrx_word' id='word_1_312' title='bbox 1361 781 1398 806; x_wconf 91' lang='lat' dir='ltr'>et</span> <span class='ocrx_word' id='word_1_313' title='bbox 1412 776 1422 792; x_wconf 91' lang='lat'>‘</span> <span class='ocrx_word' id='word_1_314' title='bbox 1435 775 1588 807; x_wconf 83' lang='lat' dir='ltr'>deducta</span> 
     </span>
     <span class='ocr_line' id='line_1_62' title="bbox 885 823 1587 860; baseline 0.001 -6"><span class='ocrx_word' id='word_1_315' title='bbox 885 823 937 854; x_wconf 88' lang='lat' dir='ltr'>uti</span> <span class='ocrx_word' id='word_1_316' title='bbox 948 823 1050 855; x_wconf 88' lang='lat' dir='ltr'>voce&#39;</span> <span class='ocrx_word' id='word_1_317' title='bbox 1067 824 1222 860; x_wconf 87' lang='lat' dir='ltr'>dicimur,</span> <span class='ocrx_word' id='word_1_318' title='bbox 1236 828 1272 855; x_wconf 89' lang='lat' dir='ltr'>ut</span> <span class='ocrx_word' id='word_1_319' title='bbox 1283 828 1376 855; x_wconf 91' lang='lat' dir='ltr'>recte</span> <span class='ocrx_word' id='word_1_320' title='bbox 1389 825 1587 856; x_wconf 84' lang='lat' dir='ltr'>Macrobius</span> 
     </span>
     <span class='ocr_line' id='line_1_63' title="bbox 887 874 1587 914; baseline 0.003 -10"><span class='ocrx_word' id='word_1_321' title='bbox 887 881 938 905; x_wconf 78' lang='lat' dir='ltr'>vr.</span> <span class='ocrx_word' id='word_1_322' title='bbox 961 876 994 905; x_wconf 90' lang='lat'>4.</span> <span class='ocrx_word' id='word_1_323' title='bbox 1022 874 1165 906; x_wconf 68' lang='lat' dir='ltr'>Torreat.</span> <span class='ocrx_word' id='word_1_324' title='bbox 1210 874 1362 914; x_wconf 77' lang='lat' dir='ltr'>Acutum]</span> <span class='ocrx_word' id='word_1_325' title='bbox 1395 874 1482 906; x_wconf 89' lang='lat' dir='ltr'>Cum</span> <span class='ocrx_word' id='word_1_326' title='bbox 1505 884 1587 906; x_wconf 89' lang='lat' dir='ltr'>voce</span> 
     </span>
     <span class='ocr_line' id='line_1_64' title="bbox 887 924 1160 956; baseline 0.007 -2"><span class='ocrx_word' id='word_1_327' title='bbox 887 924 978 956; x_wconf 88' lang='lat' dir='ltr'>tenui</span> <span class='ocrx_word' id='word_1_328' title='bbox 994 929 1031 956; x_wconf 88' lang='lat' dir='ltr'>et</span> <span class='ocrx_word' id='word_1_329' title='bbox 1047 930 1160 956; x_wconf 86' lang='lat' dir='ltr'>acuta.</span> 
     </span>
    </p>

    <p class='ocr_par' dir='ltr' id='par_1_14' title="bbox 885 975 1588 1311">
     <span class='ocr_line' id='line_1_65' title="bbox 926 975 1587 1018; baseline 0.003 -12"><span class='ocrx_word' id='word_1_330' title='bbox 926 977 970 1006; x_wconf 81' lang='grc'>4-2</span> <span class='ocrx_word' id='word_1_331' title='bbox 984 975 1067 1016; x_wconf 79' lang='lat' dir='ltr'>Lupi</span> <span class='ocrx_word' id='word_1_332' title='bbox 1082 975 1223 1016; x_wconf 84' lang='lat' dir='ltr'>barbam]</span> <span class='ocrx_word' id='word_1_333' title='bbox 1248 975 1326 1008; x_wconf 88' lang='lat' dir='ltr'>Hoc</span> <span class='ocrx_word' id='word_1_334' title='bbox 1339 985 1474 1018; x_wconf 89' lang='lat' dir='ltr'>quoque</span> <span class='ocrx_word' id='word_1_335' title='bbox 1486 986 1587 1008; x_wconf 87' lang='lat' dir='ltr'>versu</span> 
     </span>
     <span class='ocr_line' id='line_1_66' title="bbox 885 1023 1588 1066; baseline 0.004 -10"><span class='ocrx_word' id='word_1_336' title='bbox 885 1023 1092 1057; x_wconf 84' lang='lat' dir='ltr'>facetissime</span> <span class='ocrx_word' id='word_1_337' title='bbox 1109 1026 1240 1066; x_wconf 85' lang='lat' dir='ltr'>magica</span> <span class='ocrx_word' id='word_1_338' title='bbox 1254 1026 1366 1058; x_wconf 89' lang='lat' dir='ltr'>illudit</span> <span class='ocrx_word' id='word_1_339' title='bbox 1379 1026 1510 1059; x_wconf 87' lang='lat' dir='ltr'>deliria.</span> <span class='ocrx_word' id='word_1_340' title='bbox 1540 1026 1588 1059; x_wconf 88' lang='lat' dir='ltr'>Et</span> 
     </span>
     <span class='ocr_line' id='line_1_67' title="bbox 886 1075 1587 1117; baseline 0.004 -11"><span class='ocrx_word' id='word_1_341' title='bbox 886 1076 929 1107; x_wconf 89' lang='lat' dir='ltr'>de</span> <span class='ocrx_word' id='word_1_342' title='bbox 951 1075 1023 1116; x_wconf 90' lang='lat' dir='ltr'>lupi</span> <span class='ocrx_word' id='word_1_343' title='bbox 1040 1075 1176 1116; x_wconf 88' lang='lat' dir='ltr'>quidem</span> <span class='ocrx_word' id='word_1_344' title='bbox 1194 1076 1297 1108; x_wconf 90' lang='lat' dir='ltr'>dente</span> <span class='ocrx_word' id='word_1_345' title='bbox 1313 1076 1435 1109; x_wconf 82' lang='lat' dir='ltr'>dextro</span> <span class='ocrx_word' id='word_1_346' title='bbox 1451 1077 1587 1117; x_wconf 89' lang='lat' dir='ltr'>canino,</span> 
     </span>
     <span class='ocr_line' id='line_1_68' title="bbox 887 1126 1586 1168; baseline 0.004 -12"><span class='ocrx_word' id='word_1_347' title='bbox 887 1130 925 1157; x_wconf 88' lang='lat' dir='ltr'>ut</span> <span class='ocrx_word' id='word_1_348' title='bbox 938 1126 972 1156; x_wconf 91' lang='lat' dir='ltr'>in</span> <span class='ocrx_word' id='word_1_349' title='bbox 983 1127 1137 1157; x_wconf 87' lang='lat' dir='ltr'>maximis</span> <span class='ocrx_word' id='word_1_350' title='bbox 1150 1126 1284 1158; x_wconf 90' lang='lat' dir='ltr'>habitus</span> <span class='ocrx_word' id='word_1_351' title='bbox 1297 1126 1401 1159; x_wconf 84' lang='lat' dir='ltr'>fuerit</span> <span class='ocrx_word' id='word_1_352' title='bbox 1412 1127 1586 1168; x_wconf 84' lang='lat' dir='ltr'>operibus,</span> 
     </span>
     <span class='ocr_line' id='line_1_69' title="bbox 885 1176 1586 1217; baseline 0.006 -10"><span class='ocrx_word' id='word_1_353' title='bbox 885 1176 1011 1217; x_wconf 88' lang='lat' dir='ltr'>aliquid</span> <span class='ocrx_word' id='word_1_354' title='bbox 1040 1177 1131 1207; x_wconf 89' lang='lat' dir='ltr'>Plin.</span> <span class='ocrx_word' id='word_1_355' title='bbox 1158 1186 1211 1209; x_wconf 78' lang='lat' dir='ltr'>xi.</span> <span class='ocrx_word' id='word_1_356' title='bbox 1236 1180 1290 1209; x_wconf 77' lang='lat'>37.</span> <span class='ocrx_word' id='word_1_357' title='bbox 1315 1182 1351 1210; x_wconf 90' lang='lat' dir='ltr'>et</span> <span class='ocrx_word' id='word_1_358' title='bbox 1378 1187 1515 1209; x_wconf 84' lang='lat' dir='ltr'>xxvm.</span> <span class='ocrx_word' id='word_1_359' title='bbox 1534 1181 1586 1211; x_wconf 83' lang='lat'>10.</span> 
     </span>
     <span class='ocr_line' id='line_1_70' title="bbox 889 1227 1588 1270; baseline 0.004 -13"><span class='ocrx_word' id='word_1_360' title='bbox 889 1227 1031 1258; x_wconf 72' lang='lat' dir='ltr'>Torreat.</span> <span class='ocrx_word' id='word_1_361' title='bbox 1094 1227 1199 1258; x_wconf 80' lang='lat' dir='ltr'>Variae</span> <span class='ocrx_word' id='word_1_362' title='bbox 1226 1237 1294 1259; x_wconf 81' lang='lat' dir='ltr'>cum</span> <span class='ocrx_word' id='word_1_363' title='bbox 1320 1229 1412 1260; x_wconf 82' lang='lat' dir='ltr'>dente</span> <span class='ocrx_word' id='word_1_364' title='bbox 1439 1228 1588 1270; x_wconf 77' lang='lat' dir='ltr'>colubrae]</span> 
     </span>
     <span class='ocr_line' id='line_1_71' title="bbox 886 1277 1465 1311; baseline 0.005 -3"><span class='ocrx_word' id='word_1_365' title='bbox 886 1277 970 1309; x_wconf 91' lang='lat' dir='ltr'>Cum</span> <span class='ocrx_word' id='word_1_366' title='bbox 988 1277 1090 1308; x_wconf 85' lang='lat' dir='ltr'>dente</span> <span class='ocrx_word' id='word_1_367' title='bbox 1104 1277 1256 1310; x_wconf 79' lang='lat' dir='ltr'>colubrae</span> <span class='ocrx_word' id='word_1_368' title='bbox 1271 1279 1465 1311; x_wconf 83' lang='lat' dir='ltr'>maculosae.</span> 
     </span>
    </p>

    <p class='ocr_par' dir='ltr' id='par_1_15' title="bbox 883 1329 1586 1519">
     <span class='ocr_line' id='line_1_72' title="bbox 927 1329 1585 1370; baseline 0.005 -11"><span class='ocrx_word' id='word_1_369' title='bbox 927 1331 969 1359; x_wconf 75' lang='lat'>43</span> <span class='ocrx_word' id='word_1_370' title='bbox 989 1329 1131 1367; x_wconf 72' lang='lat' dir='ltr'>[megine</span> <span class='ocrx_word' id='word_1_371' title='bbox 1143 1329 1247 1370; x_wconf 81' lang='lat' dir='ltr'>cerea]</span> <span class='ocrx_word' id='word_1_372' title='bbox 1266 1329 1322 1360; x_wconf 90' lang='lat' dir='ltr'>Ob</span> <span class='ocrx_word' id='word_1_373' title='bbox 1337 1329 1517 1370; x_wconf 88' lang='lat' dir='ltr'>imaginem</span> <span class='ocrx_word' id='word_1_374' title='bbox 1530 1339 1585 1362; x_wconf 89' lang='lat' dir='ltr'>ce·</span> 
     </span>
     <span class='ocr_line' id='line_1_73' title="bbox 886 1379 1586 1421; baseline 0.006 -14"><span class='ocrx_word' id='word_1_375' title='bbox 886 1386 988 1418; x_wconf 87' lang='lat' dir='ltr'>ream,</span> <span class='ocrx_word' id='word_1_376' title='bbox 1000 1388 1074 1419; x_wconf 88' lang='lat' dir='ltr'>quae</span> <span class='ocrx_word' id='word_1_377' title='bbox 1092 1379 1170 1419; x_wconf 88' lang='lat' dir='ltr'>igne</span> <span class='ocrx_word' id='word_1_378' title='bbox 1183 1379 1409 1420; x_wconf 82' lang='lat' dir='ltr'>liquescebat,</span> <span class='ocrx_word' id='word_1_379' title='bbox 1424 1380 1458 1410; x_wconf 90' lang='lat' dir='ltr'>in</span> <span class='ocrx_word' id='word_1_380' title='bbox 1474 1381 1586 1421; x_wconf 89' lang='lat' dir='ltr'>perni-</span> 
     </span>
     <span class='ocr_line' id='line_1_74' title="bbox 886 1427 1584 1470; baseline 0.006 -13"><span class='ocrx_word' id='word_1_381' title='bbox 886 1427 972 1458; x_wconf 90' lang='lat' dir='ltr'>ciem</span> <span class='ocrx_word' id='word_1_382' title='bbox 989 1428 1073 1468; x_wconf 85' lang='lat' dir='ltr'>ejus,</span> <span class='ocrx_word' id='word_1_383' title='bbox 1090 1438 1189 1470; x_wconf 91' lang='lat' dir='ltr'>quem</span> <span class='ocrx_word' id='word_1_384' title='bbox 1206 1429 1467 1461; x_wconf 79' lang='lat' dir='ltr'>execrabantur.</span> <span class='ocrx_word' id='word_1_385' title='bbox 1502 1429 1584 1470; x_wconf 76' lang='lat' dir='ltr'>[Aa-</span> 
     </span>
     <span class='ocr_line' id='line_1_75' title="bbox 883 1477 1187 1519; baseline 0.003 -11"><span class='ocrx_word' id='word_1_386' title='bbox 883 1477 1028 1509; x_wconf 73' lang='lat' dir='ltr'>dicier-unt</span> <span class='ocrx_word' id='word_1_387' title='bbox 1043 1479 1123 1510; x_wconf 88' lang='lat' dir='ltr'>Vat.</span> <span class='ocrx_word' id='word_1_388' title='bbox 1137 1478 1187 1519; x_wconf 84' lang='grc'>4.]</span> 
     </span>
    </p>

    <p class='ocr_par' dir='ltr' id='par_1_16' title="bbox 882 1528 1586 1910">
     <span class='ocr_line' id='line_1_76' title="bbox 924 1528 1585 1572; baseline 0.006 -14"><span class='ocrx_word' id='word_1_389' title='bbox 924 1529 967 1558; x_wconf 83' lang='grc'>44</span> <span class='ocrx_word' id='word_1_390' title='bbox 990 1528 1129 1567; x_wconf 86' lang='lat' dir='ltr'>Largior</span> <span class='ocrx_word' id='word_1_391' title='bbox 1143 1528 1261 1559; x_wconf 81' lang='lat' dir='ltr'>arserit</span> <span class='ocrx_word' id='word_1_392' title='bbox 1274 1528 1375 1569; x_wconf 80' lang='lat' dir='ltr'>iguis]</span> <span class='ocrx_word' id='word_1_393' title='bbox 1411 1529 1488 1561; x_wconf 89' lang='lat' dir='ltr'>Hoc</span> <span class='ocrx_word' id='word_1_394' title='bbox 1504 1540 1585 1572; x_wconf 84' lang='lat' dir='ltr'>quo-</span> 
     </span>
     <span class='ocr_line' id='line_1_77' title="bbox 883 1579 1583 1621; baseline 0.009 -14"><span class='ocrx_word' id='word_1_395' title='bbox 883 1586 950 1618; x_wconf 90' lang='lat' dir='ltr'>que</span> <span class='ocrx_word' id='word_1_396' title='bbox 986 1586 1029 1608; x_wconf 87' lang='lat' dir='ltr'>ex</span> <span class='ocrx_word' id='word_1_397' title='bbox 1065 1579 1197 1619; x_wconf 84' lang='lat' dir='ltr'>magica</span> <span class='ocrx_word' id='word_1_398' title='bbox 1234 1579 1387 1611; x_wconf 89' lang='lat' dir='ltr'>vanitate</span> <span class='ocrx_word' id='word_1_399' title='bbox 1424 1580 1583 1621; x_wconf 88' lang='lat' dir='ltr'>petitum.</span> 
     </span>
     <span class='ocr_line' id='line_1_78' title="bbox 882 1627 1586 1670; baseline 0.009 -13"><span class='ocrx_word' id='word_1_400' title='bbox 882 1627 979 1668; x_wconf 87' lang='lat' dir='ltr'>Virg.</span> <span class='ocrx_word' id='word_1_401' title='bbox 1002 1628 1012 1644; x_wconf 87' lang='lat'>‘</span> <span class='ocrx_word' id='word_1_402' title='bbox 1023 1627 1163 1669; x_wconf 87' lang='lat' dir='ltr'>Aspice,</span> <span class='ocrx_word' id='word_1_403' title='bbox 1187 1630 1352 1670; x_wconf 81' lang='lat' dir='ltr'>corripuit</span> <span class='ocrx_word' id='word_1_404' title='bbox 1367 1632 1521 1662; x_wconf 85' lang='lat' dir='ltr'>tremulis</span> <span class='ocrx_word' id='word_1_405' title='bbox 1537 1633 1586 1662; x_wconf 89' lang='lat' dir='ltr'>al-</span> 
     </span>
     <span class='ocr_line' id='line_1_79' title="bbox 884 1677 1584 1719; baseline 0.006 -11"><span class='ocrx_word' id='word_1_406' title='bbox 884 1678 970 1708; x_wconf 86' lang='lat' dir='ltr'>taria</span> <span class='ocrx_word' id='word_1_407' title='bbox 985 1677 1129 1710; x_wconf 87' lang='lat' dir='ltr'>flammis</span> <span class='ocrx_word' id='word_1_408' title='bbox 1145 1679 1277 1719; x_wconf 88' lang='lat' dir='ltr'>Sponte</span> <span class='ocrx_word' id='word_1_409' title='bbox 1293 1689 1366 1717; x_wconf 86' lang='lat' dir='ltr'>sua,</span> <span class='ocrx_word' id='word_1_410' title='bbox 1390 1680 1469 1712; x_wconf 90' lang='lat' dir='ltr'>dum</span> <span class='ocrx_word' id='word_1_411' title='bbox 1492 1680 1584 1712; x_wconf 84' lang='lat' dir='ltr'>ferre</span> 
     </span>
     <span class='ocr_line' id='line_1_80' title="bbox 884 1728 1586 1768; baseline 0.009 -11"><span class='ocrx_word' id='word_1_412' title='bbox 884 1736 1008 1767; x_wconf 85' lang='lat' dir='ltr'>moror,</span> <span class='ocrx_word' id='word_1_413' title='bbox 1034 1728 1120 1759; x_wconf 89' lang='lat' dir='ltr'>cinis</span> <span class='ocrx_word' id='word_1_414' title='bbox 1147 1729 1242 1768; x_wconf 89' lang='lat' dir='ltr'>ipse;</span> <span class='ocrx_word' id='word_1_415' title='bbox 1266 1729 1391 1760; x_wconf 88' lang='lat' dir='ltr'>bonum</span> <span class='ocrx_word' id='word_1_416' title='bbox 1408 1730 1475 1761; x_wconf 89' lang='lat' dir='ltr'>sit.’</span> <span class='ocrx_word' id='word_1_417' title='bbox 1520 1732 1586 1763; x_wconf 90' lang='lat' dir='ltr'>Ve-</span> 
     </span>
     <span class='ocr_line' id='line_1_81' title="bbox 885 1777 1584 1818; baseline 0.004 -11"><span class='ocrx_word' id='word_1_418' title='bbox 885 1785 957 1807; x_wconf 85' lang='lat' dir='ltr'>rum</span> <span class='ocrx_word' id='word_1_419' title='bbox 973 1777 1041 1817; x_wconf 86' lang='lat' dir='ltr'>bic,</span> <span class='ocrx_word' id='word_1_420' title='bbox 1064 1778 1198 1818; x_wconf 90' lang='lat' dir='ltr'>opinor,</span> <span class='ocrx_word' id='word_1_421' title='bbox 1222 1778 1335 1818; x_wconf 85' lang='lat' dir='ltr'>ignem</span> <span class='ocrx_word' id='word_1_422' title='bbox 1351 1780 1506 1812; x_wconf 75' lang='lat' dir='ltr'>extitisse</span> <span class='ocrx_word' id='word_1_423' title='bbox 1522 1780 1584 1812; x_wconf 80' lang='lat' dir='ltr'>fin.</span> 
     </span>
     <span class='ocr_line' id='line_1_82' title="bbox 884 1827 1585 1870; baseline 0.011 -14"><span class='ocrx_word' id='word_1_424' title='bbox 884 1827 946 1866; x_wconf 84' lang='lat' dir='ltr'>git,</span> <span class='ocrx_word' id='word_1_425' title='bbox 962 1837 1028 1868; x_wconf 89' lang='lat' dir='ltr'>quo</span> <span class='ocrx_word' id='word_1_426' title='bbox 1043 1836 1142 1859; x_wconf 87' lang='lat' dir='ltr'>cerea</span> <span class='ocrx_word' id='word_1_427' title='bbox 1162 1828 1220 1860; x_wconf 80' lang='lat' dir='ltr'>illa</span> <span class='ocrx_word' id='word_1_428' title='bbox 1243 1827 1374 1870; x_wconf 81' lang='lat' dir='ltr'>effigies</span> <span class='ocrx_word' id='word_1_429' title='bbox 1394 1830 1585 1864; x_wconf 88' lang='lat' dir='ltr'>absumere-</span> 
     </span>
     <span class='ocr_line' id='line_1_83' title="bbox 885 1877 1125 1910; baseline 0.013 -3"><span class='ocrx_word' id='word_1_430' title='bbox 885 1881 952 1907; x_wconf 90' lang='lat' dir='ltr'>tur.</span> <span class='ocrx_word' id='word_1_431' title='bbox 979 1877 1125 1910; x_wconf 76' lang='lat' dir='ltr'>Torrent-</span> 
     </span>
    </p>

    <p class='ocr_par' dir='ltr' id='par_1_17' title="bbox 878 1928 1584 2320">
     <span class='ocr_line' id='line_1_84' title="bbox 925 1928 1584 1973; baseline 0.009 -15"><span class='ocrx_word' id='word_1_432' title='bbox 925 1929 967 1958; x_wconf 80' lang='lat'>45</span> <span class='ocrx_word' id='word_1_433' title='bbox 991 1928 1151 1970; x_wconf 77' lang='lat' dir='ltr'>Duarum]</span> <span class='ocrx_word' id='word_1_434' title='bbox 1187 1928 1341 1961; x_wconf 84' lang='lat' dir='ltr'>Canidiae</span> <span class='ocrx_word' id='word_1_435' title='bbox 1365 1934 1402 1962; x_wconf 91' lang='lat' dir='ltr'>et</span> <span class='ocrx_word' id='word_1_436' title='bbox 1427 1931 1584 1973; x_wconf 79' lang='lat' dir='ltr'>Saganae,</span> 
     </span>
     <span class='ocr_line' id='line_1_85' title="bbox 882 1976 1583 2021; baseline 0.01 -15"><span class='ocrx_word' id='word_1_437' title='bbox 882 1986 959 2017; x_wconf 79' lang='lat' dir='ltr'>quae</span> <span class='ocrx_word' id='word_1_438' title='bbox 975 1981 1135 2018; x_wconf 87' lang='lat' dir='ltr'>tanquam</span> <span class='ocrx_word' id='word_1_439' title='bbox 1148 1976 1246 2009; x_wconf 83' lang='lat' dir='ltr'>furiae</span> <span class='ocrx_word' id='word_1_440' title='bbox 1259 1984 1370 2011; x_wconf 83' lang='lat' dir='ltr'>erant.</span> <span class='ocrx_word' id='word_1_441' title='bbox 1398 1980 1583 2021; x_wconf 82' lang='lat' dir='ltr'>[Obruerim</span> 
     </span>
     <span class='ocr_line' id='line_1_86' title="bbox 882 2027 1584 2072; baseline 0.007 -14"><span class='ocrx_word' id='word_1_442' title='bbox 882 2037 969 2059; x_wconf 82' lang='lat' dir='ltr'>voces</span> <span class='ocrx_word' id='word_1_443' title='bbox 983 2027 1063 2059; x_wconf 90' lang='lat' dir='ltr'>Vat.</span> <span class='ocrx_word' id='word_1_444' title='bbox 1087 2028 1184 2059; x_wconf 86' lang='lat' dir='ltr'>Rom.</span> <span class='ocrx_word' id='word_1_445' title='bbox 1207 2031 1239 2060; x_wconf 94' lang='grc'>7.</span> <span class='ocrx_word' id='word_1_446' title='bbox 1266 2029 1356 2070; x_wconf 87' lang='lat' dir='ltr'>quod</span> <span class='ocrx_word' id='word_1_447' title='bbox 1379 2036 1584 2072; x_wconf 83' lang='lat' dir='ltr'>receperunt</span> 
     </span>
     <span class='ocr_line' id='line_1_87' title="bbox 883 2076 1584 2121; baseline 0.007 -13"><span class='ocrx_word' id='word_1_448' title='bbox 883 2077 964 2117; x_wconf 87' lang='lat' dir='ltr'>Fea,</span> <span class='ocrx_word' id='word_1_449' title='bbox 981 2076 1104 2118; x_wconf 89' lang='lat' dir='ltr'>Bothe,</span> <span class='ocrx_word' id='word_1_450' title='bbox 1117 2077 1242 2118; x_wconf 85' lang='lat' dir='ltr'>Jaeck,</span> <span class='ocrx_word' id='word_1_451' title='bbox 1264 2083 1300 2110; x_wconf 89' lang='lat' dir='ltr'>et</span> <span class='ocrx_word' id='word_1_452' title='bbox 1325 2079 1479 2121; x_wconf 83' lang='lat' dir='ltr'>Doering.</span> <span class='ocrx_word' id='word_1_453' title='bbox 1506 2081 1538 2111; x_wconf 88' lang='lat' dir='ltr'>h.</span> <span class='ocrx_word' id='word_1_454' title='bbox 1553 2087 1584 2114; x_wconf 70' lang='lat' dir='ltr'>e:</span> 
     </span>
     <span class='ocr_line' id='line_1_88' title="bbox 881 2128 1583 2170; baseline 0.009 -13"><span class='ocrx_word' id='word_1_455' title='bbox 881 2128 1123 2168; x_wconf 59' lang='lat' dir='ltr'>oppressam,</span> <span class='ocrx_word' id='word_1_456' title='bbox 1135 2129 1397 2170; x_wconf 88' lang='lat' dir='ltr'>suppresserim,</span> <span class='ocrx_word' id='word_1_457' title='bbox 1409 2131 1583 2170; x_wconf 86' lang='lat' dir='ltr'>oppeden-</span> 
     </span>
     <span class='ocr_line' id='line_1_89' title="bbox 881 2177 1584 2219; baseline 0.006 -11"><span class='ocrx_word' id='word_1_458' title='bbox 881 2177 924 2208; x_wconf 90' lang='lat' dir='ltr'>do</span> <span class='ocrx_word' id='word_1_459' title='bbox 956 2178 1110 2218; x_wconf 78' lang='lat' dir='ltr'>fecerim,</span> <span class='ocrx_word' id='word_1_460' title='bbox 1138 2187 1181 2210; x_wconf 89' lang='lat' dir='ltr'>ne</span> <span class='ocrx_word' id='word_1_461' title='bbox 1208 2179 1352 2219; x_wconf 84' lang='lat' dir='ltr'>amplius</span> <span class='ocrx_word' id='word_1_462' title='bbox 1383 2180 1584 2212; x_wconf 87' lang='lat' dir='ltr'>audirentur</span> 
     </span>
     <span class='ocr_line' id='line_1_90' title="bbox 882 2227 1582 2264; baseline 0.007 -6"><span class='ocrx_word' id='word_1_463' title='bbox 882 2227 1109 2260; x_wconf 85' lang='lat' dir='ltr'>veneficarum</span> <span class='ocrx_word' id='word_1_464' title='bbox 1132 2238 1244 2260; x_wconf 83' lang='lat' dir='ltr'>voces.</span> <span class='ocrx_word' id='word_1_465' title='bbox 1288 2230 1367 2261; x_wconf 83' lang='lat' dir='ltr'>Vat.</span> <span class='ocrx_word' id='word_1_466' title='bbox 1392 2230 1488 2262; x_wconf 88' lang='lat' dir='ltr'>Rom.</span> <span class='ocrx_word' id='word_1_467' title='bbox 1504 2234 1536 2264; x_wconf 85' lang='lat'>9.</span> <span class='ocrx_word' id='word_1_468' title='bbox 1551 2235 1582 2263; x_wconf 84' lang='lat' dir='ltr'>et</span> 
     </span>
     <span class='ocr_line' id='line_1_91' title="bbox 878 2279 992 2320; baseline 0.009 -11"><span class='ocrx_word' id='word_1_469' title='bbox 878 2279 992 2320; x_wconf 70' lang='lat' dir='ltr'>dicim]</span> 
     </span>
    </p>

    <p class='ocr_par' dir='ltr' id='par_1_18' title="bbox 881 2329 1582 2418">
     <span class='ocr_line' id='line_1_92' title="bbox 921 2329 1582 2370; baseline 0.005 -10"><span class='ocrx_word' id='word_1_470' title='bbox 921 2331 964 2360; x_wconf 82' lang='lat'>46</span> <span class='ocrx_word' id='word_1_471' title='bbox 987 2329 1136 2369; x_wconf 78' lang='lat' dir='ltr'>Displosa</span> <span class='ocrx_word' id='word_1_472' title='bbox 1149 2330 1254 2370; x_wconf 76' lang='lat' dir='ltr'>sonat]</span> <span class='ocrx_word' id='word_1_473' title='bbox 1289 2331 1466 2363; x_wconf 79' lang='lat' dir='ltr'>Quantum</span> <span class='ocrx_word' id='word_1_474' title='bbox 1482 2337 1582 2363; x_wconf 84' lang='lat' dir='ltr'>sonat</span> 
     </span>
     <span class='ocr_line' id='line_1_93' title="bbox 881 2379 1329 2418; baseline 0.004 -10"><span class='ocrx_word' id='word_1_475' title='bbox 881 2379 994 2409; x_wconf 88' lang='lat' dir='ltr'>vesica</span> <span class='ocrx_word' id='word_1_476' title='bbox 1008 2382 1111 2418; x_wconf 89' lang='lat' dir='ltr'>rupta</span> <span class='ocrx_word' id='word_1_477' title='bbox 1125 2383 1160 2409; x_wconf 89' lang='lat' dir='ltr'>et</span> <span class='ocrx_word' id='word_1_478' title='bbox 1175 2379 1329 2410; x_wconf 87' lang='lat' dir='ltr'>discissa.</span> 
     </span>
    </p>

    <p class='ocr_par' dir='ltr' id='par_1_19' title="bbox 877 2427 1581 2667">
     <span class='ocr_line' id='line_1_94' title="bbox 922 2427 1580 2472; baseline 0.006 -14"><span class='ocrx_word' id='word_1_479' title='bbox 922 2429 963 2458; x_wconf 83' lang='grc'>47</span> <span class='ocrx_word' id='word_1_480' title='bbox 987 2428 1117 2469; x_wconf 66' lang='lat' dir='ltr'>Dfflissa</span> <span class='ocrx_word' id='word_1_481' title='bbox 1132 2427 1219 2468; x_wconf 74' lang='lat' dir='ltr'>nate]</span> <span class='ocrx_word' id='word_1_482' title='bbox 1243 2428 1377 2460; x_wconf 83' lang='lat' dir='ltr'>Alludit</span> <span class='ocrx_word' id='word_1_483' title='bbox 1393 2429 1436 2460; x_wconf 85' lang='lat' dir='ltr'>ad</span> <span class='ocrx_word' id='word_1_484' title='bbox 1453 2429 1580 2472; x_wconf 79' lang='lat' dir='ltr'>fragili-</span> 
     </span>
     <span class='ocr_line' id='line_1_95' title="bbox 881 2477 1581 2521; baseline 0.003 -12"><span class='ocrx_word' id='word_1_485' title='bbox 881 2482 987 2509; x_wconf 88' lang='lat' dir='ltr'>tatem</span> <span class='ocrx_word' id='word_1_486' title='bbox 998 2477 1095 2518; x_wconf 82' lang='lat' dir='ltr'>ligni,</span> <span class='ocrx_word' id='word_1_487' title='bbox 1105 2478 1196 2518; x_wconf 88' lang='lat' dir='ltr'>quod</span> <span class='ocrx_word' id='word_1_488' title='bbox 1208 2477 1287 2509; x_wconf 90' lang='lat' dir='ltr'>dum</span> <span class='ocrx_word' id='word_1_489' title='bbox 1300 2477 1482 2519; x_wconf 83' lang='lat' dir='ltr'>frangitur,</span> <span class='ocrx_word' id='word_1_490' title='bbox 1493 2490 1581 2521; x_wconf 88' lang='lat' dir='ltr'>prae-</span> 
     </span>
     <span class='ocr_line' id='line_1_96' title="bbox 880 2527 1581 2570; baseline 0.003 -11"><span class='ocrx_word' id='word_1_491' title='bbox 880 2533 934 2559; x_wconf 88' lang='lat' dir='ltr'>ter</span> <span class='ocrx_word' id='word_1_492' title='bbox 952 2527 1019 2559; x_wconf 90' lang='lat' dir='ltr'>alia</span> <span class='ocrx_word' id='word_1_493' title='bbox 1034 2527 1126 2568; x_wconf 84' lang='lat' dir='ltr'>ligna</span> <span class='ocrx_word' id='word_1_494' title='bbox 1141 2527 1232 2558; x_wconf 87' lang='lat' dir='ltr'>clare</span> <span class='ocrx_word' id='word_1_495' title='bbox 1246 2533 1357 2560; x_wconf 88' lang='lat' dir='ltr'>sonat.</span> <span class='ocrx_word' id='word_1_496' title='bbox 1383 2530 1477 2570; x_wconf 81' lang='lat' dir='ltr'>Cruq.</span> <span class='ocrx_word' id='word_1_497' title='bbox 1527 2531 1581 2561; x_wconf 83' lang='lat' dir='ltr'>Fi-</span> 
     </span>
     <span class='ocr_line' id='line_1_97' title="bbox 878 2576 1579 2619; baseline 0.006 -11"><span class='ocrx_word' id='word_1_498' title='bbox 878 2579 946 2619; x_wconf 85' lang='lat' dir='ltr'>cus]</span> <span class='ocrx_word' id='word_1_499' title='bbox 977 2578 1051 2617; x_wconf 89' lang='lat' dir='ltr'>Ego</span> <span class='ocrx_word' id='word_1_500' title='bbox 1075 2576 1222 2617; x_wconf 85' lang='lat' dir='ltr'>Priapus</span> <span class='ocrx_word' id='word_1_501' title='bbox 1242 2586 1262 2608; x_wconf 87' lang='lat' dir='ltr'>e</span> <span class='ocrx_word' id='word_1_502' title='bbox 1276 2577 1343 2609; x_wconf 86' lang='lat' dir='ltr'>ficu</span> <span class='ocrx_word' id='word_1_503' title='bbox 1365 2578 1486 2611; x_wconf 87' lang='lat' dir='ltr'>factus.</span> <span class='ocrx_word' id='word_1_504' title='bbox 1531 2580 1579 2612; x_wconf 81' lang='lat' dir='ltr'>At</span> 
     </span>
     <span class='ocr_line' id='line_1_98' title="bbox 877 2626 1407 2667; baseline 0.002 -8"><span class='ocrx_word' id='word_1_505' title='bbox 877 2629 942 2659; x_wconf 83' lang='lat' dir='ltr'><strong><em>illae</em></strong></span> <span class='ocrx_word' id='word_1_506' title='bbox 957 2627 1096 2667; x_wconf 79' lang='lat' dir='ltr'>currere]</span> <span class='ocrx_word' id='word_1_507' title='bbox 1120 2626 1194 2658; x_wconf 87' lang='lat' dir='ltr'>111ae</span> <span class='ocrx_word' id='word_1_508' title='bbox 1210 2627 1407 2660; x_wconf 85' lang='lat' dir='ltr'>currebant.</span> 
     </span>
    </p>
   </div>
   <div class='ocr_carea' id='block_1_7' title="bbox 921 2677 1630 2721">
    <p class='ocr_par' dir='ltr' id='par_1_20' title="bbox 921 2677 1630 2721">
     <span class='ocr_line' id='line_1_99' title="bbox 921 2677 1630 2721; baseline 0.006 -12"><span class='ocrx_word' id='word_1_509' title='bbox 921 2681 963 2710; x_wconf 85' lang='grc'>48</span> <span class='ocrx_word' id='word_1_510' title='bbox 990 2677 1133 2709; x_wconf 66' lang='lat' dir='ltr'>Canidiae</span> <span class='ocrx_word' id='word_1_511' title='bbox 1147 2677 1268 2717; x_wconf 83' lang='lat' dir='ltr'>dentes]</span> <span class='ocrx_word' id='word_1_512' title='bbox 1291 2678 1388 2709; x_wconf 86' lang='lat' dir='ltr'>Nihil</span> <span class='ocrx_word' id='word_1_513' title='bbox 1410 2678 1493 2720; x_wconf 85' lang='lat' dir='ltr'>fingi</span> <span class='ocrx_word' id='word_1_514' title='bbox 1519 2690 1579 2721; x_wconf 90' lang='lat' dir='ltr'>po·</span> <span class='ocrx_word' id='word_1_515' title='bbox 1624 2681 1630 2684; x_wconf 84' lang='grc'><em>“</em></span> 
     </span>
    </p>
   </div>
   <div class='ocr_carea' id='block_1_8' title="bbox 878 2728 1578 2873">
    <p class='ocr_par' dir='ltr' id='par_1_21' title="bbox 878 2728 1578 2873">
     <span class='ocr_line' id='line_1_100' title="bbox 880 2728 1578 2769; baseline 0.003 -9"><span class='ocrx_word' id='word_1_516' title='bbox 880 2731 970 2760; x_wconf 83' lang='lat' dir='ltr'>terat</span> <span class='ocrx_word' id='word_1_517' title='bbox 985 2728 1176 2767; x_wconf 84' lang='lat' dir='ltr'>venustius,</span> <span class='ocrx_word' id='word_1_518' title='bbox 1190 2737 1289 2769; x_wconf 84' lang='lat' dir='ltr'>quam</span> <span class='ocrx_word' id='word_1_519' title='bbox 1304 2728 1398 2760; x_wconf 87' lang='lat' dir='ltr'>binas</span> <span class='ocrx_word' id='word_1_520' title='bbox 1412 2729 1578 2762; x_wconf 83' lang='lat' dir='ltr'>nobilissi-</span> 
     </span>
     <span class='ocr_line' id='line_1_101' title="bbox 878 2777 1577 2818; baseline 0.004 -8"><span class='ocrx_word' id='word_1_521' title='bbox 878 2789 950 2810; x_wconf 89' lang='lat' dir='ltr'>mas</span> <span class='ocrx_word' id='word_1_522' title='bbox 968 2777 1152 2818; x_wconf 83' lang='lat' dir='ltr'>veneficas,</span> <span class='ocrx_word' id='word_1_523' title='bbox 1178 2778 1262 2808; x_wconf 88' lang='lat' dir='ltr'>nibil</span> <span class='ocrx_word' id='word_1_524' title='bbox 1283 2787 1350 2809; x_wconf 91' lang='lat' dir='ltr'>non</span> <span class='ocrx_word' id='word_1_525' title='bbox 1367 2779 1410 2810; x_wconf 86' lang='lat' dir='ltr'>ab</span> <span class='ocrx_word' id='word_1_526' title='bbox 1426 2785 1500 2812; x_wconf 86' lang='lat' dir='ltr'>arte</span> <span class='ocrx_word' id='word_1_527' title='bbox 1515 2791 1577 2813; x_wconf 84' lang='lat' dir='ltr'>sua</span> 
     </span>
     <span class='ocr_line' id='line_1_102' title="bbox 878 2828 1576 2873; baseline 0.006 -13"><span class='ocrx_word' id='word_1_528' title='bbox 878 2829 942 2862; x_wconf 85' lang='lat' dir='ltr'>sibi</span> <span class='ocrx_word' id='word_1_529' title='bbox 967 2828 1186 2870; x_wconf 85' lang='lat' dir='ltr'>pollicentes,</span> <span class='ocrx_word' id='word_1_530' title='bbox 1211 2836 1278 2860; x_wconf 89' lang='lat' dir='ltr'>uno</span> <span class='ocrx_word' id='word_1_531' title='bbox 1306 2828 1426 2872; x_wconf 85' lang='lat' dir='ltr'>Priapi</span> <span class='ocrx_word' id='word_1_532' title='bbox 1456 2831 1576 2873; x_wconf 89' lang='lat' dir='ltr'>peditu</span> 
     </span>
    </p>
   </div>
  </div>
 </body>
</html>
