1916 3262
446 287 654 326 nonam
685 267 960 323 caammm
994 292 1091 322 ma.
1125 291 1201 321 ιιι.
1229 280 1299 321 19.

131 388 345 430 interpellat,
358 391 395 420 et
419 387 612 420 convivales
629 385 672 418 ab
690 394 733 416 eo
759 393 830 416 ser-

134 449 252 471 mones
267 438 413 480 flagitat.
431 438 520 470 Torr-
551 435 622 472 Quo
637 434 749 466 Chium
761 443 830 475 pre-

133 491 196 532 tio]
215 492 338 530 Taces,
362 490 396 522 id
419 493 484 529 eat,
508 497 574 520 uon
601 495 733 525 narras,
765 493 832 527 quo

135 541 247 583 pretio
268 549 418 573 emamus
431 537 550 572 cadum
566 536 635 569 viui
658 536 747 577 Chii,
761 534 831 568 vini

137 591 260 634 optimi
275 595 311 623 et
326 587 557 622 laudatissimi.

177 645 202 683 ⁶.
223 642 305 678 θυῖε
329 649 442 682 uquam
462 639 622 678 temperet,
638 635 709 678 ξω]
732 635 769 668 Si
789 634 832 667 de

1469 281 1579 324 1471

880 387 1022 423 cerent3
1045 383 1182 416 taudem
1210 382 1335 424 inquit,
1348 382 1358 400 ‘
1372 380 1526 415 Insanire
1541 385 1582 415 li-

881 434 966 475 bet,’
982 437 1047 467 &c.
1061 439 1101 467 ut
1121 433 1305 466 verisimile
1319 432 1364 464 sit
1379 441 1470 472 eum,
1489 434 1579 473 qnod

883 490 995 517 vatem
1019 485 1177 524 decebat,
1198 494 1319 516 novem
1342 483 1482 524 cyathos
1502 484 1582 515 hau-

881 529 979 567 sisse.
1005 535 1096 568 Tm.
1121 534 1202 568 vid.
1220 533 1370 566 Turneb.
1398 542 1505 565 xxtv.
1528 536 1585 567 25.

882 584 938 617 Da
950 586 1053 618 Lunae
1075 595 1202 627 propere
1219 584 1320 626 aovae]
1343 585 1510 617 Horatius
1534 585 1584 617 al-

881 637 1035 678 loquitur
1071 637 1267 677 pincernam
1302 645 1457 678 puernm,
1487 636 1585 677 quasi

135 690 332 733 apparanda
347 685 708 730 coenaloquiPoiitam
723 685 833 718 credi·
878 687 952 728 jam
983 687 1029 719 sit
1057 687 1092 719 in
1114 687 1283 727 convivio,
1309 687 1426 718 dicens
1455 695 1584 727 pneroz

134 750 222 782 mus,
237 740 344 773 verba
360 740 435 772 haec
450 738 492 771 «le
513 736 748 770 calefaciendo
764 737 834 769 bal-

134 802 201 825 neo
234 791 440 825 commodius
485 790 744 831 intelligentur:
781 789 834 820 sin

135 851 217 874 vero
229 842 319 874 inter
333 840 522 873 cauendum
537 840 586 872 sic
604 839 715 872 Poeta
729 839 836 881 loqui-

136 896 206 932 tur,
219 890 264 923 ad
279 899 416 932 pueros,
430 889 487 932 qui
509 890 707 930 potantibus
723 890 836 921 minis—

133 945 240 981 trent,
250 941 370 972 melius
385 939 593 972 referentur.
617 940 739 981 Aquam
753 949 837 980 ergo

133 993 304 1032 temperare
317 989 445 1030 ignibus
459 989 526 1021 erit
541 990 642 1025 idern,
657 988 746 1030 quod
757 988 837 1020 alibi

135 1039 233 1081 dicit,
260 1040 440 1072 ‘ardentis
468 1038 605 1071 Falerni
633 1038 756 1079 pocula
784 1048 837 1070 re-

136 1089 333 1129 stinguere!
363 1090 438 1122 Nec
450 1093 581 1121 tantum
593 1088 751 1130 frigidam
763 1089 839 1120 mis-

137 1138 267 1175 cebant
290 1138 336 1170 'ad
365 1138 623 1179 temperandam
657 1138 726 1169 vini
750 1138 838 1177 vim3

138 1188 196 1220 sed
219 1187 364 1220 calidam
387 1187 572 1228 interdum,
593 1192 632 1219 ut
655 1188 724 1218 vini
745 1186 839 1227 frigi·

136 1237 241 1279 ditae,
267 1242 328 1269 aut
357 1237 436 1269 nive
461 1243 521 1269 aut
546 1237 656 1277 glacie
685 1237 841 1278 quaesita,

138 1297 206 1320 non
228 1292 384 1320 noceret.
410 1287 512 1319 Unde
527 1287 685 1320 Juvenal.
706 1287 781 1319 Sat.
802 1295 839 1318 v.

135 1338 147 1355 ⁴
164 1337 310 1372 Quando
326 1340 468 1367 vocatus
492 1337 587 1367 adest
611 1336 733 1366 calidae
756 1335 839 1375 geli·

136 1386 258 1427 ‹laeque
274 1383 447 1416 minister)
463 1384 605 1415 Tor-rent.
639 1383 720 1419 Quis
728 1392 840 1423 aquam

135 1436 285 1474 temperet
307 1432 450 1474 ignibus]
473 1432 558 1465 Quia
581 1431 740 1462 balneum
770 1432 838 1463 cal-

135 1483 257 1523 facim
279 1492 356 1514 nam
379 1486 513 1514 veteres
539 1490 606 1513 non
629 1481 695 1513 nisi
717 1481 777 1512 loti
802 1485 840 1513 et

136 1532 230 1564 uncti
247 1530 521 1563 discumbebant.

177 1585 198 1614 7
224 1580 688 1623 Οιιορνιεὺειιιεάοηιιιπι,ᾄ·σ.]
713 1581 839 1622 Rogati

135 1641 156 1664 a
171 1641 208 1665 se
221 1632 314 1664 inter
329 1631 395 1663 alia
408 1631 481 1663 vult
497 1631 759 1673 Horatius,qnae
773 1641 840 1663 nna

136 1688 214 1716 cum
229 1680 349 1713 vicinis
364 1680 435 1712 ruri
450 1681 567 1712 vivens
586 1682 746 1712 convivia
768 1690 839 1712 mu·

135 1735 196 1762 tuo
219 1730 423 1770 celebraret,
439 1734 476 1761 et
490 1739 509 1761 a
528 1739 597 1770 qua
621 1730 703 1760 hora
726 1729 840 1761 focum

136 1779 328 1812 accendere
343 1784 381 1810 et
395 1778 598 1810 accumbere
612 1779 750 1809 soleret.
786 1778 843 1818 Id,

137 1829 167 1860 si
199 1828 315 1861 Gellio
344 1827 526 1866 credimus,
549 1829 559 1844 ⁶
576 1826 758 1865 mutitare,’
788 1827 844 1858 vel

139 1883 180 1910 ut
192 1878 251 1910 alii
266 1878 400 1917 volunt,
411 1878 421 1894 ‘
435 1876 622 1908 mutuitare
634 1875 642 1889 '
660 1876 843 1917 vocabant,

141 1927 233 1969 quod
262 1927 298 1958 in
325 1927 416 1959 vices
445 1926 614 1967 hospitem
643 1926 843 1958 invitarent.

142 1977 294 2018 Eamque
310 1977 396 2008 ruris
410 1976 620 2017 voluptatem
636 1986 702 2007 non
719 1977 845 2008 omisit.

139 2027 237 2068 Virg-
258 2026 389 2066 Georg.
404 2035 431 2058 1.
451 2027 462 2044 ‘
476 2026 668 2067 Mutuaque
695 2026 786 2057 inter
807 2034 844 2057 se

139 2077 212 2109 laeti
233 2076 392 2108 convivia
411 2075 556 2108 curant?
583 2077 729 2107 Torrent-
774 2076 844 2112 Quo

133 2128 292 2169 prebente
303 2127 441 2168 domum]
464 2127 573 2158 Taces
585 2128 680 2167 cujus
691 2127 794 2167 domi,
807 2130 843 2158 et

138 2182 246 2220 quota
266 2176 364 2217 hora,
381 2181 556 2209 coenantea
578 2177 762 2218 Pelignum
785 2176 844 2208 fri·

139 2237 202 2268 gus
217 2228 412 2259 truculento
427 2225 508 2265 foco
521 2228 769 2268 propulsemus.

181 2280 203 2308 8
225 2277 372 2317 Pel-‘guia
399 2277 536 2318 caream]
570 2277 764 2318 Pelignum‚
789 2281 845 2309 est

139 2326 307 2368 oppidum
341 2327 433 2369 apud
478 2327 663 2368 Samnites,
701 2332 846 2368 propter

146 2382 281 2409 montes
294 2376 470 2417 frigidum.

183 2430 207 2459 ⁹
222 2427 279 2460 Du
293 2427 470 2467 lunoe‚&e.]
485 2427 688 2467 Interrupto
702 2427 846 2468 Telephi

144 2486 302 2509 sermone
319 2477 457 2508 minime
473 2476 657 2516 convivali,
671 2481 711 2509 ut
725 2476 848 2508 invita-

145 2526 238 2558 tione
249 2525 406 2557 laetitiam
417 2525 560 2562 excitet,
573 2530 714 2566 arrepto
726 2526 846 2563 calice,

146 2575 276 2618 triplici
305 2576 442 2608 nomine
472 2576 539 2607 sibi
570 2575 706 2608 infundi
733 2576 847 2618 jubet.

146 2626 321 2658 Dubitans
347 2635 430 2657 vero
453 2629 536 2668 quot
562 2635 764 2667 unoquoque
789 2636 849 2658 no-

147 2677 239 2708 mine
267 2676 410 2717 cyathos
441 2680 614 2717 posceret,
642 2675 850 2716 singulosne,

145 2726 202 2769 qui
226 2725 324 2758 simul
351 2731 437 2767 tres,
462 2726 643 2759 Charitum
666 2726 851 2767 implerent

146 2787 336 2816 numerum,
357 2787 402 2809 an
428 2782 547 2810 ternos
567 2775 693 2819 potius,
717 2777 750 2808 in
773 2777 852 2808 Mu·

148 2837 263 2861 aarum
279 2827 439 2871 gratiam,
452 2827 511 2870 qui
527 2836 593 2861 una
608 2836 732 2861 novem
747 2826 851 2860 confi-

884 738 938 770 Da
960 737 1165 770 festinanter
1190 738 1224 769 in
1240 738 1402 769 honorem
1419 738 1506 768 lunae
1523 746 1586 768 no-

884 797 936 820 vae
953 789 1122 830 poculum,
1137 788 1171 819 id
1194 792 1259 824 est,
1273 788 1363 819 lunae
1380 787 1584 828 vespertinae

884 843 921 871 et
943 839 1097 879 orientis,
1112 840 1191 881 quia
1206 839 1248 871 ab
1267 839 1332 870 hoc
1346 842 1502 879 tempore
1519 846 1586 869 coe·

885 899 928 921 ua
942 890 1075 922 initium
1086 891 1193 931 capit.
1238 889 1296 920 Da
1306 888 1338 920 iu
1350 887 1495 929 gratiam
1507 897 1588 919 noc·

885 939 932 971 tis
947 939 1069 971 mediae
1085 940 1245 981 poculum
1261 949 1271 979 ;
1293 947 1371 970 nam
1384 938 1427 970 ad
1443 938 1587 969 mediam

886 994 1021 1021 noctem
1036 999 1135 1022 coena
1150 989 1415 1031 producebatur.
1459 989 1516 1020 Da
1529 997 1589 1019 an·

887 1040 978 1080 gnria
993 1040 1148 1071 Murenae
1167 1039 1338 1081 cyathum,
1352 1039 1387 1070 id
1403 1042 1468 1078 est,
1482 1038 1515 1070 iu
1529 1039 1588 1069 ho-

887 1098 1004 1121 norem
1029 1090 1198 1130 Mnrenae,
1226 1090 1282 1131 qni
1314 1088 1455 1129 augurio
1481 1087 1589 1128 polle-

889 1140 962 1172 bat.

933 1192 971 1222 11
991 1190 1150 1231 Murena]
1174 1189 1254 1221 Fuit
1267 1190 1305 1220 L.
1319 1187 1469 1220 Licinius
1477 1187 1590 1218 Varro

889 1239 1037 1271 Murena
1059 1239 1230 1271 Terentiae
1256 1238 1460 1270 Maecenatis
1482 1236 1591 1268 frater

889 1288 952 1331 (de
967 1298 1034 1330 quo
1052 1289 1106 1320 hic
1122 1289 1213 1330 loqui
1231 1288 1412 1320 Horatium
1434 1287 1590 1319 credide·

889 1337 969 1379 rim)
979 1337 1070 1369 forte
1083 1338 1203 1378 Augur
1214 1337 1324 1369 factus
1338 1347 1414 1368 cum
1426 1338 1498 1373 ha=c
1507 1337 1591 1368 scri-

889 1387 1065 1417 berentur.
1109 1387 1198 1417 Vide
1219 1386 1368 1417 Turneb.
1396 1394 1510 1417 xxm.
1535 1389 1591 1418 2⁷.

889 1434 1032 1467 Torreat.
1076 1434 1148 1467 Alii
1184 1437 1303 1467 volunt
1337 1445 1400 1476 per
1427 1435 1592 1475 Augurem

888 1485 1058 1517 Murenam
1079 1490 1213 1526 tempus
1242 1485 1447 1516 matutinum
1478 1485 1590 1525 desig—

888 1534 979 1575 nari,
990 1535 1072 1576 qnia
1085 1544 1229 1575 augures
1239 1534 1381 1576 auguria
1391 1534 1592 1576 captabant,

888 1585 1070 1626 aviumque
1086 1586 1220 1617 volatus
1244 1590 1279 1616 et
1306 1586 1452 1626 garritus
1475 1585 1592 1617 obser-

889 1635 1016 1667 vabant
1032 1635 1096 1667 sub
1108 1640 1220 1668 ortum
1235 1636 1335 1667 Solis.
1371 1635 1426 1666 Ita
1440 1635 1594 1666 ostendit

889 1685 1056 1717 Horatius
1083 1694 1121 1716 se
1147 1689 1184 1717 et
1212 1685 1348 1716 sodales
1378 1693 1455 1715 suos
1482 1688 1592 1715 totam

889 1739 1027 1765 noctem
1061 1738 1331 1774 compotaturos,
1368 1732 1594 1772 compotatio-

890 1792 1037 1824 nemque
1049 1783 1092 1814 ad
1107 1784 1214 1815 lucem
1230 1783 1466 1822 producturos,
1487 1782 1592 1813 Turn.

893 1841 971 1864 xvr.
1001 1835 1054 1863 ll.
1077 1832 1187 1864 Lamb.
1233 1833 1346 1863 Tribus
1379 1835 1435 1862 aut
1469 1831 1592 1871 novem]

892 1882 978 1913 Cum
1005 1881 1204 1922 paucissimi
1233 1887 1311 1913 sunt
1336 1881 1503 1920 convivae‚
1525 1890 1594 1912 non

892 1931 1075 1972 pauciores
1097 1936 1336 1973 essent,quam
1361 1937 1443 1971 tres,
1458 1935 1494 1962 et
1516 1940 1594 1962 cum

893 1980 1042 2021 plurimi,
1058 1990 1125 2012 non
1145 1982 1274 2021 plures,
1286 1991 1386 2021 quam
1404 1990 1536 2020 novem,
1550 1990 1594 2012 ne

892 2031 976 2062 rixae
993 2029 1188 2062 excitentur
1204 2039 1246 2061 ex
1263 2030 1444 2062 ebrietate.

935 2081 977 2110 12
999 2078 1190 2121 Miscentur]
1214 2079 1326 2111 Poeta
1348 2080 1440 2111 velut
1465 2079 1593 2110 Bacchi

892 2130 1027 2161 numine
1043 2130 1163 2170 plenus
1177 2129 1261 2161 furit
1273 2139 1312 2161 ac
1328 2129 1536 2171 lymphatur,
1554 2138 1594 2161 ac

890 2181 939 2211 nil
969 2179 1035 2211 nisi
1072 2180 1215 2220 cyathos
1246 2189 1286 2210 ac
1317 2179 1396 2210 vina
1427 2180 1594 2220 postulat.

890 2230 946 2262 Da
957 2231 1052 2271 lunae,
1065 2231 1117 2269 851:-
1145 2229 1257 2261 Tribus
1267 2233 1324 2261 aut
1334 2240 1442 2261 novem
1451 2230 1593 2261 Miscen-

891 2283 946 2312 tur
963 2281 1086 2322 cyathis
1107 2281 1215 2322 pocula
1238 2281 1417 2312 commodis.
1461 2281 1530 2313 Sed
1555 2280 1596 2311 τὺ

892 2331 1069 2362 Miscentur
1088 2331 1170 2362 mihi
1195 2332 1292 2362 nimis
1312 2331 1509 2370 languidum
1531 2341 1594 2372 pro

892 2380 1084 2419 bacchanti,
1095 2390 1135 2411 ac
1147 2381 1241 2412 velut
1253 2381 1377 2412 entheo
1389 2380 1503 2412 furore
1514 2390 1595 2412 cou-

892 2430 1000 2461 citato
1017 2429 1210 2468 videbatur,
1222 2429 1447 2470 legebamque
1457 2430 1595 2461 Miscen-

893 2483 954 2511 tor.
1000 2479 1110 2510 Recte
1147 2488 1188 2510 ac
1225 2489 1288 2520 pro
1325 2479 1479 2520 imperio.
1524 2478 1594 2510 Sed

894 2528 976 2570 quid
992 2533 1047 2559 est
1060 2529 1182 2569 cyathis
1194 2530 1361 2560 commodis
1371 2532 1384 2559 ,⁹
1416 2529 1595 2568 Interpres

894 2583 993 2610 vetus
1008 2578 1152 2618 exponit
1165 2579 1175 2595 ‘
1186 2579 1300 2618 aptis:
1345 2578 1423 2609 Hoc
1438 2582 1504 2613 est,
1523 2578 1595 2618 opi-

895 2637 970 2666 nor,
981 2632 1019 2658 ut
1034 2625 1186 2658 diffusius
1203 2627 1273 2666 alii,
1289 2627 1299 2644 ‘
1316 2626 1595 2659 convenientibus

895 2677 1017 2719 cuique
1032 2677 1099 2708 suis
1113 2686 1124 2715 3
1148 2680 1185 2707 ut
1205 2676 1262 2717 qui
1279 2676 1313 2707 in
1324 2676 1500 2707 Musarum
1514 2680 1596 2708 aunt

897 2728 1020 2767 tutela,
1046 2726 1089 2758 ad
1117 2725 1251 2758 illarum
1276 2734 1451 2757 numerum
1473 2733 1594 2757 novem

897 2781 1032 2809 sumant
1049 2776 1194 2817 pocula;
1219 2775 1276 2817 qui
1293 2783 1374 2807 vero
1388 2774 1519 2807 Gratiis
1533 2785 1595 2807 seu

898 2825 1093 2860 charitibus
1117 2825 1257 2867 placere
1277 2825 1404 2863 voluat,
1424 2824 1593 2858 duntaxat
