1916 3262
487 323 695 356 HoRA'rn
728 324 998 357 camimum
1037 327 1131 357 ma.
1164 329 1236 358 111.
1266 319 1337 360 27.

174 415 357 457 recinentis]
381 416 524 449 Oscines
535 424 615 448 aves
630 419 771 456 sunt,ut
790 417 868 448 Fes-

174 470 230 497 tus
247 466 310 506 ait,
324 475 400 508 quae
415 475 475 498 ore
490 470 651 498 canentes
662 463 796 497 faciunt
811 475 870 496 au-

173 515 331 556 spiciuin,
348 521 387 548 ut
400 516 532 557 cornix,
545 519 682 554 noctua,
696 517 762 547 ἅτε.
798 515 871 547 Ali-

174 571 240 606 tes,
251 558 328 608 quae
339 567 400 599 alis
411 576 452 599 ac
465 567 589 606 volatu,
599 570 637 596 ut
645 565 764 603 buteo,
776 565 871 607 aqui-

171 616 217 653 la,
228 617 294 649 διο.
315 617 420 649 Picus
431 621 544 648 autem
556 615 700 648 Martius
711 619 748 647 et
761 625 875 656 parra,

175 671 212 698 et
223 667 259 697 in
270 666 442 698 oscinibus
451 666 528 699 etin
543 665 679 697 alitibus
690 665 872 698 habentur.

173 716 279 749 Festo
290 716 424 749 Gellius
444 716 589 749 accedat
603 725 654 748 vr.
670 719 703 748 6.
717 716 774 747 ubi
788 726 872 758 quas

127 802 137 810 ἡ
174 767 185 783 ‘
201 764 320 797 alites'
335 766 459 798 Festus
471 776 481 805 ;
494 765 566 807 ipse
579 765 589 784 ⁴
603 770 776 806 praepetes
788 766 797 779 '
812 775 874 806 ap-

172 816 304 858 pellare
325 815 472 855 videtur,
500 816 692 857 praesertim
718 816 746 848 si
771 817 873 848 altius

172 865 418 908 sublimiusque
433 865 596 898 volitent:
609 865 814 908 easdemque
823 867 869 898 vi.

171 915 276 947 detur
297 916 468 948 Homerus
482 915 739 957 ττανυπτέρνγας
756 917 873 957 appel-

170 963 271 1005 lasse,
285 965 441 1007 quoniam
452 975 511 998 eas
524 967 738 1007 potissimum
756 965 873 1006 Augu·

171 1023 227 1047 res
247 1019 460 1056 spectarent,
483 1026 560 1057 quae
587 1015 784 1056 ingentibus
811 1016 872 1047 alis

173 1065 302 1104 patuloe
318 1069 421 1106 atque
436 1070 607 1106 porrectae
628 1065 871 1106 praevolarent.

173 1111 319 1153 Optime
338 1114 434 1154 Virg.
458 1114 592 1147 AEueid.
616 1123 673 1148 111.
693 1115 704 1132 ‘
717 1115 762 1146 Et
778 1116 872 1147 volu-

173 1169 269 1193 erum
279 1161 425 1203 linguas,
437 1168 472 1194 et
485 1165 651 1205 praepetis
666 1163 778 1195 omina
789 1173 870 1204 peu·

172 1211 253 1243 nm?
287 1211 452 1244 ‘Oscines
468 1213 478 1226 '
493 1214 582 1245 enim
599 1219 635 1245 et
648 1214 658 1230 ‘
672 1213 771 1245 alites
783 1213 791 1226 ⁹
807 1223 874 1245 uno

175 1270 278 1293 versu
299 1263 500 1304 complexus
526 1268 592 1295 est.
635 1264 747 1296 Parra
770 1264 874 1305 igitur

172 1315 209 1344 et
225 1320 309 1344 voce
325 1316 362 1344 et
383 1313 500 1344 volatu
516 1314 716 1354 auspicium,
734 1314 795 1346 sed
815 1314 874 1347 ad-

171 1370 306 1393 versum
321 1360 423 1394 facit:
439 1362 590 1394 Turneb.
601 1371 653 1394 rx.
665 1366 716 1395 19.
730 1364 873 1395 Tou-rent.

171 1411 228 1442 De
242 1420 343 1451 parra
358 1411 450 1442 Plin.
466 1419 579 1442 xvur.
593 1407 647 1443 29.
695 1411 811 1450 Omen]
835 1412 872 1444 Si

170 1461 273 1492 Festo
293 1459 476 1501 credimus,
495 1465 657 1502 tanquam
684 1461 694 1479 ‘
706 1471 845 1494 oremen
863 1462 872 1475 ’

170 1510 314 1542 dictum.
366 1510 482 1544 Quare
510 1521 598 1543 omen
626 1512 764 1552 proprie
795 1521 870 1544 esse

170 1561 290 1594 volunt
309 1560 549 1601 Grammatici‚
572 1561 663 1603 quod
689 1562 739 1594 ori
764 1561 869 1593 homi-

170 1620 251 1643 num
267 1615 430 1652 tauquam
441 1611 686 1651 praenuntiatio
698 1611 809 1653 aliqua
819 1612 871 1647 rei

121 1694 126 1700 ,
169 1659 297 1693 futurus
317 1659 489 1694 inciderit.
534 1660 706 1693 Auctores
727 1670 869 1702 genera-

170 1711 250 1743 liter
263 1719 325 1752 pro
336 1720 540 1753 quocunque
552 1712 696 1753 augurio
716 1712 788 1743 sive
811 1722 869 1743 au-

160 1759 280 1801 spicio
289 1760 340 1792 usi
350 1752 444 1792 suut:
456 1766 494 1792 ut
503 1770 607 1801 pam-«e
613 1771 702 1792 omen
711 1761 870 1792 hocloco.

171 1809 266 1841 Eine
287 1810 384 1842 bouis
400 1814 460 1841 ant
475 1810 571 1841 malis
587 1810 757 1841 ominibus
773 1818 869 1849 egre-

172 1858 222 1897 di,
233 1863 336 1899 atque
352 1858 585 1898 egredientem
607 1857 780 1898 prosequi,
794 1867 870 1898 pas-

173 1907 237 1939 sim
271 1908 437 1948 legimus3
470 1907 776 1948 quomodocunque
811 1907 872 1938 illa

173 1958 250 1989 sive
261 1967 324 1998 per
340 1966 432 1995 aves,
446 1957 518 1988 sive
535 1957 646 1995 aliter,
669 1955 870 1988 acciderint.

175 2008 320 2040 Tor-rent.
363 2005 544 2039 Recinentis
558 2005 659 2046 omen]
674 2006 792 2037 Parrae
807 2006 872 2038 ite—

173 2066 248 2089 rum
264 2061 367 2099 atque
382 2058 504 2089 iterum
527 2056 689 2088 canentis.

214 2110 236 2139 2
257 2107 379 2146 Ducat,
406 2109 436 2137 et
461 2115 629 2146 pregnans
652 2105 757 2144 cunis]
790 2107 870 2138 Dux

172 2157 216 2188 sit
230 2156 376 2196 itineris,
387 2164 429 2188 eo
443 2155 612 2196 nimirum,
624 2162 661 2187 ut
675 2155 771 2196 impii
783 2156 870 2188 male

170 2210 327 2248 pereant.

213 2258 234 2289 8,
258 2255 365 2297 Rana]
399 2257 466 2288 Vel
492 2256 536 2288 ob
563 2265 680 2288 vocem
706 2264 868 2288 raucam:

131 2304 134 2306 '
171 2305 225 2337 vel
237 2305 282 2338 ob
291 2307 463 2338 oculorum
475 2306 635 2345 colorem,
643 2306 736 2338 iuter
743 2304 866 2338 flavum

172 2361 209 2389 et
234 2356 383 2388 casium.
415 2357 558 2388 Tor-rent.
609 2355 700 2388 Vide
726 2356 867 2388 Caelium

173 2414 258 2437 xm.
271 2408 323 2437 8.-
349 2407 441 2437 Rana
462 2407 627 2437 decurrens
650 2405 738 2445 lupa]
759 2406 867 2447 Lupa,

173 2454 297 2487 eoloris
321 2456 406 2491 ravi,
427 2455 518 2486 inter
530 2454 654 2486 flavum
668 2459 707 2486 et
721 2454 866 2495 nigrum.

173 2503 351 2544 mnino]
364 2504 610 2544 Undecunque.
647 2504 788 2544 Species
804 2514 867 2545 pro

174 2561 313 2592 genere.

216 2605 238 2634 4
260 2602 410 2643 Foetoque
429 2601 550 2643 vulpes]
570 2602 703 2643 Vulpes
717 2603 867 2643 gravida.

174 2653 348 2695 [Fataque
364 2653 464 2693 volpes
478 2652 678 2693 Bamberg.]

218 2707 237 2734 5
262 2703 399 2743 Rumpat
422 2706 452 2734 et
477 2712 614 2743 serpeus,
634 2702 704 2743 ssa]
720 2703 868 2736 Turneb.

175 2762 269 2785 xxx.
283 2756 338 2785 29.

217 2807 238 2835 6
268 2804 307 2836 Si
333 2813 389 2845 per
416 2803 587 2845 obliquum]
618 2804 702 2836 Cum
732 2812 869 2844 serpens

174 2859 365 2886 transversa
380 2863 422 2885 cx
447 2858 544 2894 parte
569 2854 692 2886 terruit
717 2863 868 2895 mannos,

1509 322 1624 365 1485

923 416 957 447 id
974 420 1040 457 est,
1060 426 1166 458 equos
1179 427 1312 450 currum
1330 419 1519 457 trahentes,
1535 425 1627 455 auri-

924 475 977 506 gae
999 467 1156 498 manibus
1170 472 1336 506 assuetos,
1352 468 1441 510 quod
1458 475 1533 501 erat
1548 474 1627 503 mali

924 516 1056 549 ominis.
1100 517 1225 549 Similis
1250 518 1395 559 sagitta]
1425 519 1517 550 Plin.
1546 529 1628 552 vur.

924 569 981 599 23.
1003 567 1047 599 de
1062 568 1280 609 serpentibus
1290 570 1432 610 loquens
1448 580 1456 600 ε
1481 570 1628 610 ‘Vulga-

925 620 998 649 tum
1024 618 1103 658 est,’
1129 619 1254 661 inquit,
1280 620 1455 661 ‘jaculum
1470 630 1513 652 ex
1530 621 1629 653 arbo-

923 675 997 698 rum
1021 668 1124 700 ramis
1149 669 1292 709 vibrari,
1308 679 1373 702 nec
1389 671 1536 711 pedibus
1553 676 1628 703 tan-

923 720 994 748 tum
1010 717 1182 749 cavendas
1199 723 1392 759 serpentes,
1408 719 1469 751 sed
1495 724 1532 752 et
1551 720 1630 752 mis-

921 766 976 798 sili
993 768 1108 799 volare
1130 768 1328 800 tormento!
1368 769 1439 801 Sed
1467 774 1504 803 et
1525 770 1629 801 AElia-

921 825 985 848 nus
995 817 1039 848 de
1050 817 1142 851 Hist.
1155 818 1301 851 Animal.
1311 828 1363 851 vr.
1375 822 1428 851 18.
1436 824 1630 860 serpentes,

926 876 1002 909 quae
1025 867 1062 900 id
1078 867 1220 909 faciant,
1234 879 1254 900 a
1272 878 1310 900 re
1325 870 1400 911 ipsa
1415 869 1559 902 ἀκοντίοις
1572 880 1630 902 vo-

926 920 1018 949 catas
1035 918 1154 958 tradit,
1169 918 1259 960 quod
1281 919 1316 950 in
1339 919 1475 952 modum
1500 921 1630 960 sagittoe

926 976 970 999 ex
990 969 1092 1000 ramis
1115 968 1274 1000 arborum
1300 969 1335 1000 in
1363 970 1509 1002 viatores
1525 980 1562 1002 se
1579 971 1628 1002 vi-

926 1017 1026 1049 brare
1048 1018 1170 1050 solent.
1215 1018 1370 1059 Sagiteae]
1400 1019 1481 1051 Non
1508 1029 1584 1061 quae
1608 1029 1629 1051 a

925 1066 1104 1107 sagittario
1118 1067 1282 1104 mittitur,
1298 1068 1359 1099 sed
1382 1068 1393 1085 ‘
1404 1070 1530 1109 sagitta
1540 1069 1548 1083 '
1563 1070 1628 1100 hoc

924 1117 998 1148 loco
1025 1117 1196 1157 significat
1220 1128 1296 1149 eam
1325 1119 1452 1150 surculi
1482 1123 1630 1159 partem,

924 1175 1001 1207 quae
1026 1167 1060 1197 in
1083 1167 1210 1198 vitibus
1237 1167 1392 1206 incurva,
1418 1171 1454 1199 et
1469 1171 1629 1200 contorta

926 1214 1108 1255 pangitur;
1133 1220 1187 1247 est
1201 1216 1292 1247 enim
1307 1217 1461 1257 serpenti
1477 1217 1607 1249 similis.

969 1267 990 1295 7
1016 1265 1142 1297 Terruit
1164 1266 1306 1307 mannos]
1331 1267 1443 1299 Prisci
1458 1268 1629 1309 interpre-

929 1318 981 1345 tes
1007 1319 1224 1355 anuotarunt,
1240 1326 1368 1348 mannos
1385 1317 1499 1349 vocari
1516 1319 1628 1350 solere

927 1363 1086 1395 burichos
1103 1369 1138 1395 et
1149 1364 1341 1397 burdones:
1357 1366 1448 1397 uude
1460 1370 1497 1397 et
1511 1371 1521 1385 ‘
1533 1376 1628 1398 mau-

926 1412 1021 1443 nuli.'
1054 1414 1142 1452 Nos,
1157 1414 1192 1444 ui
1207 1413 1319 1453 failor,
1337 1415 1347 1432 ‘
1358 1415 1534 1455 gradarios
1549 1415 1560 1429 '
1575 1416 1626 1446 di-

925 1461 1046 1502 cimus,
1070 1463 1127 1504 qui
1144 1463 1290 1495 tonatim
1314 1469 1351 1495 et
1371 1465 1464 1496 nulla
1481 1465 1627 1496 vectoris

923 1511 1082 1543 molestia
1104 1512 1281 1545 incedunt.
1325 1514 1416 1545 Vide
1437 1515 1548 1555 Epod.
1573 1525 1626 1547 xv.

922 1560 1092 1602 ‘Appiam
1108 1563 1240 1594 mannis
1258 1563 1361 1595 terit.'
1379 1565 1524 1597 Tor-rent.
1554 1566 1627 1606 Ego

922 1610 972 1641 cui
985 1610 1112 1652 timebo]
1139 1612 1422 1653 Interrogationis
1445 1619 1527 1646 nota
1549 1625 1624 1646 era-

923 1660 1036 1692 denda
1051 1667 1117 1694 est.
1163 1663 1249 1695 Cum
1265 1668 1378 1696 alitem
1390 1666 1541 1705 providus
1554 1676 1626 1698 aus-

920 1720 985 1750 pex
998 1711 1042 1742 de
1053 1721 1090 1742 se
1105 1711 1180 1752 ipso
1205 1713 1346 1754 loquens
1368 1714 1418 1745 ait
1444 1714 1626 1753 Horatius,

925 1759 1098 1799 privatum
1125 1769 1162 1791 se
1186 1762 1363 1801 augurium
1387 1771 1514 1802 capere
1538 1763 1626 1794 velle

925 1807 1108 1848 significat,
1132 1809 1223 1849 quod
1239 1819 1259 1840 a
1272 1810 1408 1850 publico
1424 1811 1554 1843 distare
1570 1812 1625 1842 vel

924 1856 1008 1888 illud
1025 1857 1149 1897 indicio
1165 1863 1230 1896 est,
1244 1859 1336 1900 quod
1350 1859 1474 1899 privati
1492 1861 1626 1901 augurii

923 1906 1028 1938 libros
1043 1907 1220 1948 scripsisse
1235 1908 1424 1948 Nigidium,
1440 1914 1559 1941 auctor
1571 1916 1626 1942 est

922 1956 1056 1988 Gellius
1073 1965 1123 1988 V1.
1137 1960 1170 1989 6.
1194 1959 1338 1990 Torreat.
1383 1959 1455 1998 Ego
1469 1960 1519 1991 cui
1535 1960 1627 1992 tim&

919 2005 971 2045 bo]
1013 2005 1067 2037 An
1098 2007 1160 2038 tibi
1195 2007 1344 2039 timebo?
1379 2018 1591 2050 nequaquam
1611 2019 1623 2040 ε

920 2055 1000 2095 quia
1017 2065 1080 2086 uec
1096 2056 1200 2097 impia
1215 2066 1266 2095 es,
1277 2084 1279 2087 ,
1292 2066 1357 2088 nec
1374 2058 1457 2088 talia
1472 2062 1623 2090 monstra

919 2104 984 2136 tibi
1000 2105 1133 2136 tristem
1147 2110 1306 2137 eventum
1321 2108 1568 2146 praenuntiant.

963 2157 984 2186 8
1006 2155 1162 2186 Providus
1177 2155 1310 2196 auspex]
1323 2156 1526 2187 Futurorum
1544 2166 1623 2198 pro-

920 2203 1029 2236 vidus.

963 2257 985 2286 9
1006 2255 1092 2288 Ante
1108 2266 1200 2297 quam
1213 2259 1332 2288 stantes
1346 2261 1467 2298 repetat
1478 2257 1622 2298 paludes]

921 2304 1070 2337 Paludes
1085 2306 1229 2347 quietas,
1253 2311 1291 2338 ut
1312 2311 1448 2348 stagna,
1464 2317 1541 2348 quae
1554 2316 1621 2338 non

920 2354 1042 2387 fluunt.
1087 2357 1176 2388 Vide
1190 2357 1327 2388 Festum
1343 2357 1376 2388 in
1389 2358 1398 2374 ‘
1410 2357 1601 2397 Stagnum.'

963 2407 1005 2436 10
1028 2405 1182 2436 Imbrium
1195 2406 1319 2446 divina]
1345 2406 1458 2438 Omen
1478 2416 1515 2437 se
1531 2406 1621 2446 peti-

920 2458 1034 2486 turum
1050 2455 1136 2486 coelo
1149 2454 1259 2486 adhuc
1275 2463 1396 2487 sereno
1409 2454 1493 2487 dicit
1507 2455 1621 2486 Hora-

922 2503 1003 2542 tius,
1011 2507 1047 2534 et
1059 2507 1239 2544 antequam
1247 2504 1354 2535 hiems
1363 2509 1422 2535 aut
1433 2507 1619 2544 tempestas

919 2553 1118 2592 incumbat;
1142 2564 1243 2594 quam
1266 2548 1447 2587 terrestres
1464 2555 1618 2585 volucres

919 2602 1125 2643 significant,
1141 2612 1244 2644 quum
1258 2609 1379 2635 contra
1391 2612 1510 2643 aquam
1527 2602 1619 2632 cian-

921 2661 1037 2693 gorem
1052 2651 1148 2691 dant,
1174 2652 1420 2692 perfundentes
1447 2660 1533 2691 sese,
1556 2651 1618 2682 sed

921 2702 1065 2733 maxime
1081 2701 1210 2732 cornix.
1238 2701 1328 2732 Plin.
1347 2709 1456 2732 xvm.
1472 2703 1525 2732 35.
1543 2701 1619 2731 Tor-

919 2756 1001 2783 reut.
1046 2751 1165 2783 Divina
1187 2751 1270 2791 uvis]
1296 2750 1434 2789 Cornix,
1460 2749 1618 2785 imbrium

920 2804 1062 2844 praescia
1076 2807 1111 2833 et
1123 2802 1324 2843 praenuntia.
1339 2801 1536 2843 [Bamberg.
1546 2793 1617 2834 ἰηῖἰ-

923 2857 1058 2892 uentem,
1073 2862 1147 2885 cum
1159 2853 1205 2894 gl.
1220 2852 1431 2885 imminentum
1442 2861 1455 2889 ;
1467 2851 1619 2894 Guelph.
