1982 3230
391 298 502 339 1198
859 313 901 351 Q.
934 313 1138 343 HoRA'ru
1173 315 1347 346 Fusco:

393 402 546 452 Quid?
577 405 615 445 si
635 404 735 457 quis
755 405 876 446 vultu
897 407 1018 446 torvo
1036 405 1165 456 serus,
1183 411 1226 447 et
1243 408 1355 460 pede
1376 409 1505 459 nudo,

390 469 660 523 Exiguaeque
681 475 796 522 togae
815 470 991 511 simulet
1009 475 1177 512 textore
1196 472 1421 523 Catonem,

389 535 658 577 Virtutemne
678 540 952 588 repraesentet
970 550 1198 591 moresque
1218 538 1427 580 Catonis?

389 600 530 654 Rupit
550 601 758 642 Iarbitam
778 601 1024 654 Timagenis
1045 604 1205 644 aemula
1225 605 1386 658 lingua,
1758 610 1813 652 15

383 730 452 751 rum
465 721 493 752 si
507 721 658 761 quispiam
668 731 772 752 severa
777 720 886 757 fronte
894 722 1014 762 gravis,
1030 723 1120 754 nudis
1127 723 1266 762 pedibus,
1278 726 1309 753 et
1322 723 1419 755 brevis
1434 726 1514 762 togae
1526 732 1581 754 usu
1596 723 1743 755 Catonem
1756 733 1810 755 ex-

385 763 500 803 hibeat,
516 773 586 794 num
596 764 725 803 proinde
742 764 870 794 Catonis
893 764 1010 801 reserat
1025 775 1121 796 mores
1135 775 1171 796 ac
1189 765 1332 796 virtutem
1346 768 1359 796 ‚⁹
1402 766 1591 806 Hyarbz'tam
1603 766 1740 806 perdidit
1755 775 1811 796 sua

981 859 1211 871 eeeeeeeeeeee

383 927 508 955 enatare
521 932 615 954 mero.
658 924 735 954 Vat.
752 925 802 955 16.
825 921 979 964 Angelic.
995 926 1025 954 3.
1048 927 1084 953 et
1114 923 1235 954 Venet.
1258 926 1352 955 1650.
1371 927 1478 963 potare
1492 925 1697 956 diurna-12
1720 924 1810 959 Quod

383 966 412 996 si
436 965 585 998 Cbisian.
610 968 640 996 1.
668 975 687 995 a
711 975 754 995 m.
784 974 851 996 sec.
880 970 916 996 et
944 965 1097 1005 Angelic.
1126 967 1240 996 1.-13
1266 967 1276 982 ⁴
1294 966 1437 998 Quidam
1467 965 1565 997 codd.
1597 975 1652 1006 ap.
1681 966 1809 997 Muret.

382 1011 521 1047 tesquore
544 1016 604 1046 pro
626 1007 637 1024 ‘
662 1006 842 1046 squalore‚'
874 1011 911 1037 ut
940 1006 1012 1046 ipse
1042 1007 1281 1045 interpretatur
1309 1017 1424 1038 vocem
1452 1016 1584 1039 novam.
1637 1006 1810 1039 Refutavit

386 1049 503 1080 Lamb.
524 1049 744 1087 Pulmannus,
763 1048 911 1079 Turneb.
937 1047 1079 1079 Advers.
1096 1056 1188 1079 xvn.
1203 1052 1254 1079 22.
1280 1049 1338 1079 sed
1364 1050 1483 1080 iterum
1507 1047 1654 1080 laudavit
1675 1049 1708 1079 in
1729 1053 1808 1080 nota

382 1089 504 1121 Dacer.
528 1090 651 1120 merito
673 1090 829 1130 explosus
854 1099 873 1120 a
898 1090 999 1121 Baxt.
1025 1089 1175 1130 aliisque.
1219 1091 1296 1121 Non
1319 1091 1422 1121 solum
1445 1091 1528 1122 Mss.
1550 1099 1663 1121 omnes
1688 1091 1807 1130 ceteri,

381 1131 440 1162 sed
482 1136 518 1162 et
555 1130 668 1162 Acron
706 1135 741 1161 et
783 1131 973 1171 Porpliyrio
1009 1131 1223 1171 repugnant!
1259 1132 1334 1163 Fea.
1394 1131 1618 1163 Sclioenborn.
1649 1135 1680 1163 4.
1717 1131 1810 1162 simul

382 1175 413 1202 et
434 1175 651 1203 textore—14
674 1171 904 1203 Schoenborn.
930 1176 1162 1204 moresne.—-l5
1188 1173 1337 1204 Iarbitam
1363 1178 1492 1213 septem
1518 1173 1615 1204 codd.
1637 1173 1729 1211 Feae,
1753 1173 1808 1203 alii

381 1213 465 1244 Mas.
489 1213 577 1253 apud
603 1214 712 1244 Pulm.
737 1214 988 1245 Commentator
1007 1214 1236 1254 Cruquiauus:
1262 1215 1413 1246 restituit
1432 1214 1598 1255 Georgius
1618 1214 1747 1246 Fabric.
1769 1218 1808 1245 nt

381 1255 432 1286 ab⁴
451 1255 553 1286 Iarba
582 1263 663 1295 rege
685 1255 876 1286 Mauritano
898 1254 1099 1292 derivatum,
1127 1255 1204 1295 quia
1228 1256 1366 1287 Maurus
1393 1261 1467 1286 erat
1493 1256 1560 1287 ille.
1612 1256 1808 1296 Sequuntur

379 1297 490 1328 Pulm.
506 1297 600 1327 Torr.
616 1298 717 1327 Baxt.
740 1297 853 1327 Bentl.
881 1305 1064 1336 anonymus
1079 1297 1168 1337 Traj.
1183 1297 1224 1327 ad
1253 1297 1359 1328 Rlien.
1377 1299 1470 1328 1713.
1499 1298 1582 1328 Cun.
1601 1297 1681 1328 San.
1697 1297 1807 1329 Merv.

379 1337 485 1369 Genu.
500 1338 578 1368 Van.
601 1337 741 1376 Dorigh.
759 1337 878 1368 Oberl.
892 1338 1031 1374 Combe,
1046 1337 1181 1367 Wakef.
1196 1339 1299 1368 Wetz.
1317 1340 1424 1368 Zeun.
1458 1337 1646 1378 Hyarhitam
1661 1338 1703 1369 ab
1720 1338 1806 1371 Aldo

380 1381 474 1410 1601.
485 1378 592 1410 Junta
607 1381 700 1409 1503.
725 1378 824 1418 vulgo
837 1377 871 1408 in
887 1377 958 1407 aliis
975 1377 1084 1407 editis.
1128 1378 1168 1408 ln
1183 1378 1382 1418 quibusdam
1399 1379 1516 1418 priscis
1532 1379 1749 1420 editionibus,
1770 1385 1807 1410 et

379 1420 412 1450 in
436 1420 520 1451 Mss.
541 1420 625 1450 mira
640 1419 785 1450 varietas
809 1419 842 1449 in
865 1419 927 1449 hoc
945 1419 1089 1456 nomine,
1109 1427 1182 1449 cum
1207 1419 1326 1459 partim
1350 1419 1423 1459 jam
1450 1424 1624 1450 notaverat
1648 1421 1804 1453 Torrent-

380 1461 572 1498 Hiarbitam,
588 1461 770 1500 Iarbithmn,
787 1459 1007 1500 Hyharbitum,
1027 1459 1202 1499 Yarbitam,
1218 1460 1420 1500 Hyrabitam,
1439 1461 1608 1498 Tar-bitom,
1626 1461 1804 1502 Bar-bitum,

381 1503 571 1543 Thur-bitum,
589 1503 779 1543 Tampilum,
794 1502 981 1541 Bar-butam,
999 1501 1171 1542 Taibytam.
1215 1501 1342 1533 Eadem
1359 1503 1503 1533 varietas
1528 1504 1560 1533 in
1585 1502 1684 1534 codd.
1702 1503 1804 1534 Acro-

1027 1585 1168 1617 NOTAE

377 1660 472 1691 tium.
510 1660 555 1691 Et
571 1659 627 1700 qui
641 1659 691 1690 sic
707 1659 964 1699 per-vigilassent
979 1663 1064 1690 stre-

374 1718 440 1740 nue
454 1709 626 1749 praemium
639 1708 850 1748 accipiebant
861 1708 1062 1747 placentam.

1158 1659 1243 1690 Pede
1257 1659 1351 1699 nudo]
1368 1659 1454 1690 Cato
1470 1657 1639 1689 Uticensis
1654 1657 1724 1689 sine
1736 1658 1805 1689 cal-

1115 1707 1183 1739 ceis
1211 1713 1247 1738 et
1275 1707 1345 1738 sine
1371 1712 1448 1746 toga
1470 1706 1625 1746 prodibat
1643 1707 1676 1737 in
1694 1707 1803 1746 publi-

375 1757 445 1789 Jul.
471 1757 602 1795 Pollux,
626 1756 748 1788 Athen.
771 1756 830 1786 lib.
853 1764 929 1787 xiv.
954 1756 1063 1787 Schol-

375 1807 550 1846 Aristoph.
566 1806 680 1846 Equit.

418 1855 535 1886 Patere
555 1853 680 1892 diurno]
704 1854 759 1884 De
785 1852 839 1884 die
867 1853 1060 1893 ‘crapulam

375 1903 596 1942 exlialantes‚'
616 1908 654 1933 ut
673 1902 719 1933 ait
735 1901 823 1933 Tull.
857 1902 912 1933 Sic
926 1901 1060 1942 quidem

371 1952 532 1983 luxuriosi
557 1959 783 1991 quascumque
806 1951 903 1980 horas
926 1959 1059 1990 compo-

373 2000 556 2031 tationibus
573 1998 710 2030 idoneas
731 1997 922 2029 habebant:
947 2003 982 2029 at
999 1999 1060 2029 viri

373 2057 491 2089 graves
513 2053 548 2078 et
573 2047 731 2087 occupati
755 2055 819 2076 non
840 2045 979 2077 adibant
993 2055 1058 2076 coe-

372 2106 447 2128 nam
464 2097 526 2127 nisi
543 2095 675 2135 vesperi
689 2099 724 2126 et
740 2095 780 2126 ad
794 2095 956 2125 lucernas.
988 2094 1058 2125 Un-

373 2146 415 2177 de
433 2145 567 2177 Aleaeus
582 2145 630 2175 ita
646 2144 808 2185 queritur,
825 2152 860 2174 se
877 2143 949 2184 ipse
965 2144 1056 2174 vino-

371 2205 442 2226 sum
459 2203 602 2235 arguens
618 2195 651 2224 in
674 2193 943 2233 Epigrammate:
965 2191 1056 2223 πίνω-

370 2255 436 2283 μεν.
463 2243 496 2275 τί
522 2243 578 2274 τὸν
605 2243 725 2283 λύχνον
746 2240 936 2280 ἂμμένομεν;
972 2242 1055 2273 biba-

371 2303 437 2325 mus
445 2304 455 2324 .·
477 2293 550 2334 quid
564 2293 705 2334 lychnum
717 2295 911 2331 expectamus
919 2294 932 2321 2

413 2344 453 2373 12
471 2342 575 2377 Quid?
590 2342 617 2372 si
632 2341 699 2381 quis
712 2341 808 2379 vultu,
824 2339 893 2380 ξω]
916 2339 1057 2370 Refellit

369 2391 532 2423 Horatius
565 2391 754 2431 opinionem
793 2396 871 2420 ante
909 2391 1057 2421 allatam.

371 2440 437 2473 Qui
454 2439 627 2471 Cratinum
650 2439 800 2470 imitatur
821 2439 854 2469 iu
870 2439 992 2470 vitiosa
1007 2439 1056 2479 ip-

369 2489 436 2520 sius
462 2488 657 2528 bibacitate,
687 2497 751 2518 non
782 2487 922 2526 proinde
948 2487 1056 2528 poeti-

370 2549 441 2570 cam
464 2539 537 2580 ejus
560 2539 716 2570 virtutem
731 2543 945 2578 assequetur;
967 2538 1055 2570 sicut

371 2589 426 2630 qui
441 2589 576 2619 habitus
590 2588 778 2629 squalorem
795 2591 854 2617 aut
875 2587 984 2618 vultus
1005 2596 1054 2617 se-

369 2638 547 2669 veritatem
584 2636 723 2668 Catonis
759 2635 956 2675 imitabitur,
989 2644 1054 2667 non

369 2687 528 2718 continuo
555 2695 662 2717 morea
687 2686 760 2726 ejus
786 2685 928 2726 optimos
951 2684 1053 2715 habe-

370 2734 431 2770 bit,
447 2736 511 2766 διο.
554 2735 644 2775 Ergo
666 2734 743 2765 boni
765 2733 963 2774 exemplaris
987 2743 1051 2765 non

370 2783 450 2814 vitia
466 2783 524 2814 sed
542 2783 682 2814 virtutes
697 2788 832 2829 oportet
851 2783 1011 2815 aemulari.

1115 1765 1212 1793 cum3
1236 1756 1336 1787 immo
1351 1762 1386 1787 et
1402 1757 1535 1787 Praetor
1558 1757 1604 1786 sic
1626 1756 1666 1786 ad
1691 1761 1801 1788 rostra

1115 1805 1285 1844 veniebat,
1292 1805 1420 1845 judicia
1432 1804 1624 1843 exercebat,
1633 1805 1799 1837 interdum

1115 1854 1216 1884 etiam
1238 1853 1323 1885 bene
1349 1863 1491 1894 pransus
1515 1860 1551 1885 et
1575 1858 1684 1894 potus.
1721 1853 1801 1885 Plu-

1115 1903 1222 1934 tar-ch.

1157 1954 1195 1981 13
1218 1951 1410 1991 Exiguaeque
1438 1954 1518 1991 togae
1546 1951 1681 1991 textore]
1715 1951 1799 1984 Bre-

1114 1998 1196 2029 viori
1215 2005 1292 2039 toga
1305 2000 1376 2030 vilis
1393 2004 1537 2031 texturae
1551 2010 1560 2038 3
1584 2001 1672 2031 sicut
1687 2001 1800 2041 Epist.

1114 2051 1143 2078 1.
1161 2050 1220 2086 ait,
1236 2052 1244 2065 ‘
1262 2053 1414 2079 curtatus
1430 2049 1583 2088 inaequali
1601 2053 1735 2090 tonsore
1747 2059 1800 2081 ca-

1111 2095 1319 2136 pillos,''pro‚
1334 2096 1487 2136 inaequali
1506 2101 1653 2127 tonsura.
1698 2097 1796 2130 Quod
1818 2097 1822 2103 '

1109 2154 1129 2175 e
1145 2145 1200 2175 vili
1218 2145 1394 2184 plebecula
1410 2145 1596 2185 quempiam
1613 2145 1796 2185 decuisset,

1109 2203 1175 2224 nou
1192 2203 1271 2224 vero
1295 2194 1469 2234 patricium
1486 2197 1520 2224 et
1536 2193 1691 2224 nobilem.
1729 2195 1795 2226 Ln-

1110 2252 1211 2274 canns
1235 2243 1396 2274 Catonem
1419 2242 1512 2272 illum
1528 2241 1723 2272 Uticensem
1740 2251 1796 2273 ca-

1109 2293 1179 2323 nit:
1201 2293 1210 2309 ‘
1226 2292 1359 2323 Hirtam
1378 2291 1519 2322 Romani
1534 2299 1626 2328 more
1649 2290 1793 2323 Quiritis

1109 2341 1286 2372 Induxisse
1309 2339 1443 2380 togam!
1485 2340 1571 2370 Sunt
1591 2339 1647 2380 qui
1665 2340 1794 2380 legant,

1107 2393 1256 2430 tesquare,
1282 2389 1316 2420 id
1337 2394 1402 2426 est,
1428 2388 1595 2428 squalore,
1623 2387 1792 2428 inquiunt.

1108 2439 1164 2470 Sic
1180 2439 1334 2469 nimirum
1349 2437 1468 2469 scribit
1482 2437 1518 2469 J.
1535 2436 1668 2476 Lipsius
1681 2436 1792 2470 Elect.

1107 2497 1132 2520 1.
1152 2490 1202 2519 13.
1219 2488 1336 2518 vellem
1354 2496 1415 2525 ego
1433 2491 1556 2524 tamen,
1570 2484 1720 2516 eruditus
1735 2485 1792 2517 ille

1106 2535 1158 2568 vir
1169 2536 1222 2567 vel
1233 2537 1391 2574 originem
1404 2534 1592 2573 insolentis,
1607 2533 1706 2565 immo
1719 2534 1791 2566 bar·

1106 2584 1307 2623 barae,vocis
1322 2584 1415 2614 istius
1428 2583 1631 2624 indagasset‚
1643 2583 1696 2614 vel
1711 2591 1789 2614 auc-

1106 2634 1244 2666 toritate
1259 2634 1415 2675 quapiam
1435 2634 1534 2664 allata
1556 2642 1626 2664 rem
1649 2633 1789 2674 amplius

1105 2683 1321 2714 excussisset.

1146 2734 1184 2762 15
1209 2731 1306 2771 Rupit
1321 2730 1472 2762 Iarbitam
1492 2728 1706 2770 [Hyarbz'tam.
1720 2729 1788 2770 ξε.)

1106 2782 1172 2814 Alii
1189 2782 1340 2813 scribunt
1357 2780 1519 2821 Iarbitam,
1532 2781 1574 2811 ab
1587 2779 1687 2810 Iarba
1703 2788 1783 2818 rege
