1916 3262
359 285 470 327 1448

357 387 457 427 plicio
486 387 539 418 alii
565 388 662 418 aliter
689 388 868 432 tradidere.
912 389 1044 421 Cicero-

355 437 408 469 nis
433 436 536 468 verba
557 437 768 469 adscribam:
791 439 801 455 ‘
817 438 864 469 M.
880 439 1043 477 Regulum

354 484 518 524 illigatum
541 485 573 514 in
590 485 754 525 machina,
774 487 913 518 resectis
931 487 1044 527 palpe-

355 533 437 572 bris,
452 534 744 571 Carthaginienses
759 535 928 575 vigilando
944 545 1043 566 neca-

356 584 498 613 verunt.’
552 582 561 597 ‘
578 582 790 615 Machinam'
818 589 927 619 autem
953 585 1041 615 illam

812 299 951 329 NO‘rAE

354 635 431 661 sunt
462 631 516 671 qui
543 635 551 648 ‘
567 631 703 667 arcam,'
732 637 810 664 sunt
836 634 891 673 qni
917 633 1042 664 ‘arma-

354 679 437 709 rium
449 682 457 694 '
472 680 656 718 appellent.
682 680 771 711 Vide
786 686 820 712 et
836 682 982 713 Gellium
994 691 1042 713 v1.

354 729 384 759 4.
407 727 481 758 Val.
496 727 588 758 Max.
605 736 656 759 rx.
672 731 704 759 2.
730 729 872 761 Tor-rent.

395 778 430 806 51
471 776 635 808 Obstantes
677 779 874 818 propinquos]
905 779 1040 811 Amicos

354 824 636 864 contradicentes,
661 832 902 868 precantesque
930 838 970 859 ne
999 829 1040 859 ad

353 872 465 903 hostes
483 874 622 905 rediret.

393 924 435 952 52
457 922 609 962 Populum
632 923 763 963 reditus]
783 924 961 963 Populum,
983 925 1040 965 qui

353 969 497 1000 reditum
513 980 606 1002 suum
621 973 789 1004 tardabat.

393 1021 434 1049 53
456 1019 557 1053 Quam
579 1021 608 1050 si
633 1021 775 1051 clientum
797 1021 937 1062 negotiu]
963 1022 1038 1052 Non

352 1075 448 1097 secus
474 1076 513 1098 ac
527 1069 554 1098 si
571 1073 733 1108 patronus
747 1069 877 1109 fnisset,
892 1075 927 1101 et
939 1071 1039 1101 clien-

353 1119 423 1145 tum
441 1125 574 1146 suorum
599 1117 698 1157 longa
718 1118 853 1157 negotia
876 1119 1037 1160 (litejam

351 1163 551 1203 dijudicata,
563 1166 845 1207 pronuntiataque
857 1169 1039 1209 sententia)

351 1211 487 1243 tandem
513 1213 730 1254 relinqueret,
757 1219 791 1246 et
814 1219 891 1254 post
918 1217 1038 1247 multas

355 1261 528 1292 molestias
553 1263 687 1293 tandem
703 1263 803 1294 animi
818 1265 926 1303 gratia
942 1266 974 1295 in
989 1275 1038 1296 se-

351 1318 448 1340 cessu
473 1317 532 1344 sut
547 1311 616 1342 otio
636 1312 806 1342 rusticano
832 1322 905 1343 sese
927 1314 1038 1345 oblec-

352 1362 426 1388 tare
453 1364 488 1388 et
514 1361 545 1389 in
573 1360 683 1390 villam
706 1369 799 1391 snam
824 1371 897 1392 sese
919 1372 1038 1402 exspa-

353 1402 429 1436 tiari
446 1407 560 1438 vellet.
582 1408 694 1439 Lubin.

391 1458 432 1486 54
455 1455 638 1493 Diiudicata
662 1458 718 1488 lite
733 1457 933 1497 relinqueret]
961 1459 1036 1490 Lite

349 1502 443 1534 finita
455 1510 490 1535 et
505 1505 634 1546 decisa,
643 1506 810 1537 sententia
822 1507 950 1538 scilicet
961 1516 1036 1547 pro-

349 1552 515 1583 nuntiata.

390 1604 430 1631 55
449 1602 585 1633 Tendens
604 1602 809 1643 Venafranos]
825 1603 896 1634 Iter
911 1603 1035 1635 habens

351 1648 580 1680 Venasranum
618 1650 811 1690 Campaniae
855 1653 1037 1691 civitatem,

349 1696 628 1728 animirelaxandi
645 1700 766 1738 gratia.
809 1700 898 1730 Vide
911 1708 951 1730 n.
968 1700 1035 1732 Od.

349 1747 381 1774 6.

390 1795 431 1823 56
457 1793 634 1833 Tarentum]
657 1794 830 1835 Oppidum
847 1805 867 1826 a
890 1796 1036 1828 Phalan-

347 1845 382 1871 to
401 1841 658 1873 Lacedaemonio
674 1844 856 1875 conditum.

348 1888 430 1920 Onr:
445 1900 492 1922 vt.
515 1892 756 1930 Συλλογιστική.
779 1892 1036 1926 ΑυΒοΜΑΝοε.

390 1939 576 1980 Corruptos
593 1951 663 1972 suae
681 1943 794 1974 aetatis
805 1953 912 1974 mores
929 1945 1035 1976 insec-

391 1993 496 2020 tatur.

390 2039 406 2066 l
430 2037 556 2068 Delicta
587 2037 759 2078 Maiarum]
808 2038 864 2070 Ob
901 2041 1035 2080 culpam

345 2084 512 2123 Majorum
543 2084 639 2116 dabis
663 2095 791 2124 poenas,
816 2096 898 2127 quas
915 2098 979 2118 non
999 2099 1034 2119 es

347 2133 499 2162 meritus.
545 2130 723 2163 Immeritus
736 2134 813 2173 tues]
835 2135 917 2165 Cum
929 2136 1036 2166 ineme-

345 2179 425 2209 ritus
439 2179 535 2215 dicit,
563 2180 787 2212 Romanorum
812 2182 904 2221 leges
929 2185 1032 2223 respi-

345 2228 403 2265 cit,
419 2228 505 2267 apud
522 2237 604 2268 quos
620 2229 746 2260 nullum
758 2231 862 2270 patris
872 2231 1033 2263 delictum

345 2277 514 2308 innocenti
542 2276 610 2308 filio
642 2287 747 2318 poenoe
782 2285 870 2318 erat,
901 2280 1033 2312 etiamsi

345 2325 581 2365 perduellionis
597 2326 736 2358 crimine
748 2326 955 2368 deliquisset.
967 2333 1033 2360 tes-

344 2375 388 2404 tis
405 2374 569 2414 Ulpianus
587 2374 629 2405 de
650 2375 895 2407 Decurionibus
915 2376 973 2407 lib.
989 2386 1031 2408 11.

350 2422 438 2454 Torr-

388 2474 409 2503 2
432 2471 606 2512 Reseceris]
630 2471 748 2503 Donec
764 2471 1033 2514 reaedificaveris,

346 2519 399 2550 vel
422 2517 631 2559 reparaveris
647 2521 775 2561 templa
790 2521 927 2552 deorum
942 2521 1034 2553 deci·

347 2568 473 2598 dentis.
518 2569 603 2599 vide
622 2577 662 2600 n.
679 2569 747 2600 Od.
763 2571 814 2600 15.
876 2570 880 2578 ‘

380 2617 414 2655 [3
428 2617 578 2657 Sedesque
589 2618 728 2648 labantes
737 2617 837 2650 codd.
847 2628 901 2659 ap.
910 2619 931 2653 J
935 2619 1031 2657 neck,

346 2668 382 2694 et
399 2664 552 2704 Angelic.
570 2669 600 2698 l.
616 2675 671 2706 ap.
693 2667 822 2707 Feam]

387 2715 407 2742 4
430 2712 525 2744 Foeda
539 2715 644 2755 nigro]
667 2716 872 2748 Simulachra
892 2717 959 2750 situ
978 2727 1032 2749 ve-

347 2761 481 2792 tustatis
495 2762 674 2796 sordentia.

984 298 1242 330 VAmoRtm
1277 299 1327 330 IN

1133 394 1152 420 5
1176 391 1239 421 Dis
1267 394 1297 422 te
1320 392 1463 422 minorem
1490 393 1568 432 quod
1594 392 1769 432 geri-3351:

1091 437 1216 476 Livius,
1229 439 1316 478 apud
1331 440 1707 480 quemdiligentissinms
1721 451 1772 473 re-

1093 486 1248 525 ligionum
1280 489 1387 519 cultor
1418 489 1588 527 Camillus,
1611 489 1772 521 Oratione

1093 544 1158 574 qua
1181 538 1339 576 populum
1366 538 1550 569 Romanum
1585 538 1686 569 Veios
1713 539 1771 570 mi-

1091 592 1189 621 grare
1218 585 1400 624 prohibuit.
1459 585 1690 626 ‘Intuemini,'
1722 587 1773 617 in-

1090 632 1174 671 quit,
1197 633 1207 649 ⁴
1222 633 1336 664 borum
1359 634 1518 674 deinceps
1537 643 1697 665 annorum
1719 635 1771 665 vel

1091 681 1254 712 secundas
1269 692 1335 720 res,
1357 683 1409 714 vel
1432 682 1601 722 adversas,
1624 683 1773 714 invenie·

1091 728 1133 758 tis
1150 730 1262 760 omnia
1283 741 1444 771 prospere
1465 732 1619 763 evenisse
1633 740 1773 772 sequen·

1090 775 1179 806 tibus
1207 777 1308 817 Deos,
1337 779 1478 810 adversa
1514 779 1774 819 spernentibus.'

1093 824 1230 857 Torreat.
1271 827 1446 866 Significat
1461 837 1540 868 ergo
1556 828 1687 868 imperii
1705 827 1774 859 Ro-

1090 874 1175 903 mani
1193 877 1467 914 perpetuitatem.
1481 877 1700 912 caeremoniis,
1721 885 1772 907 re-

1089 922 1224 963 ligione,
1250 926 1418 964 auspiciis,
1442 930 1479 957 et
1503 926 1696 957 solemnium
1720 935 1772 957 sa-

1089 980 1220 1002 crorum
1235 973 1302 1002 ritu
1318 973 1462 1004 maxime
1476 975 1652 1005 contineri.
1673 974 1767 1006 Lam-

1090 1019 1150 1050 bin.
1194 1021 1256 1051 Dis
1275 1024 1306 1052 te
1319 1022 1479 1062 minorem]
1501 1023 1591 1055 Quin
1610 1023 1702 1054 Deos
1718 1032 1773 1054 co·

1088 1068 1140 1107 lis,
1157 1069 1282 1101 idcirco
1299 1071 1455 1110 imperas,
1469 1071 1630 1102 Romane.

1129 1119 1150 1147 6
1172 1118 1259 1148 Hinc
1280 1128 1366 1150 omne
1389 1119 1590 1160 principium]
1625 1119 1776 1159 Mallem,

1088 1169 1126 1196 ut
1146 1166 1177 1196 in
1199 1168 1365 1198 nonnullis
1382 1168 1466 1199 Mss.
1488 1167 1559 1199 Hoc
1579 1177 1666 1199 omne
1687 1167 1776 1207 prin-

1086 1214 1210 1254 cipium.
1243 1215 1397 1248 Torrent.
1439 1216 1527 1247 Hinc
1550 1226 1636 1248 omne
1659 1217 1778 1256 princi-

1083 1262 1181 1303 pium]
1205 1263 1233 1294 A
1251 1263 1374 1303 pietate
1390 1264 1424 1295 in
1439 1264 1540 1299 Deos,
1557 1269 1649 1295 tunm
1665 1263 1769 1295 habes

1086 1312 1227 1344 initium.
1272 1313 1347 1344 Huc
1367 1313 1450 1351 refer
1469 1313 1601 1352 exitum]
1623 1313 1678 1344 Ad
1701 1314 1772 1344 De·

1086 1370 1122 1390 os
1145 1361 1315 1399 neglectos
1339 1366 1412 1393 tuas
1437 1361 1528 1393 refer
1548 1361 1767 1393 calamitates.

1086 1407 1156 1439 Alii
1179 1410 1264 1440 hunc
1281 1419 1410 1441 versum
1426 1410 1472 1442 sic
1489 1412 1767 1450 interpretantur,

1085 1461 1124 1487 ut
1148 1457 1191 1488 sit
1207 1467 1321 1488 sensus
1336 1469 1343 1486 :
1370 1458 1410 1488 In
1425 1458 1563 1490 exordio
1577 1467 1685 1489 rerum
1703 1458 1770 1489 De·

1085 1513 1122 1535 os
1146 1505 1285 1536 invoca:
1314 1506 1439 1537 eisdem
1464 1507 1497 1537 in
1526 1507 1621 1538 exitu
1649 1507 1773 1547 gratiss

1088 1553 1191 1592 agito.

1125 1603 1145 1632 7
1169 1602 1316 1640 Neglecti
1328 1601 1496 1642 aederunt]
1518 1602 1574 1634 Dii
1586 1602 1694 1635 minus
1705 1607 1773 1634 stn-

1085 1649 1178 1680 diose
1193 1651 1286 1681 culti.

1126 1701 1146 1728 8
1174 1698 1335 1738 Hesperioe
1364 1699 1444 1730 mala
1472 1699 1632 1739 haetuosoe]
1665 1698 1773 1731 Italiae

1085 1746 1230 1786 lugubri.

1128 1797 1149 1824 9
1171 1795 1246 1825 Jam
1269 1795 1316 1826 bis
1339 1794 1506 1835 Mona-m]
1527 1794 1597 1826 Alii
1615 1795 1774 1827 Mon-sis.

1085 1843 1254 1874 Monaeses
1268 1845 1333 1875 iste
1346 1854 1384 1875 ac
1397 1844 1548 1876 Pacorus
1559 1845 1684 1876 Orodis
1693 1845 1774 1876 Par-

1086 1892 1214 1923 thorum
1238 1893 1324 1932 regis
1347 1893 1406 1924 tilii
1428 1893 1534 1933 fuere,
1556 1898 1592 1925 et
1611 1893 1708 1924 bellis
1726 1893 1774 1925 ci-

1085 1941 1204 1972 vilibus
1229 1947 1306 1981 post
1330 1941 1475 1973 Caesaris
1497 1951 1613 1973 necem
1639 1941 1773 1973 turbata

1086 1989 1220 2029 Repnb.
1233 1989 1414 2029 adjuvante
1429 1990 1467 2020 T.
1478 1989 1626 2021 Labieno
1639 1989 1772 2029 syriam

1085 2038 1250 2076 invasere,
1266 2038 1428 2078 rebusque
1452 2037 1596 2069 feliciter
1619 2038 1676 2069 din
1698 2046 1770 2076 ges·

1085 2085 1139 2120 tis,
1166 2085 1300 2116 tandem
1326 2087 1473 2117 Pacorus
1501 2085 1586 2116 duce
1610 2085 1771 2119 Ventidio

1083 2142 1204 2172 magna
1219 2142 1353 2163 snorum
1366 2138 1479 2172 strage
1492 2132 1659 2164 occubuit.
1691 2134 1768 2166 Quo

1083 2189 1171 2211 caeso
1185 2190 1260 2211 cuin
1279 2180 1411 2211 Orodes
1428 2184 1525 2220 pater
1539 2181 1678 2212 Phraati
1694 2190 1771 2222 reg..

1082 2238 1160 2260 num
1198 2229 1291 2260 vivus
1327 2229 1514 2267 detulisset,
1552 2229 1645 2269 isque
1681 2239 1769 2261 caeso

1083 2283 1181 2318 patre
1201 2288 1239 2308 ac
1263 2276 1438 2315 fratribus,
1458 2277 1686 2308 crudelissime
1709 2278 1768 2310 im-

1084 2331 1231 2366 peraret,
1243 2326 1410 2356 Monaeses
1421 2326 1462 2356 ad
1473 2325 1652 2358 Antonium
1664 2331 1771 2362 trans-

1083 2374 1182 2415 sugit,
1195 2383 1336 2414 eumque
1354 2374 1513 2404 adversus
1526 2373 1706 2406 Phraaten!
1717 2375 1771 2415 ju·

1083 2423 1144 2461 vit,
1160 2422 1219 2452 sed
1235 2421 1360 2453 infelici
1375 2421 1467 2452 exitu
1484 2421 1574 2452 belli.
1617 2421 1769 2456 sustinus

1084 2470 1141 2502 lib.
1158 2478 1234 2501 xlv.
1261 2470 1402 2500 Torrent-
1446 2470 1596 2501 Momm
1611 2473 1642 2502 et
1659 2471 1770 2505 Pacori

1083 2519 1206 2558 munus]
1228 2519 1396 2549 Monaeses
1411 2522 1446 2550 et
1462 2518 1612 2550 Pacorus
1627 2518 1767 2552 Partho·

1083 2577 1154 2598 rum
1171 2576 1289 2605 reges:
1313 2567 1373 2608 bis,
1399 2566 1433 2597 id
1454 2572 1517 2603 est,
1539 2567 1645 2608 primo
1668 2567 1767 2602 Crus-

1083 2626 1168 2655 sum,
1196 2615 1345 2646 secundo
1367 2615 1550 2646 Labienum
1574 2625 1649 2649 cum
1677 2616 1767 2648 omni

1083 2665 1235 2696 exercitu
1259 2665 1468 2704 deleverunt,
1492 2669 1688 2706 nostrosque
1710 2673 1765 2696 co-

1082 2719 1180 2745 natus
1196 2714 1433 2754 inauspicatos,
1447 2712 1498 2754 (id
1511 2717 1576 2752 est,
1593 2714 1671 2754 quis
1684 2720 1764 2746 cun-

1082 2763 1275 2805 tempsimus
1301 2762 1523 2803 auspiciorum
1544 2759 1763 2797 necessariam
