1916 3262
337 302 448 344 1384

337 405 473 437 Gratias
497 409 533 435 et
551 405 694 445 juvenes
719 408 754 435 et
779 404 922 444 virgines
947 413 1019 435 esse

337 452 463 494 ferunt,
485 463 523 484 ac
542 454 650 484 solutis
673 453 765 487 zonis,
793 454 846 483 vel
868 452 910 484 ob
934 462 1021 491 eam,

337 511 412 543 quae
436 503 468 533 in
493 502 696 533 nubentibus
713 502 904 542 requiritur,
928 501 1020 531 obse-

337 551 404 591 quii
418 551 604 591 conjugalis
620 550 828 588 facilitatem,
850 559 915 590 qua
937 559 1022 580 zona

336 599 474 630 solvitur
503 599 672 638 virginea:
711 599 764 630 vel
794 599 871 639 quia
899 603 1022 628 natura

337 646 483 678 munifici
500 647 652 678 omnibus
677 651 804 688 patent,
828 658 866 679 ac
888 647 1021 678 minime

338 697 420 726 tecti
436 697 488 726 vel
506 695 709 727 fraudulenti
724 702 813 727 sunt.
835 697 947 728 Quare
963 705 1021 725 nu-

338 745 389 775 dae
405 754 534 785 qnoque
549 749 607 775 aut
625 750 717 775 veste
739 749 831 775 certe
855 743 1023 784 pellucida

337 793 466 824 Gratiae
493 793 588 823 nobis
615 797 857 833 proponuntur.
886 793 1023 822 Torreat.

340 841 469 871 Turneb.
487 850 525 872 11.
542 844 592 871 13.
641 840 778 879 Grotiae]
798 841 939 880 Gratia‘,
955 846 1024 870 tres

336 892 412 919 sunt
429 889 586 928 virgines,
601 889 742 919 Veneris
765 888 927 925 comites;
950 897 1023 928 quae

339 937 518 975 pinguntur
529 936 644 966 solutis
664 945 703 966 ac
728 936 907 975 perlucidis
923 937 1024 966 vesti-

337 984 411 1023 bus,
422 986 499 1025 quia
512 985 690 1015 amicorum
707 984 807 1014 animi
823 984 922 1014 soluti
938 985 1026 1014 inter

339 1043 374 1064 se
390 1039 425 1065 et
441 1035 551 1073 aperti
577 1043 650 1064 esse
676 1034 813 1063 debent.
860 1033 1026 1073 Nymphoe]

339 1083 567 1122 Nympharum
586 1082 677 1112 varia
692 1087 768 1112 sunt
783 1091 904 1121 genera
919 1093 927 1111 :
945 1081 1026 1112 Nai-

338 1130 429 1168 ades,
442 1130 610 1165 Orcades,
623 1130 789 1170 Dryades,
799 1132 862 1160 &c-
886 1131 1027 1170 [Gratiae

339 1179 426 1210 nodis
439 1179 665 1210 Solioenborn.
683 1179 732 1218 2.]

379 1231 399 1258 7
424 1229 540 1259 Parum
550 1227 659 1266 comis]
682 1227 847 1259 Juventas
860 1238 978 1259 severa
991 1234 1026 1259 et

341 1277 444 1306 tristis
461 1277 530 1306 sine
549 1281 595 1314 te,
616 1277 646 1306 id
669 1281 731 1314 est,
757 1277 828 1307 sine
846 1277 942 1308 rebus
958 1279 1026 1309 Ve-

339 1326 460 1356 nereis.
503 1326 669 1365 Juvenum]
686 1325 732 1356 Ut
746 1325 958 1365 Ganymedes
967 1327 1027 1358 Jo-

339 1374 384 1410 vi,
409 1374 456 1403 sic
480 1374 644 1405 Juventas
670 1374 741 1404 Diis
757 1375 890 1403 caeteris
907 1375 1026 1413 pocula

339 1422 516 1452 ministrat.
549 1421 678 1452 Horam
694 1431 826 1461 quoque
841 1432 912 1452 eam
931 1433 1024 1454 voca·

340 1470 420 1500 bant
449 1474 579 1500 veteres
595 1481 601 1498 :
637 1475 671 1500 et
700 1475 736 1500 nt
764 1470 883 1500 Heben
910 1471 1024 1502 Graeci

340 1518 492 1557 Herculi,
513 1519 560 1549 ita
583 1519 707 1550 Horam
730 1519 869 1550 Romani
885 1521 1024 1553 Quirino

340 1577 399 1598 suo
423 1577 560 1598 uxorem
581 1567 716 1598 dedere.
761 1569 928 1599 Venerem
945 1579 1024 1609 ergo

339 1617 503 1648 Juventas
518 1618 710 1654 comitatur,
730 1618 807 1658 quia
823 1623 963 1659 utraque
979 1620 1024 1649 al-

342 1665 405 1694 teri
422 1665 575 1695 decorem
592 1666 760 1696 conciliat.
795 1666 842 1696 At
859 1667 916 1697 illa
931 1668 1027 1706 juve·

340 1714 414 1744 nilis
431 1715 539 1744 aetatis
555 1715 713 1745 alacritas
737 1724 775 1745 ac
798 1717 905 1754 gratia
921 1717 1026 1746 omnis

343 1771 359 1791 a
375 1762 508 1792 Venere
524 1763 690 1802 proficisci
706 1763 868 1795 creditur.
887 1764 1026 1796 Tor-rent.

341 1810 506 1850 Juveneas]
529 1811 692 1842 Juventas
709 1812 794 1849 Dea,
807 1812 903 1843 Jovis
919 1819 953 1844 et
968 1815 1027 1846 Ju-

342 1860 435 1888 nonis
463 1860 543 1897 filia,
581 1869 679 1900 quam
709 1860 819 1891 Graeci
857 1863 1029 1902 appellant

335 1907 450 1944 Ἥβην,
468 1909 499 1938 id
517 1915 579 1943 est,
597 1909 799 1949 pubertatem.

383 1960 403 1987 8
419 1958 666 1997 Mercuriusque]
687 1959 831 1989 Multum
847 1959 935 1989 valet
952 1960 1029 1990 Elo-

341 2006 476 2046 quentia
493 2006 534 2036 ad
550 2015 695 2036 amorem
711 2007 966 2038 conciliandum.

342 2055 424 2085 One
454 2063 558 2085 xxxi.
585 2054 736 2091 ¹En’ncwo'y.
793 2054 849 2085 An
882 2054 1030 2086 Aeonu-

385 2110 472 2132 mzm.
517 2102 593 2133 Non
609 2101 741 2132 divitias
766 2104 852 2142 petit
868 2103 908 2133 ab
925 2104 1028 2144 Apol-

384 2151 461 2184 tine,
493 2150 551 2180 sed
582 2150 791 2189 tranquillam
822 2151 1027 2192 hilaremque

385 2199 498 2234 vitam.
521 2203 555 2229 et
580 2202 616 2229 ut
640 2200 683 2229 sit
705 2208 796 2230 mens
811 2209 892 2230 sana
907 2201 940 2231 in
956 2210 1027 2232 cor-

386 2257 466 2287 pore
481 2257 573 2278 sano.

387 2300 403 2328 1
431 2296 631 2336 Dedicatum]
668 2274 871 2337 Apollinem,
908 2298 1028 2329 divinis

343 2345 521 2376 honoribus
537 2344 709 2384 affectum,
724 2347 777 2377 cui
801 2347 972 2386 Augustus
995 2348 1028 2379 in

343 2395 475 2426 Palatio
497 2395 658 2434 templum
675 2395 902 2427 dedicaverat.

385 2447 403 2474 2
424 2443 528 2482 Vates]
548 2443 709 2474 Horatius
723 2443 766 2474 de
782 2453 818 2474 se
834 2444 979 2484 loquitur
994 2445 1028 2476 in

343 2493 446 2523 tertia
464 2502 616 2532 persona.
650 2492 701 2523 De
712 2493 836 2532 patera]
854 2493 908 2523 De
924 2493 1027 2524 calice

340 2542 482 2572 fundens
499 2541 564 2572 vini
582 2541 756 2581 primitias,
770 2541 1028 2574 sacrificantium

343 2599 446 2621 more.
474 2591 593 2621 Novum
603 2589 765 2629 liquorem]
782 2590 830 2621 Eo
842 2599 1027 2631 senemque

342 2639 434 2676 Virg.
452 2639 563 2677 Eelog.
582 2648 615 2670 v.
633 2640 642 2656 ‘
657 2639 743 2669 Vina
758 2649 878 2670 novum
891 2639 1027 2671 fundam

342 2685 483 2716 calathis
501 2687 632 2718 Ariusia
647 2687 787 2719 nectar.’
822 2688 954 2720 Novum
970 2699 1027 2720 au-

345 2736 411 2762 tem
428 2734 592 2764 vocabant
607 2737 762 2776 quicquid
781 2737 952 2777 pulchrum
969 2739 1027 2769 ad-

344 2780 596 2822 mirandumque
612 2790 712 2816 esset.
747 2786 869 2817 Qualia
883 2785 954 2819 Diis
967 2787 1027 2820 im-

795 314 931 343 NO'rAE
965 313 1220 344 VARIORUM
1255 313 1304 342 IN

1069 403 1262 434 mortalibus
1278 402 1516 443 offerebantur.
1541 401 1682 434 Torreat}

1111 455 1129 482 3
1143 453 1267 491 Opimas
1277 451 1447 490 Sardiniae]
1456 451 1602 483 Omnino
1614 461 1755 484 consens

1071 501 1234 531 uentibus
1264 510 1322 531 sex
1349 500 1444 530 libris
1468 501 1552 531 Mss.
1579 500 1758 540 legendum

1071 558 1204 589 censeo,
1230 550 1350 589 Opimoe
1364 549 1519 580 Sardinioe
1533 553 1652 588 segetes
1669 549 1758 588 fera-

1069 607 1126 628 ces.
1157 597 1260 637 Seges
1277 599 1364 628 enim
1381 599 1431 628 liic
1447 607 1508 638 pro
1523 607 1603 638 agro
1618 598 1692 638 ipso
1705 606 1760 629 su-

1072 646 1184 676 mitur.
1237 647 1357 677 Festus
1372 657 1380 677 :
1409 648 1417 663 ‘
1432 647 1536 686 Seges
1565 646 1691 677 dicitur
1717 656 1759 677 ea

1071 705 1147 734 pars
1164 695 1246 734 agri,
1269 705 1343 735 quae
1360 700 1452 726 arata
1468 699 1503 726 et
1519 695 1648 726 consita
1663 699 1726 734 est,
1739 704 1760 726 a

1073 743 1214 773 serendo
1238 743 1354 774 dicta!
1398 744 1493 783 Virg.
1518 745 1527 760 ⁴
1543 743 1617 775 Nec
1643 743 1759 775 Cereri

1073 796 1235 832 oportuna
1250 792 1370 832 seges(
1383 795 1446 823 διο.
1472 793 1613 823 Torreat.

1114 843 1134 870 4
1157 839 1327 880 Sardinioe]
1365 841 1527 872 Horatius
1557 850 1622 872 non
1649 840 1760 881 poscit

1075 898 1172 928 agros
1189 887 1318 919 fertiles
1334 890 1464 929 pinguis
1485 889 1661 924 Sardinioe.
1684 899 1759 930 quaa

1074 938 1182 967 insula
1198 942 1250 968 est
1274 939 1305 967 in
1328 939 1410 968 mari
1430 938 1600 978 Tyrrheno
1617 948 1636 968 a
1651 937 1759 968 Sardo

1078 986 1231 1016 Herculis
1244 986 1311 1016 filio
1327 987 1374 1017 sic
1389 987 1572 1018 nominata.
1594 987 1682 1017 Vide
1698 987 1759 1017 So·

1078 1035 1134 1065 lin.
1149 1044 1226 1074 cap.
1244 1037 1294 1065 10.

1119 1088 1137 1114 5
1163 1084 1329 1124 AEstuonoe]
1360 1083 1525 1114 Calabriae
1541 1083 1626 1114 Solis
1640 1082 1761 1114 ardore

1079 1133 1227 1171 torridae,
1244 1142 1317 1173 quae
1333 1137 1385 1164 'est
1405 1142 1463 1164 ora
1488 1133 1596 1164 Italiae
1611 1132 1763 1172 proxima

1076 1181 1212 1220 Sicitiae,
1227 1181 1315 1212 omni
1335 1181 1496 1212 bonorum
1513 1190 1634 1222 genere
1651 1181 1763 1221 plena,

1078 1239 1239 1270 equorum
1257 1231 1456 1272 praesertim.

1117 1282 1137 1309 6
1159 1279 1315 1318 Indicum]
1338 1279 1525 1318 Virgilius·
1546 1279 1556 1296 ‘
1570 1277 1671 1310 India
1685 1277 1764 1308 mit·

1077 1327 1120 1358 tit
1136 1327 1231 1364 ebur,
1254 1328 1368 1358 molles
1381 1337 1440 1358 sna
1455 1327 1551 1358 thura
1563 1325 1698 1358 Sabaei!

1117 1379 1136 1405 7
1153 1376 1248 1416 Lyris
1261 1376 1378 1416 quieto]
1395 1376 1491 1415 Lyris
1503 1381 1554 1407 est
1569 1374 1760 1415 Campaniae

1075 1424 1193 1455 fluvius
1209 1425 1304 1463 lenis,
1320 1430 1355 1455 et
1369 1425 1468 1454 altus.

1117 1477 1136 1504 8
1161 1473 1300 1513 Mor-det]
1339 1473 1454 1512 Alluit,
1483 1472 1536 1503 vel
1567 1471 1694 1510 lambit,
1725 1476 1762 1503 nt

1075 1533 1174 1563 supra
1192 1523 1260 1554 od.
1276 1525 1328 1554 22.

1117 1574 1137 1601 9
1161 1569 1321 1609 Fremant]
1358 1570 1500 1600 Calcent
1535 1569 1568 1600 in
1603 1569 1762 1600 torculari

1076 1629 1158 1650 uvas
1183 1619 1344 1650 abscissas
1368 1619 1503 1649 cultello
1525 1618 1630 1648 instar
1654 1616 1763 1656 falcis,

1077 1678 1152 1708 quae
1169 1668 1292 1698 Calena
1309 1668 1433 1698 dicitur
1448 1677 1468 1699 a
1484 1667 1620 1698 Calibus
1636 1667 1762 1707 oppido

1077 1717 1110 1746 in
1127 1725 1206 1755 agro
1221 1717 1359 1754 Sabino,
1371 1716 1427 1746 ubi
1439 1716 1566 1756 optima
1578 1721 1763 1747 nascuntur

1079 1775 1166 1796 vina.

1121 1816 1161 1844 10
1183 1814 1297 1854 Dives]
1319 1812 1414 1844 Ordo
1429 1817 1497 1844 est:
1513 1814 1558 1845 Et
1573 1813 1665 1844 dives
1678 1823 1764 1845 mer-

1080 1867 1175 1892 cator
1186 1862 1303 1892 charus
1316 1863 1392 1893 Diis
1405 1863 1496 1902 ipsis,
1507 1862 1632 1902 quippe
1643 1866 1695 1893 ter
1706 1866 1765 1894 aut

1079 1916 1194 1951 quater
1222 1920 1308 1940 anno
1333 1911 1467 1950 impune
1482 1911 1630 1942 revisens
1645 1910 1765 1943 Atlan-

1081 1961 1185 1990 ticum
1198 1969 1302 1998 mare,
1317 1960 1467 1990 exsiccet
1483 1959 1559 1990 vina
1574 1960 1683 1991 aureis
1697 1961 1766 1992 cul·

1079 2009 1153 2038 lulis
1167 2013 1320 2047 reparata
1337 2017 1462 2039 merce.

1126 2059 1159 2086 ιι
1187 2055 1347 2094 Exsiccet]
1378 2056 1502 2087 Bibat
1494 2065 1527 2086 in
1545 2031 1674 2096 poculis
1687 2056 1764 2088 vina

1079 2110 1205 2144 empta,
1231 2107 1284 2136 vel
1306 2110 1494 2145 permutata
1518 2106 1623 2145 Syriis
1645 2106 1764 2137 merei·

1079 2153 1150 2184 bus.
1183 2155 1318 2194 Culullo]
1335 2155 1454 2185 Cnlulli
1469 2154 1605 2194 proprie
1619 2160 1695 2186 sunt
1709 2165 1763 2186 ca·

1080 2203 1159 2233 lices
1175 2202 1309 2242 fictiles,
1321 2203 1440 2244 quibus
1454 2203 1650 2243 Pontifices,
1663 2204 1764 2244 virgi-

1079 2260 1200 2291 nesque
1217 2251 1371 2282 Vestales
1387 2251 1580 2283 utebantur.
1623 2250 1692 2283 Pro
1709 2261 1763 2284 va·

1079 2299 1123 2329 sis
1140 2300 1279 2339 potoriis
1301 2300 1404 2330 utitur
1415 2305 1455 2331 et
1471 2301 1631 2332 Horatius
1648 2301 1690 2332 ad
1706 2301 1764 2332 Pi-

1079 2357 1195 2378 sones:
1219 2350 1228 2367 ⁴
1246 2349 1358 2388 Reges
1382 2348 1541 2380 dicuntur
1564 2350 1691 2389 magnis
1710 2359 1764 2381 ur-

1079 2405 1157 2434 gere
1186 2396 1339 2436 culullis,’
1364 2398 1426 2427 διο.
1468 2397 1613 2428 Turneb.
1637 2405 1686 2429 lx.
1711 2400 1765 2430 14.

1079 2446 1311 2476 diminutivum
1337 2455 1354 2476 a
1374 2446 1479 2476 culeis
1494 2455 1567 2477 esse
1585 2447 1666 2478 vult.
1692 2447 1766 2478 Tor·

1077 2499 1156 2526 rent.
1734 2514 1737 2515 ν

1122 2547 1162 2574 12
1177 2543 1258 2584 Syra
1273 2543 1384 2583 merce]
1399 2543 1571 2584 Siquidem
1583 2545 1678 2585 Syria
1691 2553 1763 2576 nar·

1080 2593 1157 2623 dum
1173 2602 1211 2623 ac
1223 2593 1416 2630 balsamum,
1427 2593 1598 2635 multaque
1609 2594 1673 2625 ntia
1685 2593 1763 2625 odo-

1080 2642 1169 2671 ribus
1199 2647 1234 2672 et
1264 2641 1443 2679 unguentis
1480 2645 1560 2680 apta
1593 2642 1762 2678 mittebat,

1079 2691 1198 2730 quibus
1209 2691 1284 2720 vina
1297 2689 1479 2728 permutari
1489 2690 1594 2721 solere
1604 2689 1763 2729 ostendit,

1078 2739 1178 2770 etiam
1207 2747 1256 2768 ιν.
1281 2740 1331 2768 12.
1378 2737 1534 2777 Reporolo
1556 2743 1666 2769 autem
1679 2736 1762 2777 Syra

1078 2798 1173 2820 merce
1190 2793 1288 2820 vocat
1303 2788 1386 2828 vina,
1396 2797 1460 2819 non
1471 2787 1558 2829 quod
1571 2791 1684 2829 empta
1695 2788 1761 2821 sint
