1916 3262
494 295 704 330 Houm'u
736 296 1015 330 CARMINUM
1048 300 1146 331 mn.
1180 301 1213 330 1.
1241 291 1282 332 6.

147 390 252 423 ditias
268 401 362 424 more
377 395 621 434 tempestatum
640 390 785 424 mobiles
801 401 855 425 es·

148 450 199 481 se,
212 446 249 474 et
262 442 506 474 inconstantes.

189 495 211 524 7
227 493 357 535 Nigris]
371 493 606 535 Tempestates
619 501 638 523 a
654 492 767 524 ventis
780 493 851 535 agi-

148 546 234 574 tatae
249 549 328 576 sunt
342 544 462 585 nigrae.
497 543 638 584 AEquora
651 542 767 584 ventis]
779 544 852 576 Per

147 601 285 634 a‘quora
311 592 482 634 siguificat
506 593 724 625 meretricem
751 593 851 625 falla·

146 651 235 683 cem,
262 652 338 684 quae
351 652 395 674 ex
417 651 539 674 serena
552 646 588 674 et
602 642 739 684 placida
753 642 849 676 facta

147 696 201 724 est
215 702 310 725 saeva
324 698 360 724 et
376 691 615 734 implacabilis.

187 746 210 775 8
238 743 450 784 Emit-ultim]
477 742 561 783 Pro,
584 752 687 784 supra
711 744 848 776 modurn

145 791 338 830 mirabitur.
363 791 520 833 Insolens]
537 793 608 825 Pro
623 794 778 834 insuetus,
792 794 851 837 qui

143 841 192 882 id,
204 840 248 874 de
261 850 328 884 quo
343 842 483 883 dicitur,
505 842 624 875 facere
639 853 706 875 non
727 845 850 882 soleat,

143 896 183 924 ut
196 892 356 924 Donatus
371 893 497 935 inquit.
539 894 597 926 Sic
611 894 761 926 insolens
777 894 850 927 bel·

141 942 180 982 li,
198 942 346 984 injurioe.
391 944 534 976 Insolens
556 945 660 976 etiam
689 955 850 986 arrogan-

142 995 211 1024 tem
226 997 264 1024 et
285 997 407 1025 contra
430 995 542 1036 legem
567 1004 608 1026 ac
634 1004 848 1029 communem

142 1042 224 1074 vitae
253 1044 534 1076 consuetudinem
566 1044 750 1076 audentem
787 1045 848 1077 ali·

141 1093 224 1135 qnid
241 1094 426 1135 significat.
469 1097 528 1128 Sic
549 1097 716 1129 ‘insoleus
734 1097 848 1130 Achil-

141 1143 218 1176 les.'
243 1145 390 1178 Tenent.
435 1147 591 1189 Insolens]
613 1148 787 1190 hauctus,
810 1153 848 1182 et

142 1194 245 1226 talem
258 1194 293 1226 in
309 1195 444 1237 Pyrrha
459 1198 680 1231 meretricum
697 1208 847 1231 amorem

141 1253 208 1276 non
221 1251 398 1287 expertus.

184 1297 206 1326 9
230 1294 273 1326 Te
283 1296 396 1338 aurea]
406 1297 454 1328 Te
469 1299 650 1339 experitur
664 1299 845 1332 admodum

139 1349 310 1385 paratam,
334 1352 541 1387 promptam,
571 1358 611 1380 ac
643 1348 818 1381 liberalem
834 1359 845 1382 ε

139 1403 207 1426 non
224 1405 395 1436 asperam,
410 1406 477 1428 non
493 1398 624 1437 duram,
642 1407 753 1439 neque
774 1397 844 1430 fer-

138 1451 231 1475 ream
245 1455 254 1476 =
269 1444 324 1476 vel
345 1439 469 1477 aureum
485 1447 662 1487 pulchram
676 1448 794 1490 accipe
806 1453 844 1481 et

136 1492 330 1535 formosam,
341 1496 396 1527 vel
410 1500 577 1539 optatam,
589 1497 739 1538 charam,
752 1508 842 1530 ama-

136 1543 251 1576 bilem.
274 1545 383 1578 Lamb.
427 1546 493 1578 Vel
508 1547 566 1589 qui
580 1552 616 1579 te
627 1547 753 1580 fruitur
763 1549 843 1580 cha-

137 1593 268 1626 rissima
277 1595 353 1635 sibi,
364 1598 576 1639 multumque
586 1598 721 1630 amabili
734 1603 771 1630 et
782 1609 844 1640 op-

137 1648 223 1685 tata,
238 1650 276 1678 et
286 1646 350 1678 sibi
363 1647 472 1679 instar
486 1649 558 1679 auri
569 1648 699 1690 cupita.
710 1648 844 1681 Turneb-

136 1702 189 1727 1x.
203 1698 258 1727 27.
301 1695 425 1739 Aurea]
438 1698 495 1730 Sic
507 1708 582 1730 eam
599 1703 716 1738 vocat,
731 1699 765 1730 in
778 1709 844 1740 qua

135 1745 220 1778 nibil
243 1748 334 1779 ultra
359 1748 550 1779 desiderari
577 1749 698 1788 possit,
710 1752 746 1780 et
760 1758 844 1780 auro

136 1801 258 1828 eontra
273 1806 402 1838 caram,
416 1800 455 1829 ut
470 1798 590 1829 Plauti
614 1797 727 1828 verbis
751 1802 842 1830 utar.

136 1845 254 1887 Atque
268 1846 318 1878 ita
333 1846 437 1878 Ovid.
463 1847 473 1864 ‘
487 1847 552 1878 Illa
562 1847 646 1878 meis
662 1847 770 1878 oculis
786 1857 843 1878 au-

136 1903 195 1926 rea
209 1905 346 1937 semper
359 1895 449 1927 erit.'
467 1896 613 1927 Tor-rent.
659 1895 783 1937 Δια-ια]
793 1897 843 1928 Te

137 1945 279 1986 pulchra
291 1952 328 1979 et
344 1948 492 1981 amabili.
535 1947 628 1981 Quid
650 1947 739 1979 enim
759 1957 842 1979 auro

137 1995 316 2028 amabilius
327 1997 340 2028 ἓ

180 2047 222 2076 1⁰
249 2042 403 2087 Vanum]
418 2046 486 2080 Qui
501 2051 631 2088 sperat,
646 2050 680 2078 te
696 2046 760 2078 sibi
776 2048 840 2080 soli

134 2100 314 2127 vacantem
338 2100 375 2128 et
397 2101 552 2137 paratam
575 2096 662 2138 fore,
678 2097 753 2128 aliis
769 2107 840 2129 om-

133 2145 233 2177 nibus
248 2146 469 2186 contemptis.

175 2199 216 2228 ll
242 2197 376 2229 Nescius
385 2196 486 2238 aare]
508 2197 750 2230 Inconstantia²
766 2207 840 2230 mu-

132 2247 250 2279 liebris
265 2247 417 2286 ignarus.
461 2249 470 2265 ‘
482 2249 623 2280 Varium
638 2248 647 2263 '
672 2250 761 2282 enim
778 2251 839 2282 ‘ac

134 2297 298 2329 nitttabile
313 2307 449 2339 semper
463 2297 624 2330 faemina?

176 2349 218 2378 12
242 2347 370 2388 Miseri,
394 2348 520 2390 quibus]
545 2348 668 2380 Miseri
693 2354 774 2382 sunt
800 2350 839 2391 ii,

134 2395 254 2438 quibus
267 2406 334 2428 non
347 2397 493 2438 probata
502 2408 614 2440 neque
625 2409 689 2431 usu
700 2401 840 2442 cognita

134 2445 259 2486 fulges,
273 2451 310 2478 et
319 2447 474 2479 amabilis
485 2448 624 2481 videris.

180 2498 221 2528 1³
243 2496 409 2529 Intentato
422 2498 519 2540 nites]
540 2499 686 2532 Miseros
705 2509 765 2532 eos
781 2511 838 2533 vo-

134 2550 207 2587 cat,
231 2547 356 2588 quibus
379 2547 453 2587 illa,
470 2548 619 2580 nondum
647 2549 735 2582 bene
760 2560 838 2592 per-

136 2600 260 2637 specta
274 2595 308 2627 in
332 2605 458 2633 amore,
474 2598 612 2638 placeat
635 2608 675 2630 ac
687 2598 838 2633 formosa

134 2646 314 2686 videatur-3
331 2651 369 2679 ut
386 2651 468 2688 puta
480 2647 617 2690 quinon
630 2648 695 2679 nisi
711 2649 772 2681 icti
785 2660 838 2682 sa·

135 2698 259 2738 piant;
281 2702 386 2739 atque
409 2697 496 2728 adeo
511 2697 635 2740 ignari,
648 2700 838 2732 meretricis

133 2747 301 2780 illecebra
321 2747 519 2789 capiantur:
543 2748 687 2788 evasuri,
710 2748 738 2780 si
761 2753 838 2781 ten·

133 2802 290 2830 tamenta
317 2797 433 2839 aliqua
462 2798 586 2830 amoris
616 2803 695 2830 ante
724 2799 836 2842 cepis·

133 2851 222 2884 sent.
266 2847 325 2881 Sic
342 2847 433 2881 enim
457 2848 581 2891 virgil.
605 2849 758 2892 loquitur
779 2850 836 2883 AE·

1495 297 1611 339 1349

901 392 995 425 neid.
1010 401 1092 426 vur.
1115 393 1125 412 ‘
1138 394 1262 436 Neque
1278 394 1390 436 prima
1415 405 1478 436 per
1498 404 1608 433 artem

900 442 1127 475 Tentamenta
1139 443 1190 475 tui
1205 443 1342 485 pepigi!
1361 445 1506 478 Torrent-
1544 450 1609 480 Ni·

900 492 963 533 tes]
987 493 1124 533 Nitere‚
1151 494 1195 526 ad
1222 495 1423 527 munditiem
1441 497 1608 537 pertinet.

899 541 958 573 Me
972 541 1092 583 tabula]
1105 542 1159 574 Ab
1172 548 1300 576 eventu
1310 554 1371 576 sno
1382 544 1609 588 docet,quam

899 591 969 625 sint
985 593 1099 625 miseri
1114 593 1363 634 adolescentes,
1374 594 1483 637 quise
1498 596 1612 637 impu·

897 642 1053 675 dicarum
1084 643 1326 676 blandimentis
1351 645 1532 687 illaqueari
1563 647 1609 678 si-

899 699 1004 726 nunt:
1029 698 1164 736 sumpta
1187 695 1396 736 Metapbora
1422 706 1442 728 a
1466 696 1609 730 naufra-

897 745 960 784 gis.
989 745 1046 776 Me
1061 745 1179 787 tabula,
1191 745 1263 786 cisa]
1289 745 1409 778 Tabula
1420 746 1538 787 votiva,
1555 757 1608 778 sa-

896 794 1072 836 cer-paries,
1089 795 1194 827 verba
1209 799 1289 827 sunt
1299 795 1349 827 rei
1361 805 1464 837 quam
1477 801 1610 829 tractat

898 845 1092 886 aptissima:
1121 850 1161 878 ut
1180 845 1322 877 miseros
1347 845 1436 877 enim
1453 851 1607 879 amantes

897 895 1104 936 consoletur,
1115 905 1152 927 se
1166 904 1303 938 quoque
1319 895 1354 927 iu
1367 895 1489 928 eadem
1502 895 1608 930 fuisse

897 946 976 977 navi
1009 945 1175 986 ostendit,
1204 944 1266 977 sed
1296 943 1390 978 facto
1425 945 1606 988 naufragio

897 1000 1068 1032 enatasse,
1095 996 1192 1037 cnjus
1218 995 1322 1027 fidem
1342 994 1450 1028 faciat
1473 997 1604 1037 tabula,

896 1055 940 1077 ex
955 1050 1035 1078 voto
1050 1045 1085 1077 in
1096 1045 1253 1087 Neptuni
1264 1046 1394 1086 templo
1409 1046 1453 1078 de
1469 1046 1606 1087 pariete

895 1106 1072 1138 suspensa.
1098 1096 1242 1128 Tora-ent.
1286 1097 1398 1138 Sacer]
1421 1096 1609 1137 Sacellum,

896 1148 951 1179 vel
966 1148 1130 1188 templum
1147 1147 1313 1188 Neptuno
1329 1146 1494 1179 dicatum.
1539 1147 1607 1179 Est

895 1195 1074 1238 Allegoria
1088 1196 1194 1228 ducta
1206 1206 1226 1227 a
1241 1195 1425 1237 naufragis,
1439 1197 1496 1238 qui
1512 1197 1607 1237 peri-

895 1247 974 1279 culo
988 1246 1097 1288 elapsi
1113 1247 1277 1288 Neptuno
1288 1246 1447 1278 solebant
1462 1255 1607 1288 suspen-

894 1296 976 1328 dere
992 1297 1158 1337 tabulam,
1172 1297 1208 1328 in
1223 1305 1291 1338 qua
1306 1295 1477 1337 naufragii
1502 1305 1604 1328 casus

893 1345 1158 1386 depingebantur.

937 1397 978 1427 14
999 1396 1114 1427 Votiva
1127 1394 1248 1436 paries]
1259 1395 1370 1428 Quam
1385 1394 1463 1426 vovi
1479 1394 1603 1426 mediis

890 1445 925 1476 in
941 1444 1119 1486 periculis,
1143 1444 1180 1476 id
1206 1448 1275 1486 est,
1298 1443 1443 1485 Pyrrbae
1468 1443 1604 1476 blandi·

891 1496 1030 1527 mentis.

934 1549 974 1577 15
999 1545 1131 1577 Potenti
1147 1543 1234 1585 Deo]
1260 1544 1405 1583 Potens,
1422 1546 1475 1575 est
1493 1543 1600 1577 etiam

892 1596 1040 1638 potiens.
1078 1595 1270 1627 Tumeb.vt.
1280 1597 1314 1626 6.
1341 1593 1485 1635 Potenti]
1505 1593 1604 1635 Nep-

893 1651 976 1678 tuno
992 1646 1172 1687 imperium
1189 1644 1292 1676 maris
1307 1643 1493 1675 obtinenti.

938 1699 980 1728 16
1010 1695 1204 1728 Vestimenta
1217 1694 1331 1734 maris]
1358 1692 1527 1734 Naufragi
1541 1701 1602 1724 sua

893 1746 1114 1786 vestimenta,
1123 1745 1159 1775 in
1172 1744 1294 1786 quibus
1306 1743 1445 1775 fuerant
1457 1742 1603 1784 servati,

895 1795 1060 1836 Neptuno
1074 1795 1178 1825 etiam
1194 1793 1456 1825 consecrabant.

894 1844 978 1876 Ona
994 1853 1045 1876 vr.
1067 1842 1262 1879 ’Τποθει-υιή.
1306 1842 1365 1873 An
1381 1841 1601 1875 Asamum.

934 1894 1059 1926 Varius
1087 1891 1408 1934 tragoediographus
1435 1891 1530 1923 bella
1556 1893 1601 1924 ab

935 1943 1095 1985 Agrippa
1117 1947 1216 1983 gesta
1238 1941 1463 1974 decantabit:
1488 1942 1602 1974 Hora-

934 1996 1003 2027 tius
1018 2004 1099 2026 νει-ο
1111 1993 1276 2025 conviviis
1294 1997 1429 2024 tantum
1454 1997 1492 2025 et
1507 2002 1599 2025 amo-

932 2045 1026 2076 ribus
1062 2043 1298 2076 describendis
1336 2048 1439 2085 aptus
1478 2049 1532 2076 est
1561 2049 1600 2076 et

931 2095 1086 2127 idoneus.

898 2164 900 2166 v
934 2148 951 2177 1
981 2145 1077 2178 Vario
1096 2143 1211 2185 fortis]
1234 2145 1403 2177 Scriberis
1431 2155 1451 2178 a
1478 2145 1599 2183 Vario,

888 2196 1031 2228 Maeonii
1056 2196 1215 2227 carminis
1244 2196 1340 2235 alite,
1369 2196 1402 2228 id
1429 2201 1496 2237 est,
1524 2206 1598 2228 ma-

881 2248 1012 2288 jestate
1029 2246 1192 2278 carminis
1205 2246 1406 2285 Homerici3
1427 2246 1496 2288 vel,
1512 2256 1597 2288 pen—

888 2308 947 2338 na,
962 2302 999 2330 et
1018 2297 1109 2338 stylo
1126 2297 1287 2328 carminis
1304 2296 1506 2336 Homerici;
1531 2297 1599 2337 vel,

889 2348 931 2380 ab
942 2348 1082 2380 heroico
1094 2346 1204 2379 Poeta
1216 2350 1320 2377 cantu
1333 2346 1480 2387 praedito
1491 2347 1596 2387 plane

888 2399 1051 2434 Maeonio,
1068 2397 1102 2428 id
1116 2401 1186 2436 est,
1197 2395 1407 2428 Homerico:
1424 2395 1492 2428 fuit
1504 2396 1595 2428 euim

888 2447 1061 2479 Homerus
1078 2452 1140 2478 aut
1162 2454 1206 2476 ex
1231 2446 1395 2483 Maeonia,
1411 2450 1472 2477 aut
1487 2445 1596 2476 Maeo·

888 2498 940 2529 nis
963 2497 1064 2529 filius.
1110 2494 1234 2535 Fortis]
1260 2495 1418 2527 Invictus
1445 2499 1481 2525 et
1506 2498 1594 2525 stre-

888 2557 974 2578 nuus
988 2546 1186 2586 imperator.
1232 2545 1322 2575 Laus
1339 2553 1358 2575 a
1372 2543 1513 2574 militari
1527 2542 1594 2573 for-

888 2596 1048 2630 titudine.
1091 2593 1224 2626 Scribit
1255 2593 1345 2624 enim
1375 2592 1597 2632 Paterculus,

887 2645 1094 2687 Agrippam,
1124 2643 1264 2681 virtute,
1301 2641 1435 2679 labore,
1465 2640 1594 2682 vigilia,

887 2695 1051 2738 periculo,
1074 2692 1252 2724 invictum.
1296 2691 1380 2732 Ejus
1402 2700 1456 2723 res
1477 2696 1596 2732 gestas

886 2747 965 2788 lege
991 2743 1083 2787 apud
1108 2743 1267 2784 Dionem,
1291 2741 1501 2784 Appianum,
1525 2743 1593 2775 ἃς.

889 2798 956 2829 Gru
979 2817 988 2828 .

927 2807 1106 2880 2qMaeom'i
1125 2843 1276 2877 comunis
1294 2839 1387 2882 alite]
1406 2841 1489 2875 Pari
1510 2851 1587 2876 cum
