1982 3230
431 302 543 348 1206
898 317 939 354 Q.
971 315 1176 346 floRA'ru
1209 317 1382 347 rnAccr

431 408 611 451 Ridebit
629 409 816 450 monitor
834 419 919 447 non
936 407 1170 448 exauditus
1187 422 1199 459 ;
1227 413 1278 449 ut
1296 409 1371 449 ille

431 473 522 524 Qui
540 475 655 515 male
675 477 899 526 parentem
918 472 964 512 in
985 485 1115 526 rupes
1136 474 1344 526 protrusit
1364 474 1547 515 asellum

430 538 601 580 Iratus:
631 540 728 592 quis
748 538 862 579 enim
882 538 1062 579 invitum
1079 551 1251 579 servare
1271 539 1435 581 laboret
1447 541 1466 580 ‘i

433 604 537 645 Hoc
558 617 729 658 quoque
747 608 788 644 te
809 607 968 652 manet,
986 607 1035 644 ut
1054 616 1209 656 pueros
1228 603 1439 644 elementa
1458 604 1686 644 docentem

433 669 635 721 Occupet
653 669 858 709 extremis
877 669 920 709 in
939 668 1050 709 vicis
1070 669 1202 708 balba
1223 673 1436 710 senectus.

433 734 544 775 Cum
563 735 646 774 tibi
665 733 733 774 sol
753 734 924 786 tepidus
943 734 1086 787 plures
1107 734 1345 775 admoverit
1359 747 1499 783 aures,

1795 446 1852 517 15

431 866 636 904 deportaberis
648 868 793 899 Ilerdam.
839 868 920 899 Tunc
935 868 1048 899 ridebit
1063 868 1231 906 castigator
1251 877 1311 898 uon
1326 867 1449 898 auditus
1463 877 1474 897 .-
1494 867 1577 898 velut
1591 868 1649 898 iste
1662 867 1713 907 qui
1733 866 1854 897 asinum

429 915 490 936 non
503 908 688 940 obedientem
709 910 809 940 iratus
821 910 943 949 impulit
964 911 998 940 in
1015 910 1232 950 praecipitium.
1282 909 1396 948 Ecquis
1415 909 1492 939 enim
1512 912 1634 939 conetur
1647 908 1779 938 invitum
1791 916 1852 937 ter-

430 956 505 978 vare
517 952 531 980 ,⁹
555 949 633 980 Illud
652 951 745 982 etiam
771 951 829 981 tibi
843 952 1011 990 continget,
1027 955 1061 982 ut
1083 960 1175 981 senex
1205 950 1373 980 balbutiens
1397 953 1428 980 te
1441 950 1582 980 adhibeat
1595 950 1737 980 docendis
1751 947 1856 988 pueris

430 989 548 1027 primas
561 991 667 1023 literas
681 992 800 1023 ultimis
813 993 846 1023 in
860 993 946 1023 vicis.
994 994 1129 1032 Cumque
1146 992 1201 1023 Sol
1210 995 1362 1031 tepescens
1374 992 1477 1030 plures
1496 991 1650 1022 auditores
1668 991 1726 1022 tibi
1737 989 1855 1031 proeou-

1028 1095 1262 1107 eeeeeeeeeeee

431 1152 524 1183 born.
537 1156 653 1184 4.—15
677 1155 755 1185 Vat.
774 1158 823 1186 19.
846 1155 1000 1189 Vallicel.
1018 1159 1046 1188 1.
1070 1160 1104 1188 et
1117 1166 1200 1188 uuus
1215 1166 1268 1196 ap.
1285 1156 1387 1197 Cruq.
1399 1156 1570 1196 protrudit.
1601 1155 1681 1186 Vat.
1695 1158 1725 1185 5.
1742 1153 1856 1194 promi-

429 1193 483 1224 sit.
519 1194 614 1225 Glar.
637 1200 672 1225 et
696 1196 817 1226 Venet.
843 1206 897 1236 ap.
914 1197 1019 1228 Zeun.
1034 1198 1177 1229 detrusit.
1198 1198 1351 1237 Triginta
1366 1198 1465 1229 codd.
1484 1199 1573 1232 Feae,
1596 1197 1653 1228 alii
1671 1206 1725 1235 ap.
1740 1194 1856 1226 Iamb-
1917 1217 1921 1220 -

430 1234 542 1267 Pulm.
558 1241 594 1266 et
609 1236 709 1277 Cruq.
723 1238 895 1276 protrusit:
910 1238 959 1270 ita
974 1243 1126 1269 notatum
1143 1248 1185 1270 ex
1197 1239 1273 1271 cod.
1288 1239 1320 1270 in
1334 1249 1439 1279 marg.
1457 1238 1636 1269 Ald.1501.
1651 1239 1685 1268 iu
1696 1236 1856 1268 Bibliotb.

431 1276 544 1307 Vatic.
566 1282 602 1308 et
627 1277 702 1308 Ald.
717 1280 810 1309 1509.
828 1280 861 1308 in
877 1279 1040 1310 Biblioth.
1063 1281 1236 1312 Barberin.
1259 1280 1409 1311 restituit
1433 1280 1547 1311 Lamb.
1567 1279 1645 1310 inde
1670 1278 1714 1309 G.
1729 1277 1859 1308 Fabric.

434 1317 577 1348 Chabot.
603 1317 713 1348 Bond.
729 1319 859 1350 Talbot.
891 1321 1013 1350 Dacer.
1034 1321 1134 1350 Baxt.
1157 1321 1270 1351 Bentl.
1294 1321 1434 1359 Cuning.
1457 1320 1580 1352 Sanad.
1602 1319 1748 1350 Mervill.
1769 1318 1859 1349 Phil.

434 1357 541 1388 Gesn.
562 1358 701 1397 Dorigli.
723 1359 877 1390 Oberlin.
901 1360 1017 1390 Comb.
1043 1359 1176 1390 Wakef.
1201 1361 1344 1391 Wetzel.
1370 1361 1476 1391 Zeuu.
1501 1360 1606 1391 Kidd.
1631 1361 1710 1399 Fen,
1733 1359 1858 1398 Bothe,

432 1398 455 1430 J
459 1399 554 1438 aeck,
571 1404 606 1430 et
618 1400 773 1441 Doering.
794 1401 953 1440 pertrita-it
965 1400 1192 1432 Sehoenhorn.
1208 1404 1327 1432 2.-16
1339 1401 1487 1432 Chisian.
1502 1404 1533 1431 5.
1547 1401 1762 1432 laborat—19
1775 1401 1857 1432 Vnt.

433 1441 485 1471 15.
508 1441 587 1472 Vat.
603 1441 697 1472 Rom.
711 1444 742 1471 9.
758 1446 794 1472 et
810 1441 964 1483 Angelic.
978 1445 1011 1474 2.
1031 1443 1078 1473 sol
1092 1443 1239 1483 trepidus.
1280 1442 1461 1483 Bamberg.
1474 1442 1583 1482 pluris.
1614 1442 1694 1474 Vnt·
1709 1444 1761 1474 10.
1775 1451 1796 1472 a
1809 1450 1855 1474 m.

1078 1546 1218 1578 NOTAE

434 1615 551 1646 minori
580 1615 777 1648 nobilitata:
812 1618 845 1648 in
869 1628 936 1659 qua
963 1619 1118 1651 nimirum

434 1663 499 1694 sibi
521 1668 659 1694 mortem
683 1665 739 1696 ille
762 1666 943 1706 conscivit;
967 1672 1003 1699 et
1024 1667 1065 1698 ab
1079 1677 1120 1699 ea

433 1711 544 1742 dictus
560 1712 742 1745 Uticensis.
786 1714 873 1746 Vide
889 1724 914 1746 1.
929 1715 998 1748 od.
1015 1718 1066 1747 12.
1084 1721 1120 1748 et

433 1769 474 1791 11.
490 1760 559 1792 Od.
576 1764 605 1792 1.

482 1809 612 1841 Vinctus
635 1811 768 1843 mitteris
792 1812 850 1852 11.]
878 1813 993 1845 Veluti
1015 1814 1122 1854 capti·

434 1867 507 1889 vus.
542 1860 594 1890 Ex
611 1865 644 1891 te
661 1859 745 1892 fient
760 1862 921 1893 mercium
935 1867 993 1894 aut
1009 1863 1122 1894 litera·

434 1916 508 1938 rum
523 1907 696 1940 involucra
710 1910 857 1941 Ilerdam
872 1912 1123 1944 mittendarum.

436 1955 525 1986 Olim
542 1957 710 1995 Epistolas
731 1958 856 1989 chartis
882 1959 1025 1991 intectas
1041 1961 1122 1991 obli-

436 2004 508 2044 gari
523 2005 759 2046 obsignarique
777 2016 847 2037 mos
863 2012 948 2038 erat.
992 2007 1060 2038 Alii
1076 2009 1123 2039 le-

436 2057 521 2092 gunt
552 2056 673 2092 unctus,
707 2054 836 2094 optimo
863 2065 972 2087 sensu.
1033 2056 1121 2087 Nam

434 2102 649 2141 salsamenta,
665 2112 793 2142 garum.
817 2104 926 2144 piper,
941 2105 1028 2144 thus,
1043 2106 1121 2136 alia-

436 2160 502 2190 que
515 2151 680 2191 ejusmodi
698 2152 782 2182 bene
805 2153 908 2184 multa
929 2153 1053 2185 involvi
1070 2164 1122 2185 so-

434 2199 508 2230 lent
530 2200 656 2231 chartis
678 2200 863 2232 inutilibus.
909 2202 997 2233 Vide
1019 2212 1060 2235 11.
1079 2204 1122 2234 E-

436 2248 515 2288 pist.
529 2251 558 2280 l.
570 2250 602 2278 in
613 2248 688 2280 fine.
711 2249 822 2280 Catul.
835 2251 844 2267 ‘
856 2251 901 2281 Et
912 2251 1005 2282 laxas
1017 2261 1123 2283 scom-

435 2297 507 2330 bris
523 2307 616 2338 saepe
628 2297 757 2328 dabunt
773 2298 922 2330 tunicas!
944 2300 1041 2331 Pers.
1051 2301 1124 2332 Sat.

438 2355 463 2378 1.
479 2349 532 2377 43.
547 2347 557 2364 ‘
576 2347 650 2377 Nec
665 2347 834 2378 scombros
854 2349 1038 2380 metuentia
1052 2360 1124 2381 car-

437 2399 527 2429 mina
541 2407 603 2428 nec
617 2397 716 2428 thus-³

480 2447 631 2486 Ilerdam]
655 2447 740 2478 Haec
760 2447 838 2479 urbs
858 2458 890 2480 v,
905 2449 1032 2489 Laida,
1045 2450 1123 2481 His-

438 2497 550 2537 paniae
559 2497 830 2536 Tarraconensis,
840 2498 910 2529 sive
925 2499 1125 2540 Cataloniae‚

438 2546 482 2578 ad
497 2546 642 2578 Secorim
657 2544 804 2577 fluvium.
849 2547 931 2587 Ejus
947 2547 994 2578 ita
1009 2548 1123 2578 memi-

435 2595 488 2626 nit
502 2595 658 2626 Lucanus
673 2594 731 2624 lib.
747 2603 797 2625 ιν.
812 2596 821 2612 ‘
835 2594 978 2627 fundata
992 2601 1124 2629 vetusta

439 2643 554 2683 Surgit
569 2643 681 2674 Ilerda
703 2652 821 2681 manu;
843 2644 986 2684 placidis
1006 2646 1122 2685 praela-

437 2691 529 2724 bitur
544 2691 661 2722 undis'

483 2742 521 2770 15
540 2741 603 2775 Qui
616 2741 694 2771 male
707 2742 878 2782 parentem]
895 2741 1039 2774 Quidam
1055 2753 1124 2775 rus·

438 2789 526 2822 tiens
541 2788 666 2821 asinum
679 2798 820 2821 cernens
843 2790 884 2821 ad
911 2792 1124 2832 praecipitem

1172 1630 1288 1661 rupem
1319 1620 1487 1651 obstinate
1511 1617 1728 1656 contendere,
1750 1618 1857 1647 retru-

1171 1668 1272 1699 hebat
1289 1677 1350 1708 pro
1366 1667 1488 1698 viribus
1499 1676 1509 1696 ε
1530 1670 1565 1697 at
1577 1664 1734 1706 pertinax
1749 1662 1858 1694 bestia

1173 1717 1401 1748 renitebatur:
1429 1721 1497 1747 tum
1522 1716 1627 1746 iratus
1649 1715 1704 1745 ille
1727 1713 1856 1744 asinum

1173 1766 1307 1806 impulit
1323 1776 1386 1806 quo
1404 1765 1580 1804 tendebat,
1594 1762 1811 1804 detrusitque
1823 1761 1857 1792 in

1174 1815 1412 1856 praecipitium.

1218 1866 1257 1895 17
1285 1864 1329 1894 Ut
1348 1871 1458 1902 pueros
1470 1861 1616 1892 elementa
1628 1861 1783 1891 docentem
1799 1859 1859 1889 00-

1174 1914 1274 1952 cupet,
1287 1911 1357 1950 ⁸5⁶]
1381 1911 1428 1941 Ut
1443 1909 1599 1940 atteraris
1622 1908 1678 1940 vili
1693 1916 1795 1938 mann
1807 1915 1859 1938 se-

1176 1961 1226 1990 nis
1243 1958 1429 1998 cujuspiam
1445 1956 1549 1995 balbi,
1570 1964 1690 1995 pueros
1705 1955 1860 1987 docentis

1175 2007 1352 2038 elementa.
1405 2004 1578 2037 Juvenalis
1606 2003 1735 2044 pariter
1762 2007 1860 2034 notat

1175 2056 1330 2087 miseram
1358 2054 1443 2084 hanc
1469 2057 1592 2083 sortem
1622 2060 1696 2082 cum
1725 2050 1859 2090 Virgilii

1175 2107 1246 2135 tum
1271 2102 1376 2134 nostri
1408 2100 1555 2132 Horatii.
1588 2099 1660 2130 Sat.
1687 2107 1752 2130 vu.
1781 2101 1858 2131 226.

1174 2154 1184 2170 ‘
1201 2162 1276 2184 cum
1292 2156 1383 2183 totus
1399 2150 1535 2181 decolor
1550 2152 1638 2180 esset
1653 2148 1809 2187 Flaccus,
1823 2153 1860 2179 et

1173 2202 1319 2232 haereret
1345 2200 1437 2239 nigro
1461 2197 1566 2238 fuligo
1591 2197 1744 2228 Maroni:
1770 2197 1860 2228 Rara

1174 2255 1286 2281 tamen
1306 2245 1457 2286 merces,¹
1475 2248 1540 2277 διο.
1576 2245 1677 2285 Vide,
1700 2245 1729 2276 si
1750 2249 1859 2282 vacat,

1175 2309 1248 2340 quae
1265 2298 1309 2330 ibi
1326 2297 1454 2338 pridem
1469 2295 1638 2327 annotavi.

1217 2350 1258 2378 18
1281 2346 1439 2378 Exn-emis
1452 2345 1486 2376 in
1500 2343 1591 2383 eicis]
1619 2343 1858 2384 Ludimagistri

1174 2397 1318 2428 scholam
1344 2392 1466 2426 habere
1493 2398 1606 2424 amant
1627 2393 1661 2424 in
1684 2393 1805 2433 triviis,
1824 2394 1859 2425 in

1176 2456 1251 2487 quae
1267 2445 1418 2477 incidunt
1433 2452 1473 2474 ac
1488 2442 1645 2473 desinunt
1661 2442 1772 2482 plures
1782 2441 1862 2482 vici,

1175 2497 1248 2527 loco
1261 2503 1378 2534 nempe
1391 2491 1535 2523 maxime
1546 2490 1774 2531 frequentato.
1794 2490 1859 2523 Vel

1176 2545 1338 2579 Horatius
1360 2541 1515 2580 designat
1541 2540 1639 2571 vilem
1665 2539 1858 2580 magistrum

1175 2594 1211 2625 iu
1240 2590 1460 2623 remotissima
1490 2587 1582 2620 urbis
1611 2587 1744 2627 regione
1767 2586 1859 2621 habi-

1176 2646 1315 2673 tantem.

1222 2695 1260 2723 19
1285 2691 1362 2721 Cum
1386 2687 1444 2718 tibi
1465 2685 1508 2716 sol
1531 2684 1661 2724 tepidus,
1684 2682 1752 2722 &ct-J
1773 2683 1856 2715 Cum

1178 2750 1256 2772 vero
1286 2749 1351 2770 non
1379 2735 1473 2777 pueri
1496 2737 1637 2772 tantum,
1662 2731 1721 2763 sed
1739 2736 1776 2763 et
1801 2733 1858 2765 alii

1177 2791 1288 2832 plures
1303 2787 1343 2818 ad
1359 2791 1394 2817 te
1410 2781 1610 2815 audiendum
1624 2779 1859 2827 confluxerint,
