1904 3216
458 327 668 360 nolimu
701 327 981 359 sannionum
1014 327 1109 359 mn.
1139 328 1191 359 n.
1220 317 1265 359 3.

178 424 244 454 269
258 422 302 453 Et
315 431 395 454 coecn
401 421 568 463 fluitantia
582 422 681 463 sorte]
694 422 830 453 Incerto

137 480 220 503 casu
231 472 480 513 contingentia.

178 523 243 554 270
259 521 370 554 Nih-‘10
379 523 464 564 plus]
482 522 597 554 Nihilo
608 522 684 563 plus
699 525 788 562 agat.

176 573 241 603 272
264 571 391 603 Semina
412 571 528 613 pomis]
549 572 730 603 Pomorum
754 579 830 612 gra·

135 630 190 653 na.
230 620 326 661 [Vat.
341 622 438 654 Rom.
454 623 519 658 Qui
533 620 629 661 cum]

176 673 241 703 278
265 671 404 712 Gaudes,
423 672 469 714 si]
493 670 632 704 Gaudes
658 674 831 712 tamqnam

135 719 245 752 felicis
261 721 382 753 amoris
396 722 520 753 omine.
551 719 590 752 Si
598 730 750 752 cameram
760 731 832 762 per-

134 770 232 812 custi]
269 771 368 803 Inter
396 772 478 803 alios
512 769 608 802 ludos
638 770 832 802 convivales

134 818 225 851 hunc
241 829 374 862 quoque
394 823 570 852 enumerat
590 820 717 852 Pollux
731 829 786 852 lx.
801 823 832 852 8.

136 877 204 910 quo
221 869 369 901 recentis
388 869 469 901 mali
485 869 613 901 semina
627 869 832 911 primoribus

134 917 259 959 digitis*
277 919 382 950 veluti
405 919 628 960 eJacnlautes,
641 919 669 950 si
692 919 833 951 triclinii

129 967 283 1009 lacunar,
295 968 368 1000 sive
383 977 565 1004 cameram.
579 972 620 999 ut
641 971 742 1000 vocat
759 968 834 1000 Ho-

133 1016 255 1056 ratius,
271 1017 488 1058 attigissent3
502 1016 610 1048 bene:
635 1017 685 1048 sin
701 1016 833 1057 minus3

132 1066 222 1097 male
234 1066 277 1097 de
292 1066 360 1098 suis
371 1065 543 1097 amoribus
566 1066 832 1107 augurabantur.

137 1117 280 1149 Tor-rene.
323 1117 484 1148 cameram
493 1116 737 1158 percustisorte]
751 1117 835 1149 Tec-

135 1171 206 1198 tum
222 1167 256 1198 in
277 1166 480 1198 curvitatem
496 1165 691 1198 formatum.
733 1167 835 1199 Penes

136 1220 168 1248 te
182 1216 228 1257 es]
251 1217 342 1248 Esne
359 1216 480 1248 mentis
493 1217 652 1257 compos?

179 1269 244 1298 2⁷4
261 1266 364 1302 Quum
379 1267 483 1308 balba]
501 1267 585 1298 Cum
599 1266 834 1300 blandiuscnle

134 1315 243 1348 verba
257 1316 462 1358 pronuncias
484 1326 577 1349 more
600 1316 696 1358 pueri
717 1317 833 1348 balbu-

134 1368 264 1408 tientis,
294 1368 338 1400 ad
367 1369 511 1409 gratiam
539 1369 662 1409 pnellae
693 1373 833 1410 captan-

135 1416 225 1449 dam.
268 1417 372 1450 Bulba
381 1418 480 1459 feris]
506 1418 589 1449 Tale
604 1417 690 1449 illud
705 1417 835 1450 Tibulli

135 1465 180 1498 de
195 1475 276 1498 sene
293 1472 464 1500 amatore:
485 1467 495 1485 ‘
513 1468 560 1499 Et
572 1467 635 1499 tibi
651 1467 834 1499 blanditias

135 1516 282 1547 tremula
297 1525 502 1557 componere
520 1516 629 1548 voce.'
671 1517 716 1548 Et
732 1516 834 1558 quod,

134 1565 145 1583 ⁸
156 1564 316 1597 Balbutit
328 1565 517 1606 Scaurnm‚'
530 1575 556 1597 ι.
565 1566 638 1598 Sat.
649 1569 682 1598 3.
698 1566 747 1597 ait
761 1565 833 1597 Ho-

134 1615 253 1647 ratius.
306 1615 374 1647 Sed
407 1624 558 1655 praesens
586 1623 703 1646 versus
732 1615 834 1655 plane

135 1664 338 1697 artificiosus
353 1668 427 1696 est:
450 1673 527 1696 nam
549 1663 606 1705 (ut
626 1664 711 1696 illud
732 1664 833 1701 balba,

137 1716 174 1746 et
186 1713 271 1745 illud
285 1723 412 1753 annoso,
426 1723 501 1754 quae
523 1714 680 1752 epitheta
701 1713 756 1744 hic
773 1722 835 1752 op-

138 1763 221 1795 time
232 1762 454 1801 conveniunt,
465 1761 639 1802 omittam)
647 1760 750 1799 ferire
764 1772 834 1793 uer·

138 1813 176 1844 ba
188 1813 292 1852 palato
306 1820 383 1843 cum
400 1810 496 1848 dicit,
505 1811 652 1850 linguam
664 1816 835 1853 tamquam

139 1862 309 1903 plectrum
325 1864 405 1892 aute
418 1861 533 1892 oculos
547 1860 662 1900 ponit:
679 1870 746 1901 quo
757 1870 836 1902 per-

138 1920 239 1943 cussa
251 1910 358 1952 palati
371 1909 476 1941 veluti
487 1909 662 1941 testudine
677 1911 836 1951 quadam,

139 1960 338 1992 articulatus
353 1959 410 1990 ille
425 1958 604 1990 verborum
619 1968 718 1991 sonus
733 1958 837 1991 effici·

140 2014 210 2050 tur,
223 2009 314 2042 unde
329 2013 366 2040 et
382 2010 391 2027 ‘
402 2008 548 2050 sonare,’
561 2018 624 2049 pro
639 2009 730 2050 loqui
744 2009 837 2041 dixe-

139 2063 222 2091 runt
237 2063 384 2091 veteres.
409 2059 500 2090 Torr.
536 2059 628 2090 Feris
641 2068 755 2090 annoso
770 2070 836 2091 ver·

141 2109 180 2141 ba
203 2107 326 2149 palato]
349 2108 461 2142 Quum
482 2108 664 2141 verberes:
690 2114 743 2141 est
764 2110 836 2152 Hy-

139 2159 289 2200 pallage.

180 2211 244 2240 276
266 2209 455 2250 Εάῇῖωπιε
467 2209 569 2249 casas]
592 2210 767 2243 Quomodo
783 2220 836 2241 sa-

136 2258 213 2290 nior
235 2267 272 2290 es
300 2267 408 2298 puero
434 2267 540 2298 nugas
563 2260 712 2299 agente?
745 2260 836 2291 Adde

138 2316 277 2340 aaaron
291 2307 461 2348 Stuuitiae]
477 2309 626 2340 Cruor-em
638 2318 700 2349 pro
714 2309 835 2341 crude-

138 2349 238 2389 litate
272 2356 412 2396 exponit
447 2356 621 2397 antiquum
656 2358 837 2396 glossema-

139 2405 236 2438 tinm.
293 2403 392 2438 Quod
429 2413 510 2444 ergo
539 2405 704 2445 sequitur,
732 2407 838 2446 Atque

139 2455 246 2495 ignem
268 2453 377 2493 gladio
405 2457 556 2493 scrutare,
589 2454 709 2485 eodem
737 2455 838 2487 modo

138 2501 454 2544 interpretabimur.
498 2503 560 2534 Est
575 2507 689 2535 autem
710 2504 838 2545 Pytha-

142 2561 237 2594 goras
251 2550 455 2593 symbolum,
477 2553 542 2592 Πῦρ
568 2552 680 2594 σιδήρῳ
698 2552 741 2592 μὴ
766 2563 840 2585 σκα-

143 2602 258 2642 λεύειν,
284 2602 395 2642 Ignem
421 2602 527 2642 gladio
551 2611 590 2634 ne
608 2603 727 2640 fodito.
747 2604 838 2645 quod

143 2661 221 2683 cum
237 2650 295 2683 alii
308 2651 410 2682 aliter
423 2651 628 2692 intelligant,
641 2661 684 2684 ex
703 2653 839 2686 Horatii

142 2700 314 2732 sententia
343 2700 491 2732 vetuisse
524 2700 659 2733 dicetur
686 2702 838 2734 Philoso-

143 2753 230 2794 phus
244 2752 317 2791 ille,
331 2761 375 2783 ue
391 2751 465 2793 quis
479 2753 604 2784 malum
621 2754 709 2785 malo
723 2754 840 2787 ulcisci

142 2802 248 2834 velit:
272 2806 310 2833 nt
333 2800 362 2832 si
391 2801 505 2842 iguem
523 2801 645 2842 gladio
669 2803 840 2844 verberet,

143 2857 248 2894 atque
283 2851 334 2883 ita
361 2850 488 2892 duplici
526 2851 660 2895 laboret
696 2853 837 2886 insania.

226 2904 339 2945 Daph.
356 2907 386 2936 et
404 2903 479 2935 ναν.
497 2904 580 2936 Clas.

754 2923 763 2931 ·
807 2907 924 2940 Horat.

1468 319 1580 362 1713

882 422 1050 463 Exempla
1083 421 1194 454 miseri
1227 423 1378 453 amantes
1413 420 1579 461 praebent.

882 472 1026 503 Tor-rent.

923 524 989 553 276
1004 521 1173 562 Stultitia,
1186 520 1294 563 atque]
1312 519 1484 552 Amatoris
1498 521 1582 554 stul-

881 569 969 602 titiae
998 571 1086 602 adde
1121 572 1230 603 scelus
1262 576 1299 603 et
1328 570 1580 604 crudelitatem.

882 621 995 660 Ignem
1011 623 1120 661 gladio
1141 623 1297 664 scrutare]
1324 621 1458 654 Amoris
1475 621 1587 655 calori

882 670 1031 711 adjunge
1045 671 1187 704 eaedem.

923 723 986 752 277
1010 721 1146 753 Hellade
1159 731 1314 762 percussa,
1330 722 1459 754 Marius
1472 722 1582 763 quum]

882 769 1030 802 Hellade
1046 771 1232 804 interfecta
1247 783 1267 803 a
1281 773 1409 814 Mario,
1422 782 1527 814 quum
1539 773 1582 806 ab

881 829 924 852 ea
938 826 1170 860 sperneretur.

922 873 987 902 278
1013 871 1172 912 Cerritus]
1197 871 1330 903 Nonius
1355 871 1480 903 cer-itus
1501 872 1584 904 scri-

882 918 953 952 bit:
971 929 1036 952 nec
1050 921 1192 953 multum
1208 920 1328 953 refert.
1353 922 1480 953 ceritas
1493 922 1582 954 enim

884 979 905 1001 a
920 971 1093 1010 Ceret-itus,
1114 970 1245 1002 duabus
1264 970 1400 1012 syllabis
1424 971 1459 1002 in
1480 980 1583 1002 uuam

882 1021 1069 1052 contractis
1085 1020 1224 1053 dicitur.
1252 1021 1394 1052 Tor-rent.
1440 1020 1585 1052 cerr-im

875 1069 961 1110 suit]
981 1071 1116 1102 Cereris
1138 1069 1253 1102 furore
1277 1073 1432 1111 vexatus,
1456 1070 1492 1102 id
1519 1074 1584 1107 est.

883 1118 995 1151 fuitne
1009 1119 1177 1152 furiosus?

926 1173 991 1202 279
1021 1169 1169 1202 Absolves
1195 1171 1360 1211 hominem,
1387 1174 1419 1202 et
1444 1171 1587 1212 sceleris]

887 1219 940 1252 An
970 1220 1126 1253 absolves
1163 1221 1330 1261 insanum,
1371 1226 1408 1252 et
1437 1221 1583 1253 eundem

885 1271 1126 1304 condemnabis
1141 1273 1344 1304 sceleratum
1358 1273 1369 1302 ?
1396 1270 1586 1313 [Absolve-ne

885 1320 967 1352 Vat.
985 1320 1096 1352 Palat.
1116 1321 1163 1362 l.]

926 1372 990 1401 280
1014 1371 1158 1410 cognata
1172 1369 1334 1410 uocabula]
1357 1369 1390 1401 Si
1406 1370 1496 1401 enim
1508 1369 1587 1401 mali

885 1428 1000 1451 omnes
1017 1420 1126 1457 stulti,
1142 1420 1170 1451 si
1185 1420 1283 1452 stulti
1298 1420 1417 1457 insani,
1433 1419 1461 1450 si
1476 1419 1586 1451 insani

884 1468 1004 1501 furiosi
1033 1469 1169 1501 dicendi
1197 1474 1290 1509 sunt,
1312 1472 1351 1500 nt
1373 1469 1479 1500 Stoici
1502 1468 1586 1500 defi-

884 1519 1005 1557 niuut;
1028 1519 1108 1550 nihil
1125 1519 1286 1559 interest,
1299 1527 1366 1560 quo
1382 1527 1425 1549 ex
1445 1517 1495 1549 his
1515 1526 1588 1549 om-

883 1567 983 1599 uibus
994 1567 1128 1599 nomine
1140 1568 1271 1599 Marius
1283 1568 1489 1608 appelletur.
1509 1567 1588 1599 Tor-

883 1621 965 1649 rent.
1025 1618 1146 1660 Rebus]
1184 1617 1361 1650 Vocabula
1388 1617 1586 1649 criminibus

884 1671 978 1708 apta,
992 1668 1053 1698 sed
1068 1667 1216 1699 diversa.

927 1719 990 1747 281
1007 1716 1190 1747 Liber-tinus
1203 1716 1287 1756 erat]
1303 1715 1490 1747 Libertinae
1505 1725 1586 1747 con-

885 1763 1024 1795 ditionis
1039 1765 1207 1796 bominem
1224 1765 1330 1796 dicit:
1359 1769 1396 1796 et
1411 1774 1535 1797 novum
1550 1769 1597 1798 et

885 1812 1069 1845 inauditum
1084 1813 1191 1845 refert
1205 1814 1363 1846 stultitiae
1373 1823 1497 1854 genus;
1511 1823 1590 1856 quo,

886 1863 1036 1904 quisquis
1054 1864 1109 1894 ille
1126 1863 1246 1903 fuerit,
1258 1873 1358 1904 quem
1376 1873 1396 1894 a
1411 1867 1521 1896 status
1536 1864 1589 1895 sui

885 1912 1081 1944 conditione
1106 1913 1304 1945 Libertinum
1324 1914 1488 1954 appellat,
1511 1922 1589 1954 pre-

886 1961 982 1993 cibus
1004 1963 1128 2003 passim
1154 1973 1214 2004 per
1236 1963 1400 2004 compita,
1416 1963 1451 1994 in
1466 1962 1590 2004 quibus

887 2011 990 2043 Lares
1014 2012 1228 2053 colebantur,
1244 2012 1374 2049 effusis,
1399 2012 1548 2045 obtineri
1570 2023 1591 2045 a

888 2061 963 2092 Diis
988 2071 1087 2102 posse
1110 2062 1271 2103 credidit,
1287 2067 1327 2095 ut
1349 2067 1492 2095 mortem
1510 2072 1591 2095 eva-

886 2111 997 2142 deret.
1051 2113 1173 2153 Neque
1203 2113 1280 2145 lmic
1309 2112 1591 2153 interpretationi

886 2160 1014 2200 obstat,
1038 2162 1128 2202 quod
1154 2171 1196 2192 ex
1227 2162 1279 2192 his
1301 2171 1378 2202 quae
1399 2165 1590 2203 sequuntur

887 2210 987 2242 vendi
1006 2211 1095 2242 hunc
1118 2211 1285 2243 hominem
1302 2222 1322 2243 a
1337 2212 1473 2243 domino
1490 2215 1591 2252 potu-

886 2260 951 2291 isse
967 2262 1134 2301 arguitur.
1160 2261 1249 2292 Nam
1265 2271 1308 2292 ne
1324 2261 1502 2293 dedititius
1516 2262 1592 2302 qui-

887 2308 966 2340 dem
994 2309 1095 2341 vendi
1122 2316 1251 2350 posset,
1278 2315 1459 2352 postquam
1483 2312 1589 2344 semel

887 2358 1082 2389 libertatem
1107 2360 1250 2399 adeptus
1272 2361 1330 2399 sit,
1345 2365 1381 2391 et
1397 2361 1503 2392 verba
1519 2362 1589 2400 illa,

888 2416 957 2438 cum
982 2409 1143 2447 venderet,
1170 2408 1355 2440 ὑποθετικῶς
1386 2409 1591 2449 accipienda

888 2461 978 2495 sunt,
1007 2457 1069 2496 pro
1094 2458 1124 2489 si
1152 2459 1318 2489 venderet.-
1350 2467 1450 2490 nemo
1476 2462 1589 2491 autem

890 2510 959 2537 tam
982 2506 1068 2538 liber
1089 2511 1156 2547 est,
1174 2508 1254 2549 quin
1279 2518 1362 2540 casu
1385 2509 1499 2549 aliquo
1514 2507 1591 2540 fieri

889 2564 1005 2587 servus
1035 2566 1076 2588 ac
1103 2557 1206 2588 vendi
1230 2559 1346 2599 queat.
1390 2557 1462 2590 Aut
1491 2562 1590 2590 certe

889 2606 1052 2646 temporis
1068 2607 1212 2638 mutatio
1231 2611 1296 2647 est,
1312 2617 1374 2648 pro
1392 2612 1474 2640 tunc
1489 2617 1590 2640 exce-

891 2655 997 2695 pisset
1013 2664 1089 2686 cnm
1101 2656 1247 2687 vendere
1263 2658 1386 2698 potuit.
1409 2657 1498 2690 Vide
1510 2658 1591 2690 Pet.

890 2704 1018 2736 Nannii
1032 2705 1178 2737 Miscell.
1194 2705 1252 2737 lib.
1269 2715 1318 2738 ιν.
1347 2706 1488 2738 Torreat.
1531 2707 1590 2739 La·-

889 2754 1030 2786 bertinus
1044 2758 1125 2794 erat,
1140 2755 1208 2796 qui]
1225 2755 1294 2787 Pro
1307 2755 1444 2789 liberto.
1478 2756 1588 2790 Hora-

890 2804 974 2842 tius,
997 2804 1059 2836 sub
1082 2813 1226 2845 persona
1243 2805 1402 2837 Stertinii
1423 2806 1588 2849 supersti-

891 2854 995 2886 tiosos
1025 2859 1155 2891 taxans,
1181 2865 1313 2888 omnem
1338 2856 1427 2888 ridet
1452 2855 1586 2898 religio-

1426 2909 1501 2943 sQ
