1904 3216
472 318 680 351 nonum
713 317 991 350 snRMoNUM
1027 317 1122 351 Lis.
1154 318 1184 350 1.
1215 307 1257 351 8.

142 418 312 458 geminare
322 419 350 448 l.-
367 417 490 448 cuculus
504 417 592 448 enim
609 415 750 446 mediam
764 424 838 454 pro-

140 469 248 508 ducit,
265 474 301 500 ut
316 478 359 500 ex
375 467 526 509 pluribus
550 466 663 498 Plauti
687 465 837 496 versibus

140 523 286 552 constat.
330 520 392 551 Est
415 522 526 550 autem
550 516 620 548 avis
636 525 750 550 verna,
768 520 835 546 tam

142 568 276 600 Graeeis
298 578 396 610 quani
426 567 567 603 Latinis,
592 576 612 597 a
627 574 708 597 voce
731 564 836 601 κόκκυ,

139 628 240 660 quam
266 619 473 660 ingeminat:
498 617 587 650 unde
607 621 643 648 et
674 616 836 657 κοκκύζειν

138 673 175 700 et
189 668 302 709 κόκκυξ
325 673 362 700 et
386 670 510 700 cuculae
527 668 711 709 appellata.
756 669 833 700 Vox

137 718 211 759 ejus
235 719 386 751 insuavis
409 723 445 750 et
476 717 695 750 immodulata
719 718 834 752 effecit

137 772 174 800 ut
187 768 344 809 κόκκυγας
358 770 531 810 appellent
543 769 657 801 Graeci
681 770 831 802 homines

136 819 195 860 qui
210 819 336 850 insulso
352 822 456 860 atque
470 818 661 850 inordinato
677 828 831 850 sermone

134 868 268 900 molesti
282 871 372 899 sunt.
413 867 579 899 Socordia
601 868 705 900 etiam
727 873 831 911 atque

134 917 256 949 inertia
283 917 367 959 ejus,
390 917 481 959 quod
508 917 596 950 bona
622 918 700 949 anni
732 923 830 959 parte

134 968 236 1000 vulsis
251 967 342 1000 foede
367 968 490 1009 plumis
512 968 676 1000 incubans
693 969 830 1002 delites-

133 1023 202 1060 cst,
218 1018 407 1050 hominibus
423 1017 477 1049 avi
488 1017 652 1050 similibus
665 1019 736 1051 avis
749 1030 831 1062 quo-

134 1077 201 1109 que
217 1077 338 1099 nomen
355 1067 528 1109 imposuit,
542 1068 709 1110 imperitis
723 1072 830 1102 maxi-

133 1127 187 1149 me
202 1122 304 1160 atque
319 1119 562 1159 incompositis.
609 1121 758 1162 Insignis
773 1131 829 1153 au-

134 1173 204 1199 tem
227 1169 300 1208 ejus
315 1173 408 1200 astus
423 1169 458 1200 in
473 1171 703 1211 supponendis
719 1171 830 1203 alieno

133 1217 215 1249 nido
230 1219 314 1251 ovis.
356 1219 423 1251 Sed
438 1219 516 1261 quia
528 1230 651 1261 magna
666 1222 699 1253 iu
715 1231 757 1254 eo
769 1222 829 1254 im-

134 1267 296 1306 pudentia
310 1272 374 1307 est,
389 1269 498 1300 Gallis
513 1271 722 1302 occasionem
745 1281 828 1312 prae-

133 1315 218 1356 buit,
242 1323 280 1349 ut
304 1318 314 1335 ‘
329 1317 491 1350 cuculos'
514 1319 644 1360 vulgari
667 1320 828 1353 idiomate

131 1371 267 1409 vocent,
290 1369 367 1409 quia
390 1369 482 1400 nulla
499 1379 610 1401 rerum
627 1370 829 1403 domestica-

130 1425 204 1448 rum
217 1427 300 1450 cura
315 1418 473 1450 aberrare
496 1429 618 1451 uxores
634 1425 669 1451 et
684 1421 826 1453 aliorum

129 1468 263 1508 ingredi
297 1469 420 1501 cubilia
457 1470 644 1510 patiantur.
689 1471 826 1503 Horatii

129 1527 210 1550 vero
237 1519 346 1551 locum
378 1519 525 1552 illustrat
555 1521 686 1552 Plinius
716 1530 826 1553 xvnr.

127 1570 181 1600 26.
197 1568 245 1600 ait
268 1569 357 1600 euim
378 1579 442 1610 per
465 1570 688 1602 imitationem
705 1574 824 1603 cantus

127 1618 216 1650 alitis
249 1619 458 1659 temporarii,
487 1629 587 1661 quem
621 1620 825 1652 ‘cuculum'

126 1672 259 1705 vocant,
271 1667 471 1709 exprobrari
486 1670 594 1700 solere
605 1679 682 1701 sero
700 1675 824 1711 putan-

126 1718 215 1750 tibus
229 1719 331 1750 vitem
345 1718 508 1750 desidiam
533 1729 640 1754 suam,
662 1721 750 1760 quod
766 1720 824 1750 de-

127 1768 233 1800 decus
248 1773 340 1799 esset
355 1767 477 1799 falcem
495 1768 536 1798 ab
556 1768 615 1799 illa
635 1768 775 1800 volucre
790 1769 823 1799 in

127 1819 196 1850 vite
213 1817 434 1858 deprehendi.
472 1817 513 1847 Id
529 1816 638 1847 Poe‘ta
650 1816 693 1848 de
705 1818 824 1858 quovis

125 1877 228 1908 opere
245 1868 371 1899 rustico
386 1867 459 1898 fieri
483 1868 695 1899 consuevisse
711 1872 824 1899 osten-

125 1919 188 1950 dit.
234 1918 290 1949 De
303 1917 545 1949 vindemiatore
561 1917 650 1948 enim
664 1918 823 1958 loquitur.

126 1968 175 2000 At
201 1967 380 2000 vindemiae
411 1972 564 2008 tempore
590 1968 730 1999 cuculus
756 1977 823 1999 non

125 2018 216 2050 ultro
245 2021 401 2059 apparet.
447 2017 604 2059 Denique
636 2027 679 2049 ex
705 2018 822 2059 quavis

125 2076 244 2099 caussa
279 2066 433 2099 ‘cuculi’
468 2067 654 2108 appellatio
693 2077 821 2099 merum

124 2116 346 2158 opprobrium
363 2120 428 2148 est.
451 2116 599 2148 Turneb.
615 2116 676 2148 lib.
693 2126 732 2149 11.
747 2126 821 2158 cap.

126 2169 157 2198 1.
195 2165 370 2206 Cucullum]
394 2165 563 2197 Deridens
578 2166 770 2207 vinitorem,
785 2172 820 2198 et

123 2224 200 2248 eum
217 2216 393 2256 appellans
410 2225 507 2247 avem
529 2216 659 2257 pigram
687 2226 726 2248 ac
748 2217 818 2248 nidi

124 2265 175 2298 sui
189 2265 459 2298 obliviscentem.

164 2317 207 2347 82
230 2315 313 2347 Italo
323 2314 468 2355 perfusus
484 2315 586 2355 aceto]
611 2315 668 2347 Ita
681 2316 819 2347 Persius

123 2373 278 2406 quoque:
315 2363 475 2394 ‘Stoicus
500 2363 555 2394 liic
589 2373 702 2394 aurem
733 2373 819 2394 mor-

122 2413 198 2446 daci
213 2414 306 2445 lotus
317 2417 416 2444 aceto
430 2411 452 2450 3¹
475 2412 575 2443 acida
586 2413 674 2443 enim
687 2417 722 2443 et
733 2414 821 2444 salsa

123 2466 250 2494 acuunt
263 2461 469 2502 irritantque
480 2462 698 2493 stomachum.
721 2462 820 2493 Unde

123 2511 228 2543 salem
253 2514 454 2551 acetumque
477 2511 511 2541 iu
539 2515 680 2551 pectore
695 2511 820 2543 habere

123 2560 286 2592 dicuntur
321 2559 470 2590 homiues
507 2560 599 2591 acuti
627 2561 820 2602 argutique,

123 2609 184 2651 qui
215 2613 368 2650 pungant
393 2618 432 2640 ac
460 2609 558 2641 dictis
588 2609 721 2642 feriant.
765 2611 820 2643 De

123 2659 194 2689 sale
230 2667 284 2689 res
323 2662 427 2697 nota;
463 2657 506 2688 de
543 2663 642 2690 aceto
676 2660 820 2692 Plautus

124 2707 254 2740 Bacch.
297 2708 307 2725 ⁴
325 2708 425 2740 Nunc
448 2709 608 2749 experiar
630 2709 719 2742 sitne
746 2720 821 2742 ace-

124 2762 196 2789 tum
232 2756 295 2789 tibi
330 2767 471 2798 peracre
497 2759 531 2790 in
566 2760 730 2799 pectore!
776 2762 820 2793 Et

123 2805 251 2838 Pseud.
297 2807 307 2823 ‘
326 2806 455 2848 Ecquid
470 2807 572 2838 nabet
586 2809 613 2840 is
629 2808 727 2841 homo
745 2820 820 2842 ace·

125 2857 151 2891 ti
174 2857 208 2888 in
235 2856 418 2898 pectore?'
477 2857 675 2900 Respondet
710 2861 819 2892 alter:

1474 308 1583 352 1651

888 418 897 433 ‘
915 414 1031 457 Atque
1061 414 1267 448 acidissimi!
1319 415 1498 448 Postremo
1536 419 1583 449 sic

887 464 897 483 ‘
915 465 1084 497 homiuem
1101 466 1208 498 acidae
1221 466 1363 507 linguae'
1379 466 1467 498 dixit
1481 468 1583 498 Sene-

889 525 930 547 ca
954 517 1268 548 Controversiarum
1295 516 1352 549 lib,
1384 526 1419 549 x.
1444 518 1585 549 Torrent.

887 566 1001 608 Aeaeo]
1022 566 1192 607 Aspen-sus
1209 566 1430 599 mordacitate
1445 566 1582 599 Italica.

886 617 984 658 [Vat.
1000 618 1096 649 Rom.
1109 620 1140 648 7.
1151 627 1315 658 percussus
1323 617 1436 661 aceto]

927 671 968 699 35
992 669 1086 699 Hunc
1109 669 1228 709 Reges]
1249 669 1378 702 Julium
1402 670 1584 702 Caesarem.

887 719 1024 758 Operum
1049 719 1104 749 hoc
1133 722 1255 749 tuorum
1280 718 1343 758 est]
1380 718 1484 750 Hunc
1515 719 1583 750 Ru-

884 768 1001 809 pilium
1035 769 1164 809 Regem
1190 769 1350 809 jugulare
1380 768 1422 799 ad
1452 773 1486 799 te
1509 777 1584 809 per-

884 818 984 849 tinet.

882 867 964 900 su.
989 876 1073 899 vm.
1117 868 1283 910 Priapum
1316 868 1439 903 Deum,
1468 870 1583 898 custo-

925 919 1001 950 dem
1017 920 1202 959 hortorum,
1226 917 1360 950 inducit
1381 921 1580 959 querentem

924 969 968 1001 de
984 969 1128 1002 Canidia
1145 973 1181 1001 et
1201 969 1339 1010 Sagana
1356 966 1529 1006 veneficis,
1545 973 1581 999 et

923 1028 999 1060 qnae
1017 1019 1058 1051 ab
1080 1019 1144 1050 illis
1170 1019 1204 1050 iu
1224 1018 1362 1050 occulto
1387 1016 1510 1048 fierent
1524 1017 1580 1049 de-

923 1069 1140 1100 scribentem.
1173 1073 1179 1078 ·

923 1118 1010 1150 Haec
1024 1119 1160 1159 Satyra,
1182 1118 1329 1150 omnium
1349 1117 1581 1159 festivissima,

881 1167 1096 1208 Esquilinum
1112 1167 1196 1199 illud
1215 1167 1416 1199 veneficium
1432 1169 1580 1209 evulgat,

880 1218 924 1250 de
940 1227 1008 1259 qno
1023 1218 1166 1251 Canidia
1186 1219 1260 1259 ipsa
1283 1219 1317 1250 in
1334 1219 1482 1260 Epodis:
1507 1220 1516 1236 ‘
1536 1220 1581 1251 Et

881 1267 1049 1309 Esquilini
1075 1267 1230 1311 pontifex
1260 1268 1404 1300 venefici
1435 1268 1580 1309 Impune

879 1322 918 1350 ut
934 1318 1050 1349 urbem
1064 1319 1200 1350 nomine
1216 1318 1368 1359 impleris
1385 1317 1486 1349 meo.’-

924 1370 939 1398 1
969 1367 1055 1398 Olim
1076 1371 1205 1399 truncus
1218 1367 1319 1407 eram]
1342 1368 1417 1408 Ego
1433 1368 1580 1408 Priapus

878 1417 957 1448 olim
975 1421 1115 1449 truncus
1136 1427 1240 1448 eram.
1289 1418 1426 1448 Mne-us
1440 1418 1578 1458 ernmfi-

876 1466 997 1506 alnus]
1007 1467 1210 1499 Theocritus
1221 1467 1427 1508 pulcerrimo
1438 1467 1472 1498 in
1481 1467 1578 1498 Pria-

877 1526 955 1557 pum
983 1517 1238 1558 Epigrammate
1269 1526 1311 1548 ex
1342 1516 1409 1548 ficu
1440 1520 1476 1548 et
1504 1517 1579 1557 ipse

875 1567 964 1598 hunc
993 1567 1107 1598 Deum
1138 1567 1234 1598 nobis
1261 1567 1406 1606 statuit;
1436 1567 1478 1598 de
1510 1577 1577 1609 quo

875 1616 1047 1649 Arnobius
1064 1617 1120 1649 lib.
1140 1626 1175 1647 v.
1196 1616 1263 1648 Sed
1280 1616 1336 1648 hic
1350 1617 1476 1648 iterum
1487 1627 1577 1658 qnae-

875 1676 960 1706 ram,
972 1677 1077 1708 quare
1093 1667 1290 1707 Ithyphallo
1305 1667 1368 1698 boc
1379 1667 1506 1707 liguum
1519 1677 1578 1708 po-

876 1717 1037 1748 tissimum
1053 1717 1212 1748 Bacchus
1227 1716 1407 1756 delegerit.
1443 1718 1517 1757 Ego
1534 1719 1576 1749 ad

875 1766 1004 1797 arboris
1021 1770 1176 1797 naturam
1194 1764 1322 1796 referre
1338 1765 1470 1797 malim:
1496 1776 1578 1798 con-

875 1819 945 1846 stat
960 1815 1050 1846 enim
1071 1815 1172 1847 ficum
1197 1815 1288 1847 inter
1310 1825 1427 1847 omnes
1442 1817 1575 1856 plantas

878 1865 971 1896 succi
995 1865 1224 1906 plenissimum
1249 1875 1336 1906 esse,
1357 1874 1396 1897 ac
1420 1867 1576 1907 spiritum

874 1915 1031 1947 exhalare
1047 1925 1161 1947 acrem
1188 1916 1340 1956 inprimis
1356 1926 1396 1948 ac
1412 1917 1576 1949 calidissi-

873 1975 975 1996 mum.
1021 1967 1098 1999 Quo
1114 1965 1153 1997 fit
1169 1971 1206 1997 ut
1227 1966 1308 2006 ligni
1333 1967 1408 2007 ejus
1431 1969 1575 2000 cremati

873 2014 984 2046 fumus
998 2016 1143 2047 maxime
1158 2016 1327 2056 mordeat,
1344 2022 1445 2059 atque
1468 2027 1512 2049 ex
1528 2019 1575 2050 ci-

872 2075 953 2098 nere
975 2065 1104 2098 factum
1128 2067 1280 2098 lixivium
1302 2067 1521 2108 abstergendi
1541 2070 1574 2101 vi

871 2116 996 2147 ceteris
1026 2121 1178 2157 praestet.
1225 2118 1312 2151 Quae
1345 2127 1421 2150 cum
1451 2120 1574 2159 partim

870 2166 944 2207 ejus
958 2168 1082 2208 calore,
1106 2168 1229 2208 partim
1253 2168 1392 2199 humore
1406 2167 1502 2208 fiant,
1519 2179 1574 2200 ca·

869 2216 974 2248 lidum
990 2222 1105 2249 autem
1135 2221 1172 2249 et
1193 2217 1367 2248 humidum
1390 2218 1502 2249 omnia
1516 2229 1572 2260 ge-

869 2271 1005 2308 nerent,
1018 2276 1079 2299 nec
1097 2268 1188 2299 aliud
1206 2268 1274 2300 sint
1290 2268 1393 2309 phalli
1406 2272 1464 2300 aut
1474 2269 1571 2301 Pria-

869 2317 917 2356 pi,
936 2327 1037 2357 quam
1065 2318 1257 2358 symbolum
1278 2318 1448 2359 quoddam
1472 2329 1572 2359 geue-

869 2366 1032 2405 ratiouis;
1055 2368 1178 2398 merito
1200 2377 1243 2398 ex
1263 2367 1342 2408 ficu,
1365 2368 1459 2407 cnjus
1474 2370 1569 2400 arbo·

870 2415 916 2445 ris
941 2416 1123 2455 perspicua
1152 2415 1312 2447 fertilitas
1343 2420 1409 2456 est,
1438 2417 1571 2456 potissi-

869 2474 960 2495 mum
976 2463 1220 2498 formabantur.
1247 2466 1338 2498 Quin
1353 2471 1389 2497 et
1404 2467 1568 2507 Bacchus,

870 2518 906 2545 ut
922 2514 1038 2550 vitem,
1061 2515 1107 2545 sic
1126 2515 1225 2546 licum
1240 2525 1376 2556 quoque
1400 2516 1571 2548 invenisse

870 2563 1036 2595 traditur:
1062 2564 1152 2595 unde
1168 2569 1205 2595 et
1223 2564 1419 2604 σταφυλίτης
1434 2570 1469 2596 et
1484 2565 1570 2597 συκί-

869 2625 926 2650 ms
941 2613 1052 2644 dictus
1069 2618 1131 2645 est.
1167 2614 1296 2645 Bacchi
1314 2618 1425 2645 autem
1447 2619 1483 2646 et
1505 2617 1568 2647 Ve-

870 2664 960 2694 neris
975 2663 1062 2693 filius
1076 2663 1238 2704 Priapus,
1252 2664 1428 2704 Lampsaci
1439 2665 1472 2695 in
1486 2665 1569 2697 Hel-

869 2714 1026 2754 lesponto
1042 2718 1155 2752 natm,
1168 2723 1248 2753 agro
1257 2712 1477 2746 fertilissimo.
1499 2717 1568 2748 Sed

865 2763 937 2803 jam
957 2763 1231 2804 philosophatum
1248 2769 1300 2795 est
1317 2764 1411 2797 satis.
1442 2765 1565 2798 Horat.

870 2814 959 2844 enim
977 2814 1101 2844 nullum
1123 2814 1192 2853 hic,
1218 2813 1350 2854 opinor,
1369 2815 1566 2855 mysterium

870 2864 997 2904 tangit:
1025 2864 1098 2905 sed,
1126 2864 1211 2906 quod
1238 2865 1422 2904 satyricum
1452 2864 1565 2908 decet,
