1930 3204
385 268 496 309 1594

387 374 519 411 ceptam
542 378 620 400 vero
644 369 823 400 lectionem
853 369 910 409 qui
937 377 1072 400 servare

387 421 479 456 velit,
496 419 636 450 confuse
651 420 712 449 hoc
729 422 836 448 totum
851 428 860 449 ε
885 419 970 449 nulla
983 422 1073 450 natu·

386 478 423 499 τα
447 469 558 503 labore,
582 471 698 498 contra
723 466 898 498 verborum
923 467 1072 499 ordinem

387 527 451 549 non
468 517 509 548 ad
521 518 756 554 natur-am2sed
773 516 813 546 ad
831 526 966 547 avarum
987 516 1074 547 refe-

388 572 461 598 rat:
485 576 560 607 quae
576 575 650 596 meo
659 565 788 604 judicio
803 565 966 606 impedita
978 565 1075 596 nimis

387 616 496 647 oratio
526 619 589 646 est.
623 614 712 645 Tor-r.
756 615 853 645 Nullo
878 615 1004 654 natura]
1038 614 1075 645 Si

389 666 479 695 nullo
496 665 608 696 studio
624 669 660 696 et
676 665 762 695 bene
784 664 925 705 meritis,
942 665 974 695 in
996 665 1076 695 ami-

386 717 465 748 citia
482 717 626 748 retinere
645 717 736 747 velis.

429 770 471 798 90
494 765 647 806 Asellum]
677 765 718 796 Id
740 770 802 802 est,
823 764 1000 796 indocilem
1017 763 1076 794 do-

389 826 481 848 cere.

429 868 469 896 01
508 865 548 896 In
577 864 695 906 campo]
730 864 785 896 Sic
814 864 921 895 nostri
948 873 1078 904 quoque

390 914 490 946 codd.
505 923 570 945 non
594 915 628 944 in
650 923 800 953 campum.
844 913 888 944 Et
905 912 946 943 de
961 919 1080 952 campo

391 964 520 994 Martio
545 963 671 993 dictum
698 962 862 1000 intelligo.
907 961 1000 992 Nota
1023 970 1079 991 au·

391 1017 460 1042 tem
475 1016 513 1042 ut
525 1011 602 1052 equi
622 1010 791 1046 celeritas,
814 1011 864 1040 sic
880 1010 963 1040 asini
979 1010 1081 1040 tardi-

392 1066 456 1100 tas,
485 1070 561 1100 quae
585 1069 659 1091 eum
683 1059 827 1090 decursu
850 1058 1003 1089 inutilem
1031 1057 1082 1088 fa-

392 1110 452 1140 cit.
482 1109 570 1139 Torr.
614 1108 782 1138 Par-entem
809 1115 931 1137 currere
953 1105 1082 1146 froenis]

394 1157 624 1189 Obedientem
652 1155 780 1196 fraenis,
805 1155 838 1187 id
869 1161 935 1195 est,
963 1154 1082 1186 fraena-

395 1211 478 1238 tum.

435 1258 476 1286 92
499 1254 550 1286 Sit
571 1255 650 1297 finis
676 1253 848 1295 quaerendi]
884 1253 1085 1285 Divitiarum

396 1303 575 1344 cupiditati
591 1303 691 1334 tinem
705 1303 822 1334 facito.
866 1304 973 1335 Utere
996 1313 1084 1343 qnae-

395 1353 480 1384 sitis.
540 1353 697 1392 Quumque
731 1352 841 1383 habeas
875 1351 959 1392 plus]
1003 1352 1084 1383 Plus

397 1410 495 1442 quam
512 1405 590 1432 ante
611 1400 773 1432 habebas.
818 1401 913 1442 [Vnt.
939 1404 972 1432 5.
998 1402 1085 1432 dum-

395 1459 452 1490 que
465 1449 601 1488 habeas]

439 1502 479 1530 94
505 1500 603 1530 Porto
619 1500 696 1539 quod
710 1498 834 1538 avebas]
847 1499 966 1530 Solent
978 1498 1035 1539 qui
1049 1508 1085 1529 se

399 1548 440 1580 ad
455 1553 619 1589 quaestum
635 1553 830 1588 comparant
853 1557 1010 1578 summam
1028 1547 1087 1578 ali·

399 1607 500 1638 quam
517 1596 706 1638 praefinire3
731 1607 829 1637 quam
846 1596 975 1637 adepti,
996 1596 1087 1637 quie-

400 1652 468 1678 tem
509 1647 669 1686 cogitent.
734 1646 803 1677 Sed
837 1645 963 1676 frustra
992 1645 1086 1676 fere:

401 1695 511 1726 nullus
547 1695 635 1724 enim
666 1693 840 1735 quaerendi
873 1693 958 1724 finis.
1010 1694 1089 1726 Quo

401 1748 556 1785 spectant
573 1744 628 1774 illa
643 1743 676 1774 in
692 1743 871 1782 Epistolis:
903 1742 913 1760 ‘
929 1742 1024 1773 Mille
1040 1746 1090 1773 ta-

401 1795 496 1826 lenta
526 1793 762 1831 rotundentur,
787 1791 928 1823 totidem
962 1792 1090 1830 altera3

402 1852 503 1883 porro
518 1842 633 1873 Tertia
653 1840 848 1881 succedant,
869 1846 905 1872 et
925 1850 998 1881 quae
1015 1849 1091 1880 pars

403 1892 550 1932 quadret
583 1890 767 1922 acervum!
803 1890 944 1921 Torreat.
1009 1890 1093 1920 Par-

402 1945 434 1972 to
449 1942 526 1982 quod
540 1939 664 1980 ‹it-ebus]
699 1941 811 1973 Quum
831 1940 934 1971 habes
952 1939 1094 1980 acquisi-

403 1995 486 2029 tum,
505 1991 593 2031 quod
621 1990 718 2020 avide
743 1989 914 2030 cupiebas.
957 1990 1025 2020 Nec
1039 1989 1094 2027 fa-

403 2039 482 2078 cias]
508 2039 597 2069 Libri
614 2043 744 2070 veteres
760 2047 880 2079 magno
904 2046 1092 2069 consensu:

404 2087 564 2124 nesacios.
587 2087 744 2118 Torrent.

447 2139 487 2167 95
515 2134 671 2173 Umidius]
702 2135 796 2167 Quos
817 2133 952 2165 codices
977 2137 1094 2163 nactus

408 2184 523 2216 Lami).
539 2185 588 2214 ita
603 2183 748 2214 ediderit
762 2182 900 2213 nescio:
924 2181 1030 2213 nostri
1046 2180 1095 2212 fe-

407 2243 444 2265 re
472 2233 607 2266 Umidius
632 2232 773 2270 liabent,
798 2235 869 2270 aut,
891 2229 980 2269 quod
1002 2230 1097 2260 mini·

408 2292 495 2314 mum
525 2282 641 2319 distat,
675 2280 830 2312 Vimidius
865 2283 901 2310 et
931 2278 1096 2315 vividius,-

409 2331 467 2363 sed
494 2331 638 2363 Vinidius
663 2329 848 2360 Romanum
873 2331 944 2359 est:
982 2333 1099 2358 cetera

409 2381 511 2421 igitur
547 2379 752 2418 rejiciamus.
796 2376 955 2417 Quisquis
984 2379 1099 2407 autem

408 2432 462 2463 liic
478 2430 603 2469 fuerit;
638 2439 704 2461 non
727 2428 919 2460 dissimilem
942 2432 1036 2460 certe
1051 2428 1100 2459 illi

411 2481 537 2511 exitum
551 2479 626 2510 tulit
636 2478 780 2519 Augusti
793 2478 982 2518 principatu
992 2478 1100 2518 impu-

411 2540 467 2561 rus
494 2530 550 2561 ille
573 2529 616 2560 de
643 2538 709 2569 quo
734 2528 860 2558 Seneca
879 2527 1100 2568 Philosophus

412 2581 540 2612 Quaest.
557 2578 637 2609 Nat.
650 2577 708 2607 lib.
726 2584 752 2607 ι.
777 2576 919 2607 Torreat.

452 2630 494 2658 96
521 2627 564 2657 Ut
579 2624 753 2664 metiretur]
775 2625 823 2655 Ut
836 2626 1021 2663 metiretur,
1035 2633 1100 2656 non

415 2679 454 2704 ut
487 2679 690 2714 numeraret,
727 2674 805 2715 quia
840 2674 1099 2706 innumerabiles

415 2727 512 2754 erant
526 2724 600 2762 ejus
614 2724 754 2756 divitiae.

458 2773 500 2806 98
524 2772 667 2813 Tempus]
701 2772 752 2804 Ad
770 2777 953 2804 extremum
970 2777 1100 2815 tempus

838 275 977 306 NOTAE
1009 275 1269 306 VARIORUM
1304 277 1352 306 {N

1121 375 1198 406 vitae
1214 384 1293 406 sua’.

1161 427 1204 456 99
1239 423 1382 463 Liberta]
1425 422 1635 461 Concufflna,
1664 420 1804 454 fortasse

1121 483 1215 506 uxor.

1165 527 1227 556 100
1251 524 1367 556 Divisit
1382 522 1526 562 medium]
1548 522 1588 553 Iu
1599 522 1680 553 duas
1695 525 1808 562 partes

1122 573 1240 604 secuit.
1271 574 1457 604 fortissima
1469 571 1728 613 Tyndaridarum]
1743 571 1807 602 Fa-

1124 623 1217 654 cinus
1247 622 1389 653 edidisse
1415 622 1500 652 hanc
1529 621 1683 652 libertam
1709 620 1808 660 dicit,

1125 681 1190 711 quo
1199 671 1323 702 nullum
1335 672 1384 701 vel
1393 670 1616 711 totaTyndari
1630 669 1811 710 posteritas

1125 720 1159 751 in
1173 721 1234 751 hoc
1247 729 1369 760 genere
1381 720 1516 759 fortius,
1533 729 1730 761 quamquam
1740 719 1813 759 plu-

1126 769 1219 800 rimae
1235 779 1278 801 ex
1291 770 1440 811 Tyndari
1455 775 1555 810 gente
1570 769 1658 800 viros
1674 766 1814 807 interfe-

1126 830 1216 852 cere.
1260 819 1362 852 Ludit
1376 824 1487 850 autem
1505 829 1564 849 suo
1581 827 1671 849 more
1691 816 1813 856 Poeta,

1127 869 1244 901 eadem
1261 869 1362 900 etiarn
1378 869 1448 909 ipse
1463 868 1593 899 libertae
1607 867 1662 898 liic
1674 876 1742 897 snae
1760 875 1812 896 ar-

1127 927 1181 948 ma
1192 927 1268 957 quae
1284 917 1396 948 Graeci
1410 917 1592 957 scriptores
1604 917 1814 956 clytemnes-

1130 970 1204 1006 πω,
1229 965 1370 996 securim
1396 973 1515 1003 nempe
1541 973 1599 994 seu
1622 963 1813 1003 bipennem,

1130 1015 1304 1053 tribuens;
1327 1013 1458 1044 insulsae
1475 1022 1556 1044 sane
1577 1022 1616 1043 ac
1637 1011 1752 1051 fatuae,
1765 1010 1816 1043 fa-

1130 1063 1298 1094 cetissime
1313 1062 1335 1095 J
1339 1072 1434 1093 uven.
1443 1066 1585 1094 extrem.
1599 1062 1669 1093 Sat.
1680 1069 1814 1104 vr-cum

1132 1112 1225 1143 tenui
1251 1113 1406 1153 pulmone
1442 1111 1570 1142 rubetae
1609 1119 1661 1141 res
1697 1109 1817 1142 confici

1132 1161 1249 1202 possit.
1295 1162 1417 1192 Locum
1433 1159 1522 1200 vide,
1536 1164 1572 1190 et
1592 1160 1669 1191 Pet.
1691 1159 1819 1191 Nannii

1133 1210 1232 1242 Misc.
1247 1209 1303 1240 lib.
1319 1218 1374 1240 ιιι.
1398 1210 1487 1240 Torr.
1540 1207 1742 1247 Fortissimn]
1764 1206 1816 1239 Ac

1133 1259 1160 1289 si
1175 1257 1297 1289 fuisset
1319 1258 1427 1288 altera
1451 1257 1711 1298 clytemnestra,
1731 1255 1820 1295 Tyn·

1133 1308 1205 1339 dari
1225 1307 1307 1343 tilia,
1331 1316 1406 1348 qnae
1421 1306 1704 1347 Agamemnonem
1719 1304 1822 1336 inter-

1133 1356 1227 1388 fecit.

1177 1408 1236 1436 101
1264 1405 1404 1441 Quidmi
1415 1403 1530 1444 igitur]
1567 1403 1731 1444 Loquitur
1745 1412 1822 1434 ava-

1134 1464 1204 1493 rus,
1218 1454 1308 1486 Quid
1326 1463 1378 1485 me
1395 1454 1443 1484 vis
1466 1452 1604 1484 facere?
1660 1453 1707 1484 Ut
1723 1452 1821 1483 vivam

1136 1503 1282 1544 Navius]
1315 1503 1371 1534 Sic
1396 1502 1532 1543 quidam
1548 1502 1679 1542 legunt,
1692 1506 1727 1532 et
1743 1509 1822 1531 ava-

1135 1561 1208 1582 rum
1224 1556 1258 1582 et
1274 1550 1443 1581 sordidum
1460 1549 1565 1581 fuisse
1581 1551 1706 1581 volunt.
1742 1549 1822 1580 Μω-

1136 1601 1206 1632 nitas
1218 1603 1271 1632 aut
1282 1600 1326 1631 sic
1344 1601 1386 1631 Ue
1400 1599 1627 1639 Nomentanus]
1650 1598 1752 1630 Meuii
1763 1608 1823 1630 no-

1137 1658 1226 1688 men,
1242 1653 1300 1680 aut
1316 1649 1428 1679 Moenii
1444 1649 1555 1688 potius
1580 1648 1740 1679 Lambino
1755 1649 1826 1688 pla·

1139 1697 1222 1733 cuit,
1239 1697 1315 1737 quia
1340 1697 1382 1727 de
1405 1697 1522 1728 eodem
1547 1697 1581 1727 in
1609 1696 1764 1736 Epistola
1782 1697 1824 1727 ad

1139 1745 1301 1776 Vahalam
1337 1745 1471 1777 mentio.
1527 1745 1653 1776 Verum
1683 1745 1828 1776 Moenius

1140 1794 1196 1826 ille
1212 1799 1248 1825 ut
1265 1794 1423 1835 prodigus
1448 1804 1488 1825 ac
1515 1794 1676 1825 decoctor
1701 1793 1746 1825 ibi
1769 1793 1828 1825 de-

1140 1843 1307 1875 scribitur.
1353 1844 1454 1884 Cujus
1477 1851 1597 1874 nomen
1621 1843 1646 1873 si
1671 1843 1724 1874 hic
1748 1851 1829 1885 quo-

1141 1902 1206 1934 que
1222 1903 1406 1931 servemus,
1425 1901 1564 1924 necesse
1585 1892 1630 1923 sit
1649 1892 1711 1924 hoc
1732 1891 1830 1924 modo

1141 1944 1273 1983 legere:
1299 1943 1383 1978 Quid
1399 1942 1442 1973 mi
1456 1942 1555 1980 igitur
1569 1942 1698 1972 suades?
1727 1943 1763 1972 ut
1783 1941 1830 1971 υί-

1141 2002 1212 2022 vam
1226 1992 1372 2026 Meuius,
1391 1994 1446 2022 aut
1468 1991 1515 2021 sic
1542 1990 1586 2022 Ut
1604 1990 1832 2022 Nomentanus?

1143 2045 1182 2071 ut
1198 2041 1420 2080 reprehensus
1435 2050 1455 2071 a
1478 2039 1587 2071 Poeta
1606 2048 1739 2079 avarus,
1762 2048 1832 2070 mo-

1143 2089 1300 2128 nitusque
1317 2098 1359 2119 ne
1382 2088 1552 2118 Vinidium
1568 2088 1731 2127 imitetur,
1750 2087 1833 2120 duos

1146 2137 1271 2175 pariter
1300 2142 1441 2175 nepotes
1471 2140 1647 2174 proponat,
1669 2140 1833 2175 rogetque

1145 2194 1188 2216 au
1211 2194 1324 2214 eorum
1351 2183 1454 2224 igitur
1481 2184 1636 2223 exempla
1664 2187 1833 2224 sequatur.

1146 2233 1258 2274 Atque
1287 2233 1335 2264 ita
1363 2242 1443 2263 saue
1472 2242 1539 2264 non
1567 2242 1633 2263 uno
1659 2233 1692 2264 in
1717 2232 1835 2264 codice

1146 2283 1306 2322 scriptum
1315 2281 1552 2318 animadverti,
1563 2290 1625 2312 nec
1636 2281 1733 2312 male.
1757 2281 1834 2312 Να-

1147 2331 1215 2362 vius
1239 2336 1349 2362 tamen
1376 2331 1410 2361 in
1436 2329 1603 2368 omnibus,
1625 2334 1664 2361 ut
1690 2330 1835 2369 ingenue

1147 2379 1271 2418 fatear,
1294 2379 1440 2420 antiquis
1461 2378 1710 2418 exemplaribus
1731 2379 1836 2420 scrip-

1149 2433 1218 2460 tum
1245 2428 1402 2469 repperi3
1438 2431 1474 2459 et
1498 2428 1640 2458 alterum
1669 2430 1836 2468 tamquam

1150 2487 1298 2517 avarum,
1312 2478 1453 2508 alterum
1477 2481 1642 2516 tamquam
1660 2475 1837 2517 prodigum

1149 2527 1239 2558 inter
1269 2536 1306 2558 se
1332 2525 1484 2566 componi
1511 2529 1606 2556 vetus
1634 2524 1836 2556 Scholiastes

1151 2576 1302 2607 tradidit.
1347 2575 1450 2606 Naevii
1465 2583 1546 2606 sane
1563 2583 1602 2606 11.
1619 2574 1690 2605 Sat.
1706 2577 1758 2606 11.
1773 2583 1837 2605 non

1150 2626 1245 2657 nimis
1259 2626 1398 2656 honesta
1411 2623 1451 2656 fit
1463 2624 1603 2660 mentio,
1615 2623 1672 2654 sed
1688 2632 1751 2654 nou
1768 2628 1833 2654 tam

1150 2681 1187 2706 ut
1204 2675 1309 2714 avari,
1323 2683 1417 2714 quam
1435 2678 1472 2704 nt
1497 2672 1671 2712 simplicis,
1694 2676 1752 2702 aut
1775 2672 1835 2702 im-

1150 2724 1275 2759 mundi,
1303 2728 1338 2754 nt
1361 2723 1408 2755 ibi
1430 2721 1626 2753 videbimus.
1671 2721 1835 2752 Nomenta-

1151 2783 1224 2806 num
1241 2782 1373 2815 quoque
1395 2771 1501 2804 tribus
1527 2769 1714 2803 nominibus
1740 2772 1833 2799 vetus
