1916 3262
372 307 480 350 1412

371 417 456 449 mus,
491 418 551 441 cur
598 409 743 442 animum
788 409 1051 448 imbecilliorem,

372 467 470 500 quam
491 462 529 489 ut
552 461 712 489 aeternum
734 457 859 498 aliquid
879 457 1052 489 consulere

371 512 428 539 aut
443 510 592 538 statuere
608 507 726 547 possit,
741 507 829 537 inani
843 515 920 537 cura
933 505 1051 545 fatiga-

370 557 466 586 mus?
511 556 644 586 Florum
667 565 747 587 vero
770 553 970 586 ‘honorem'
996 563 1052 584 vo-

370 614 483 636 camus
500 605 641 636 nitorem
652 604 1052 644 illumjucundissimum3

368 658 409 684 ut
422 655 432 671 ⁴
446 654 530 684 ruris
540 653 704 692 bonores,'
719 653 830 694 fruges
841 653 940 694 ipsas.
966 652 1053 683 Torr.

371 701 495 740 Honos]
517 701 748 732 Pulchritudo.

414 752 471 791 [10
503 750 593 780 Luna
617 750 720 781 nitens
754 749 842 780 rubet
877 758 960 780 unus
997 757 1052 788 ap.

370 797 507 837 Jaeck.]

413 852 450 880 ll
475 848 644 889 Minorem]
679 849 874 880 Inferiorem
897 857 992 888 quam
1015 850 1053 878 ut

369 897 484 930 futura
499 898 565 929 Dei
581 898 719 929 consilia
733 897 1005 938 comprehendat.

413 950 452 978 13
478 948 543 978 Cur
558 957 615 978 non
629 946 773 985 subalta]
789 946 882 977 Ordo
894 950 945 976 est
959 956 966 975 ε
983 945 1052 975 Cur

369 1006 434 1028 non
453 1002 604 1036 potamus
620 995 712 1026 uncti
733 994 810 1024 dum
836 994 918 1024 licet
934 994 1054 1033 jacen-

370 1051 422 1076 tes
445 1045 493 1075 sic
519 1049 656 1082 temere,
678 1043 711 1074 id
737 1047 800 1082 est,
821 1043 855 1073 in
870 1042 988 1072 umbra
1000 1042 1053 1081 ja-

369 1097 499 1131 centes,
513 1093 583 1123 sine
600 1093 676 1123 ullis
692 1091 902 1130 ceremoniis,
913 1095 948 1121 ut
959 1099 1054 1121 casus

370 1142 500 1181 tulerit,
523 1141 614 1171 nulla
635 1140 751 1170 habita
772 1148 986 1180 personarum
1004 1147 1053 1168 ra-

370 1191 485 1222 tione?

411 1244 451 1272 14
474 1240 527 1272 Sic
553 1241 679 1280 temere]
703 1240 977 1279 Quelemcunque
1005 1247 1055 1269 se-

369 1290 446 1321 dem
463 1291 514 1321 vel
529 1290 639 1321 locum
661 1299 702 1320 ex
719 1294 870 1328 tempore
887 1287 1056 1328 praebebit

368 1340 487 1370 humus
499 1349 508 1376 3
523 1338 575 1368 vel
588 1338 758 1377 platanum
771 1337 927 1376 pinumve
943 1340 1056 1367 osten·

369 1388 451 1419 dere
467 1387 613 1423 videtur,
639 1387 700 1416 sub
721 1395 787 1426 qua
802 1386 872 1415 sine
888 1384 1055 1424 exquisito

370 1437 482 1477 aliquo
497 1437 601 1474 cultu,
614 1445 690 1465 rosa
706 1439 742 1465 et
757 1433 860 1464 nardo
873 1433 1053 1467 delibutus,

370 1490 488 1526 potare
505 1484 594 1514 velit.
619 1483 758 1513 Torrent.
771 1481 878 1521 Steph-

413 1537 450 1565 15
478 1533 578 1563 Canos
588 1532 707 1562 odorati
718 1531 855 1570 capillos]
880 1529 994 1561 Quid?
1011 1539 1053 1560 an

372 1582 547 1616 Horatius,
578 1581 629 1612 sui
657 1589 774 1620 parum
802 1588 939 1618 memor,
972 1579 1054 1609 velit

370 1631 551 1671 Hirpinum
567 1630 599 1660 in
619 1631 775 1670 Juveuta,
792 1629 825 1659 in
846 1628 956 1659 aetatis
971 1626 1054 1658 flore

370 1687 562 1717 canescere,
590 1682 626 1709 et
649 1678 690 1708 ad
719 1686 848 1707 amores
869 1677 1008 1715 hortari,
1036 1685 1056 1706 a

370 1728 491 1769 quibus
521 1727 676 1758 abhorret
705 1725 798 1756 arida
826 1725 991 1755 canities?
1013 1733 1056 1754 an

370 1786 460 1808 canos
469 1777 594 1817 capillos
603 1774 900 1814 interpretabimur
910 1781 1057 1813 unguen-

370 1832 407 1857 to
429 1825 611 1866 delibutos,
640 1829 677 1855 et
706 1823 878 1863 candidos,
908 1823 1057 1863 resplen-

371 1873 577 1916 dentesqu‘e?
621 1873 674 1904 An
692 1872 809 1904 alludit
827 1871 868 1903 ad
885 1871 992 1902 albam
1007 1880 1058 1901 ro-

371 1933 453 1962 sam,
483 1933 549 1964 qua
578 1923 716 1962 capillos
752 1921 834 1952 velit
863 1920 1056 1952 internecti.

373 1975 467 2013 Cruq.
515 1971 647 2002 Odorati
656 1970 794 2010 capillos]
811 1970 989 2000 Habentes
1001 1978 1057 1999 ca-

372 2023 468 2061 pillos
483 2021 640 2052 odoratos
658 2028 744 2057 rosa,
760 2018 794 2048 id
809 2022 871 2055 est,
887 2027 968 2048 rosoe
985 2026 1057 2048 suc·

371 2079 424 2108 co,
440 2070 492 2099 vel
509 2069 580 2108 ipsa
595 2077 668 2098 rosa
682 2067 885 2098 internexos.
943 2066 1056 2105 [Bam-

370 2118 465 2157 berg.
481 2117 613 2147 adorati.
658 2115 806 2146 Chisien.
831 2117 863 2145 3.
883 2123 902 2144 a
924 2123 965 2144 m.
988 2122 1056 2144 sec.

372 2175 457 2197 unus
483 2175 536 2205 ap.
553 2164 707 2196 Oberlin.
732 2163 857 2204 aliique
879 2162 978 2194 codd.
1000 2172 1054 2202 ap.

371 2215 393 2247 J
397 2215 492 2255 aeck,
504 2215 659 2254 odoram]

415 2266 454 2295 16
476 2262 665 2303 Assyriaque
674 2262 785 2302 nardo]
797 2261 976 2301 Unguento
984 2269 1057 2291 nar-

371 2313 463 2344 dino.
506 2313 569 2343 Est
591 2311 713 2342 nardus
736 2311 838 2341 herba
861 2311 893 2341 in
909 2319 1055 2349 unguen-

373 2364 416 2395 tis
444 2361 683 2402 componendis
713 2361 951 2392 laudatissima.
995 2360 1056 2391 As-

373 2412 459 2453 syria
488 2420 547 2452 pro
571 2411 680 2450 Syria,
702 2419 767 2440 non
790 2408 879 2450 quod
902 2409 935 2439 in
959 2409 1057 2449 Syria

372 2461 495 2492 nardus
511 2460 667 2499 nascitur,
690 2458 748 2490 sed
766 2458 854 2500 quod
871 2458 1005 2498 montis,
1025 2458 1057 2488 in

374 2520 438 2551 quo
464 2510 582 2550 oritur,
601 2518 678 2548 pars
693 2517 759 2538 una
781 2507 820 2538 ad
839 2507 964 2547 Syrios,
981 2515 1056 2547 pars

373 2561 482 2590 altera
497 2558 536 2590 ad
555 2557 656 2590 Indos
676 2556 838 2592 flectitur,
863 2555 950 2587 unde
965 2555 1058 2586 dicta

375 2613 426 2638 est
444 2608 576 2639 Nardus
592 2607 721 2638 Indica,
760 2606 876 2636 Diosc·
891 2605 947 2636 lib.
969 2613 993 2635 1.

419 2658 455 2686 17
479 2655 594 2695 Euius]
618 2655 782 2686 Bacchus.

420 2706 458 2734 18
483 2705 561 2738 Quis
572 2713 647 2744 puer
661 2704 767 2744 ocyus]
795 2702 958 2743 Loquitur
973 2701 1058 2732 Poe-

377 2756 425 2791 ta,
441 2753 534 2792 quasi
554 2754 625 2792 jam
642 2754 682 2784 sit
698 2755 732 2784 in
753 2753 918 2793 convivio,
932 2752 1057 2789 dicens,

377 2803 451 2842 quis
480 2810 596 2832 servus
627 2800 840 2842 refrigerabit
865 2802 984 2842 pocula
1009 2810 1059 2832 ar-

816 317 958 350 No'rAE
989 316 1248 348 VARIORUM
1286 315 1332 348 IN

1103 408 1214 440 dentis
1229 409 1297 440 vini
1312 407 1445 440 Falerni
1463 408 1689 448 praetereunte
1702 407 1784 448 lym-

1103 458 1180 498 pha.
1196 458 1230 488 id
1254 461 1317 496 est,
1339 458 1412 497 quis
1435 456 1649 497 refrigerabit
1663 457 1786 497 pocula

1103 516 1189 547 aqua
1211 505 1364 538 fluviatili
1386 507 1502 547 diluta,
1524 516 1567 538 ne
1587 507 1620 538 in
1642 506 1786 540 ebrieta-

1105 561 1172 588 tem
1185 556 1373 587 incidatur?

1146 607 1187 636 20
1211 605 1420 636 Proetereunte
1445 603 1582 646 lympha]
1623 605 1716 645 Ergo
1749 608 1787 636 et

1105 654 1207 685 fontis
1224 654 1363 685 rivulum
1380 655 1422 685 ibi
1439 653 1575 685 fluxisse
1589 653 1785 693 cogitemus.

1106 703 1316 743 Quamquam
1354 708 1389 734 et
1431 705 1648 742 praetereunte-
1665 701 1794 742 lympha—

1105 750 1220 781 dicere
1248 751 1355 782 videri
1382 756 1504 792 posset,
1529 759 1587 791 pro
1609 749 1729 784 obiter.
1746 758 1786 780 uc

1106 799 1245 839 proinde
1259 809 1358 840 parce
1378 810 1416 830 ac
1437 800 1554 831 leviter
1575 798 1695 837 infusa,
1709 807 1787 839 quie

1105 847 1173 878 vini
1190 847 1342 878 ardorem
1358 849 1594 888 restingueret.
1617 847 1756 877 Torreat.

1147 898 1187 927 21
1213 897 1291 931 Quis
1302 898 1420 928 decium
1433 897 1580 937 scortum]
1603 896 1687 930 Quis
1709 906 1787 928 evo·

1105 946 1198 977 cabit
1213 955 1232 976 e
1247 946 1344 977 domo
1360 956 1419 977 sua
1431 947 1560 987 Lyden,
1574 946 1786 977 meretricem

1106 1003 1172 1024 uon
1200 994 1379 1034 publicam,
1401 995 1458 1025 sed
1488 995 1648 1026 secretius
1677 994 1789 1034 cogni-

1108 1043 1200 1074 tam?
1224 1052 1299 1083 quae
1322 1052 1422 1083 quum
1437 1043 1482 1074 sit
1497 1044 1607 1083 devia,
1627 1043 1661 1073 id
1683 1047 1747 1081 est,
1767 1052 1788 1074 e

1107 1091 1160 1122 via
1175 1091 1308 1131 publica
1323 1097 1461 1128 semota,
1482 1092 1590 1123 minus
1609 1096 1660 1122 est
1674 1090 1789 1132 vulga-

1105 1140 1162 1176 ris,
1173 1141 1344 1181 minusque
1356 1142 1501 1172 omnium
1517 1141 1646 1172 libidini
1661 1140 1792 1181 exposi-

1106 1195 1150 1223 ta.
1195 1191 1295 1221 Deoia
1319 1192 1408 1222 enim
1433 1191 1543 1222 Latini
1565 1196 1699 1230 vocant,
1713 1191 1788 1231 qu‘ae

1108 1239 1191 1270 viem
1208 1249 1272 1270 non
1288 1239 1426 1277 habent,
1450 1239 1491 1270 τὰ
1513 1237 1616 1278 ἄνοδοι,
1639 1237 1790 1269 difficilia

1107 1294 1143 1320 et
1169 1288 1283 1319 ardua.
1308 1288 1440 1319 Salmas.
1484 1288 1616 1319 Decium
1642 1286 1798 1326 scortum}

1107 1337 1206 1369 Quod
1218 1337 1395 1375 deviando,
1408 1335 1522 1368 dom'os
1533 1336 1683 1377 cognitas
1693 1335 1792 1367 ober-

1107 1386 1223 1422 rando,
1237 1395 1379 1424 corpore
1403 1386 1573 1421 merendo,
1595 1386 1724 1416 cithera
1736 1394 1791 1415 ce-

1106 1433 1228 1468 nendo,
1242 1437 1404 1473 quaestum
1418 1432 1559 1463 faceret.
1583 1433 1677 1471 Cruq.
1722 1432 1793 1462 Eli-

1106 1482 1165 1513 εἰει
1190 1481 1291 1520 domo]
1314 1482 1390 1512 Hoc
1413 1489 1544 1522 quoque
1567 1480 1790 1511 meretriculae

1106 1531 1314 1562 nobilitatem
1362 1530 1482 1570 arguit,
1527 1539 1600 1570 quae
1636 1528 1790 1568 precibus

1107 1579 1344 1619 blanditiisque
1367 1578 1583 1619 perducenda
1599 1581 1702 1618 esset,
1723 1587 1790 1608 non

1108 1631 1196 1660 ultro
1211 1633 1414 1659 occurreret.
1443 1628 1582 1658 Torreat.

1149 1681 1190 1710 22
1213 1679 1352 1717 Eburno,
1372 1678 1422 1708 dic
1435 1687 1506 1716 age,
1521 1686 1588 1708 cum
1602 1677 1685 1718 lyra]
1719 1677 1791 1716 Ego

1110 1736 1184 1757 cum
1201 1726 1347 1766 Cruquio
1361 1727 1468 1757 locum
1483 1726 1570 1756 hunc
1581 1726 1628 1756 sic
1637 1725 1792 1756 ordinan-

1110 1775 1188 1806 dum
1203 1775 1666 1814 intelligendumquecenseo:
1680 1784 1700 1806 ο
1710 1784 1794 1815 puer

1111 1833 1187 1864 age,
1216 1824 1270 1854 dio
1298 1823 1427 1864 Lydiae,
1451 1827 1487 1854 ut
1509 1827 1655 1854 maturet
1678 1824 1793 1855 venire

1112 1882 1186 1904 cum
1200 1872 1271 1912 lyra
1284 1871 1430 1902 eburnea
1444 1871 1532 1911 (erat
1546 1871 1633 1902 enim
1644 1870 1795 1911 fidicina)

1110 1921 1235 1952 habens
1260 1930 1387 1952 comam
1414 1920 1588 1960 religatam
1612 1920 1646 1951 in
1672 1921 1793 1951 nodum

1110 1974 1280 2009 comptum
1296 1979 1387 2000 more
1403 1970 1566 2009 Lacaenae,
1585 1969 1619 2000 id
1634 1974 1700 2009 est,
1712 1979 1794 2010 pex-

1109 2028 1164 2048 urn
1182 2022 1324 2057 tantum,
1340 2023 1375 2048 et
1399 2019 1610 2058 negligenter
1631 2018 1794 2058 composi-

1110 2071 1180 2096 tum
1203 2075 1296 2098 more
1313 2066 1460 2097 mulieris
1483 2067 1671 2097 Laconicae.
1713 2066 1794 2095 Fes-

1109 2115 1256 2146 tinantes
1284 2115 1372 2145 enim
1394 2113 1551 2144 mulieres
1573 2122 1694 2153 pexum
1719 2118 1792 2143 ten-

1110 2167 1179 2194 tum
1194 2162 1349 2203 capillum
1364 2161 1533 2193 in-nodum
1545 2161 1705 2202 colligere
1714 2170 1791 2192 con-

1109 2215 1300 2243 sueverunt.

1150 2262 1191 2291 23
1213 2255 1355 2291 Moturet
1382 2259 1580 2300 incomptum]
1603 2258 1658 2290 Sic
1681 2259 1792 2298 plures

1109 2313 1144 2340 et
1159 2309 1312 2340 meliores
1332 2307 1428 2340 codd.
1472 2307 1540 2338 Alii
1564 2315 1644 2338 vero
1663 2306 1793 2347 legunt,

1107 2359 1141 2390 in
1167 2361 1326 2398 comptum,
1350 2356 1543 2398 separatim.
1585 2355 1698 2387 Verba
1721 2356 1792 2386 baec

1109 2407 1306 2448 perturbata
1332 2405 1510 2437 admodum
1535 2408 1626 2442 sunt,
1647 2404 1731 2436 adeo
1755 2407 1794 2436 ut

1109 2455 1264 2487 mendum
1291 2455 1427 2486 subesse
1450 2454 1610 2495 suspicer.
1654 2453 1742 2486 Nam
1763 2454 1792 2484 si

1110 2507 1290 2546 incomptam
1315 2510 1349 2536 et
1371 2505 1447 2536 nodo
1468 2504 1658 2545 legerimus,
1682 2507 1720 2535 ut
1736 2503 1797 2534 Xi-

1112 2555 1254 2595 philinus
1269 2554 1364 2595 legit,
1377 2553 1458 2584 nibil
1473 2553 1603 2594 planius
1617 2556 1676 2584 aut
1697 2561 1794 2592 eper-

1111 2605 1187 2636 tius.
1233 2604 1380 2634 Retenta
1403 2611 1480 2633 vero
1501 2600 1668 2633 communi
1689 2601 1793 2640 scrip·

1111 2658 1197 2692 tura,
1215 2657 1348 2683 veteres
1364 2650 1719 2692 sequorinterpretes:
1742 2652 1791 2685 nt,

1110 2705 1244 2734 maturet
1257 2705 1292 2732 et
1314 2703 1474 2741 properet
1494 2698 1611 2730 venire
1621 2697 1709 2738 Lyde
1720 2696 1791 2726 reli-

1108 2756 1184 2792 gata
1197 2761 1311 2783 comam
1331 2750 1366 2781 in
1390 2749 1511 2780 nodum
1535 2749 1790 2779 Lucanae-more

1112 2805 1294 2841 comptum.
1340 2799 1441 2830 Vetat
1468 2797 1555 2828 enim
1577 2802 1648 2825 eam
1669 2801 1790 2833 magno
