1916 3262
647 269 711 299 DE
745 270 878 300 Astra
912 268 1134 300 rorarios.
1499 258 1611 301 1289

164 364 254 415 Qui
274 377 416 406 mores
434 364 655 406 hominum
677 364 914 406 multorum
929 364 1040 406 vidit
1061 367 1106 405 et
1123 361 1279 404 urbes!

161 432 269 474 Non
286 432 454 473 fumum
474 444 533 472 ex
552 431 734 484 fulgore,
758 432 835 473 sed
856 445 914 473 ex
935 432 1055 472 sumo
1076 431 1179 472 dare
1196 430 1340 471 lucem

162 498 354 552 Cogitat,
376 503 423 540 ut
443 499 652 553 speciosa
673 499 831 540 dehinc
850 498 1061 540 miracula
1081 502 1271 551 promat,

160 563 446 619 Antiphaten,
467 564 768 619 Scyllamque,
787 572 832 606 et
852 577 952 606 cum
976 564 1174 618 Cyclope
1197 563 1447 618 Charybdin
1465 576 1476 615 ;

161 631 260 673 Nec
278 632 462 673 reditum
485 632 718 674 Diomedis
737 633 793 673 ab
814 632 984 672 interitu
1005 631 1234 684 Meleagri,

162 697 263 740 Nec
282 699 452 752 gemino
472 698 636 740 bellum
657 698 899 752 Trojanum
921 698 1088 740 orditur
1109 698 1164 739 ab
1185 711 1285 740 ovo.

1525 563 1610 604 145

160 839 214 879 qui
225 843 294 880 post
308 842 444 873 excisam
460 841 584 880 Trojam
597 840 798 881 perlustravit
817 849 915 872 mores
934 843 965 871 et
980 839 1125 871 civitates
1136 840 1275 880 plurium
1288 839 1455 871 hominum,
1501 839 1535 870 Is
1550 847 1610 869 non

151 881 276 918 sumum
290 894 307 915 e
319 885 492 924 splendore,
506 885 559 915 sed
571 885 671 915 lumen
685 894 700 915 e
705 882 797 921 fumo
812 885 940 914 educere
951 885 1056 923 parat,
1071 885 1109 914 ut
1130 882 1242 914 exinde
1262 892 1312 914 res
1330 884 1496 921 praeclaras
1508 885 1539 912 et
1552 882 1611 911 mi-

159 926 274 957 randas
286 927 436 966 proferat,
451 926 668 966 Antiphatem,
690 925 837 966 Scyllam,
854 925 1026 966 Cyclopem,
1043 925 1246 966 Charybdim.
1293 926 1361 956 Nec
1379 925 1542 956 Diomedis
1561 933 1610 954 re-

159 967 260 1000 ditum
275 969 385 1009 incipit
404 978 534 1000 narrare
556 979 575 1000 a
590 967 748 1007 Meleagri
761 971 872 1007 morte,
893 977 948 999 nec
966 967 1066 1006 Troy'oe
1085 968 1345 1008 expugnationem
1362 977 1381 999 a
1401 967 1522 1008 duplice
1544 975 1611 997 ovo-

770 1072 1012 1084 “uum“

159 1156 243 1189 item
259 1158 408 1190 Bentleii
433 1163 503 1198 poet
517 1159 652 1196 monia,-

160 1201 253 1241 ning.
270 1200 403 1232 Wakef.
428 1201 534 1232 Kidd.
554 1207 590 1232 et
613 1202 758 1233 Schelle.
802 1202 994 1240 Bensseins,
1019 1211 1088 1232 suae
1115 1200 1284 1240 opinionis
1313 1201 1421 1231 adhuc
1447 1199 1611 1234 incertus,

160 1243 251 1283 conj.
278 1247 316 1274 ut
342 1244 478 1283 rectius,
491 1244 608 1282 funera
619 1255 632 1280 ,·
655 1249 691 1275 et
719 1244 863 1284 Cuning.
890 1244 1167 1283 Pergama.--l42
1190 1242 1346 1273 Vallicel.
1373 1245 1406 1274 2.
1426 1251 1446 1272 a
1469 1251 1513 1272 m.
1540 1251 1611 1273 sec.

158 1286 322 1320 muller-um
334 1286 537 1317 notite—143
552 1286 682 1317 Heller.
697 1285 907 1324 Nec-fumum.
932 1287 1026 1317 Unus
1037 1285 1146 1317 codex
1158 1294 1212 1325 ap.
1221 1285 1351 1315 Valart.
1366 1286 1441 1315 dare
1453 1285 1612 1315 lamen.—

159 1329 219 1358 14⁵
236 1327 429 1369 circumque,
442 1337 503 1367 pro
515 1328 722 1368 Scyllamque,
733 1328 822 1368 conj.
835 1327 1061 1358 Reum—146
1072 1327 1146 1358 Non
1158 1327 1292 1358 reditum
1307 1327 1389 1357 Vat.
1402 1329 1433 1357 3.
1450 1326 1519 1356 Nec
1530 1325 1610 1356 redi·

155 1371 192 1400 tu
203 1369 366 1400 Diomedis
378 1369 617 1402 Hellen—147
631 1370 700 1400 Nec
711 1370 820 1400 bellam
831 1369 957 1408 gemino
969 1369 1050 1401 Vat.
1064 1368 1163 1401 Rom.
1172 1371 1204 1400 2.
1217 1372 1253 1400 et
1264 1368 1412 1399 Chisian.
1423 1370 1452 1400 1.
1465 1367 1504 1398 ab
1514 1369 1611 1398 ovo'et

674 1159 763 1200 quod
779 1159 895 1190 Bentl.
911 1158 1027 1190 intulit
1050 1158 1084 1189 in
1098 1161 1243 1193 textum,
1261 1166 1404 1198 eumque
1420 1156 1529 1188 secuti
1545 1156 1612 1188 Cu-

816 1485 959 1518 NOTAE

154 1557 246 1590 dium
259 1562 312 1591 est
326 1558 492 1600 Odysseae
506 1559 659 1592 Homeri.
676 1559 792 1602 Ἄνδρα
801 1572 854 1600 μοι

157 1606 274 1650 ἔννεπε,
290 1610 412 1650 Μοῦσα,
426 1606 636 1652 «enlm-pimus
651 1622 680 1643 κ.
692 1622 723 1644 τ.
734 1617 767 1642 λ.

909 1569 964 1601 ge.
988 1559 1115 1602 Odyss.
1132 1564 1158 1591 1.
1173 1569 1234 1592 nos
1252 1570 1277 1592 1.
1292 1559 1365 1591 Sat.
1382 1563 1414 1592 5.

954 1610 1151 1652 Charybdin]
1174 1610 1380 1651 Voraginem
1402 1609 1526 1650 Scyllae
1553 1609 1612 1640 ad-

202 1661 263 1691 143
281 1659 355 1691 Non
362 1660 488 1698 sumum
499 1661 761 1702 exsulgoressc]
776 1662 854 1693 Non

155 1717 174 1740 e
197 1708 385 1749 splendidis
408 1709 512 1741 initiis
535 1714 572 1741 et
593 1711 768 1750 promissis
783 1711 854 1742 exi-

157 1767 224 1798 gua
248 1763 285 1790 et
308 1758 464 1795 obscura,
490 1759 550 1790 sed
578 1760 690 1799 potius
712 1769 731 1791 e
760 1761 856 1791 tenui

155 1806 378 1848 modestoque
397 1809 565 1849 principio
587 1819 642 1841 res
665 1819 804 1850 magnas
821 1815 857 1842 et

157 1857 306 1888 nitentes
324 1857 468 1897 profert.

201 1908 264 1937 144
292 1906 467 1947 Miracula]
503 1907 569 1939 Res
597 1908 856 1941 admirationem

158 1961 347 1988 moventes.
391 1957 528 1990 Quanta
550 1958 685 1989 scilicet
709 1959 858 2000 pericula

155 2005 314 2046 incurrit,
341 2010 378 2037 et
403 2011 531 2048 quauta
558 2007 685 2039 virtute
713 2015 855 2050 astuque
880 2002 883 2005 ⁵

158 2055 296 2097 Ulyues
309 2060 364 2088 est
379 2056 559 2089 eluctatus.

200 2109 261 2138 145
283 2106 494 2148 Antiphaten]
524 2108 779 2149 Laestrygonum
803 2117 855 2139 re-

153 2165 231 2197 gem
247 2155 586 2197 Anthropophagum.
610 2156 736 2198 Odyss.
751 2161 790 2188 Κ.

195 2205 348 2248 Scyllam]
381 2206 564 2247 Scopulum
596 2207 794 2248 terribilem,
819 2208 853 2239 in

153 2255 244 2288 freto
255 2257 481 2296 Mamertin03
495 2261 531 2288 nt
542 2255 739 2290 fabulantur
747 2258 855 2290 Phor-

154 2306 186 2338 ci
201 2305 316 2346 filiam,
331 2306 429 2347 cujus
445 2307 554 2338 latera
573 2307 713 2339 canibus
728 2308 856 2339 latran-

154 2355 247 2386 tibus
260 2355 447 2387 succincta.
471 2356 598 2397 odyss.
615 2361 658 2388 M.
684 2357 758 2389 Cic.
775 2367 856 2390 cou-

156 2412 212 2438 tra
237 2406 399 2438 Verrem:
432 2408 441 2424 ‘
459 2407 536 2438 Hoc
560 2406 718 2441 infestior
742 2410 855 2441 nautis

157 2457 284 2487 Verres
310 2466 408 2497 quam
431 2456 559 2497 Scylla,
581 2458 671 2500 quod
697 2461 804 2492 multo
819 2471 855 2492 se

157 2505 310 2548 pluribus
341 2511 376 2537 et
401 2507 581 2547 majoribus
610 2510 748 2541 canibus
777 2521 853 2542 suc·

155 2556 336 2589 cinxerat-³
392 2557 439 2589 Et
475 2558 517 2588 de
554 2559 702 2600 Harusp.
743 2562 851 2603 Resp.

155 2609 165 2625 ⁸
182 2607 293 2640 Quam
331 2606 479 2648 Scyllam
516 2612 584 2638 tam
624 2610 852 2643 eminentibus

157 2657 299 2689 canibus
327 2661 464 2698 tamque
486 2656 617 2697 jejunis
649 2658 760 2698 poetae
791 2660 851 2691 fin-

155 2706 266 2747 gendo
295 2706 488 2747 exprimere
515 2707 741 2747 potuerunt?’
763 2709 853 2741 Vide

157 2756 277 2796 virgil.
293 2757 368 2788 Ecl.
387 2765 440 2787 vi.
455 2759 508 2788 74.

200 2805 345 2848 cyclope]
369 2804 580 2848 Polyphemo
596 2807 781 2849 Cyclopum
801 2818 854 2841 re-

910 1668 1042 1691 versam
1066 1660 1100 1691 in
1129 1659 1222 1692 freto
1245 1661 1373 1691 Siculo.
1413 1659 1542 1700 Odyss.
1566 1663 1611 1690 M.

909 1709 968 1741 cit.
981 1710 1103 1750 virgil.
1120 1710 1254 1741 AEneid.
1272 1719 1327 1742 111.
1342 1719 1403 1741 nos
1416 1718 1440 1740 1.
1452 1709 1521 1740 od.
1534 1711 1589 1740 2⁷.

954 1761 1016 1790 146
1030 1759 1099 1790 Nec
1114 1759 1247 1790 reditum
1259 1759 1437 1797 Diomedis,
1448 1758 1518 1799 &te-J
1534 1757 1611 1789 Nec

907 1808 942 1839 in
954 1808 1115 1849 Odyssea
1128 1809 1228 1849 longe
1245 1808 1344 1839 nimis
1357 1807 1534 1838 exordium
1551 1812 1612 1838 ant

910 1858 1010 1888 aliam
1035 1858 1190 1899 quamvis
1216 1857 1446 1888 narrationem
1464 1857 1611 1897 repetit;

910 1912 948 1938 ut
972 1906 1058 1939 fecit
1084 1907 1118 1938 in
1143 1916 1203 1939 suo
1228 1907 1272 1938 de
1294 1907 1470 1939 Diomedis
1496 1906 1611 1938 reditu

909 1957 1060 1989 carmine
1076 1956 1306 1989 Antimachus
1322 1967 1332 1996 ;
1353 1957 1410 1999 qui
1429 1961 1465 1988 et
1478 1956 1612 1988 Theba-

909 2016 987 2040 nam
1011 2009 1166 2041 tcribens
1189 2008 1362 2039 historiam
1385 2007 1509 2048 viginti
1530 2016 1611 2047 qua-

910 2063 988 2091 tuor
1025 2059 1196 2090 volumina
1226 2057 1392 2098 implevit,
1427 2062 1610 2099 antequam

910 2114 1042 2150 septem
1058 2109 1163 2140 duces
1189 2118 1295 2150 usqne
1313 2106 1356 2140 ad
1379 2107 1514 2139 Thebas
1535 2116 1610 2148 per-

911 2159 1065 2190 duceret.
1106 2159 1160 2190 De
1176 2156 1346 2190 Diomede
1360 2166 1384 2188 1.
1401 2157 1473 2188 Sat.
1483 2160 1516 2189 5.

950 2212 1012 2241 14⁷
1037 2209 1106 2241 Nec
1132 2209 1255 2248 gemino
1284 2207 1398 2239 bellum
1427 2207 1512 2247 Troj.
1538 2206 1610 2248 ξω]

906 2259 983 2292 Nec
999 2259 1143 2291 Iliadem
1155 2258 1305 2290 condens
1322 2267 1343 2289 a
1358 2257 1467 2298 prima
1479 2257 1610 2298 origine

905 2320 960 2342 res
976 2314 1106 2348 narrat,
1123 2313 1183 2340 aut
1207 2307 1328 2350 poema
1349 2306 1548 2339 exorditur:
1573 2311 1611 2338 ut

904 2361 939 2392 in
964 2370 1070 2402 parva
1093 2359 1202 2391 Iliade
1221 2358 1404 2396 Stasimus,
1419 2359 1477 2399 qui
1494 2362 1531 2389 et
1549 2358 1611 2388 Le·

906 2410 984 2442 dam
1000 2411 1118 2443 aJove
1135 2409 1342 2448 adamatam,
1353 2413 1390 2440 et
1405 2408 1472 2439 duo
1489 2417 1612 2448 peper-

908 2461 975 2492 isse
989 2471 1064 2500 ova,
1076 2465 1111 2492 et
1126 2470 1169 2491 ex
1185 2470 1299 2491 eornm
1313 2460 1422 2490 altero
1433 2460 1610 2490 Castorem

907 2516 944 2543 et
973 2512 1286 2551 Clytaemnestram‚
1316 2519 1357 2540 ex
1389 2509 1498 2539 altero
1530 2516 1610 2537 vero

908 2560 1075 2601 prodiisse
1091 2560 1270 2590 Pollucem
1287 2564 1322 2589 et
1338 2558 1518 2596 Helenam,
1533 2565 1609 2596 quae

907 2622 927 2642 a
943 2610 1070 2642 Paride
1088 2614 1187 2650 rapta
1202 2608 1330 2640 excidii
1346 2616 1447 2638 cansa
1466 2607 1610 2647 Trojani

910 2661 1028 2700 fuerit,
1044 2660 1175 2700 prolixe
1191 2663 1226 2690 et
1237 2658 1346 2689 otiose
1358 2661 1611 2688 commemorat.

907 2711 1074 2742 Similiter
1100 2711 1288 2749 peccarunt
1314 2711 1470 2738 auctores
1496 2706 1609 2738 Hera-

908 2759 1026 2791 cleidis
1053 2762 1089 2790 et
1114 2757 1301 2796 Theseidis,
1324 2765 1407 2798 quos
1432 2756 1610 2797 redarguit

907 2808 1117 2841 Aristoteles
1133 2807 1166 2839 in
1183 2816 1243 2839 sua
1257 2805 1411 2839 Poetica.
