1982 3230
611 304 966 336 EPLSTOLARUM
1000 304 1098 335 Lis.
1131 303 1162 334 ι.
1193 294 1264 335 17.
1553 293 1666 335 1177

172 433 177 435 -
206 399 440 452 Quidlibet
458 398 635 442 indutus
656 399 938 440 celeberrima
957 412 1035 453 per
1054 399 1158 441 loca
1180 398 1322 448 vadet,

205 467 538 522 Personamque
557 467 669 509 feret
688 480 776 508 non
798 467 1084 509 inconcinnus
1105 473 1360 522 utramque:

204 535 332 578 Alter
353 535 495 577 Mileti
517 538 686 577 textam
708 548 820 576 cane
842 534 970 589 pejus
994 540 1037 576 et
1057 536 1191 589 angui

202 602 380 645 vitabit
397 602 703 656 chlamydem3
734 603 950 644 morietur
970 601 1147 655 frigore,
1169 603 1207 644 si
1230 614 1318 643 non

202 670 433 714 Remleris
450 683 641 724 pannum
660 683 670 711 :
702 669 826 720 refer,
854 674 898 712 et
918 669 1011 710 sine
1034 670 1160 712 vivat
1180 671 1376 724 ineptus.

201 738 294 780 Res
312 751 459 793 gerere
482 742 526 779 et
547 743 708 791 captos
729 737 966 779 ostendere
984 737 1164 779 >civibus
1185 738 1352 786 hostes,

190 792 393 859 ‘Attingit
413 805 572 847 solium
591 804 620 846 J
625 805 726 846 ovis
746 810 791 846 et
811 805 1017 847 coelestia
1037 809 1190 847 tentat.

1609 534 1665 576 30

195 951 350 983 puream3
373 947 403 975 et
431 954 619 984 quacumque
642 945 773 976 restitus
787 945 846 976 ibit
866 953 923 984 per
949 945 1015 976 loca
1043 944 1178 976 maxime
1190 944 1410 984 frequentata,
1437 953 1493 975 nec
1518 942 1662 983 illepidus

197 986 363 1018 sustinebit
387 987 467 1018 hunc
492 987 638 1028 illumque
663 987 816 1018 habitum.
861 987 955 1018 Alter
974 986 1136 1018 Milesiam
1159 986 1467 1027 chlamydemsugiet
1488 987 1558 1026 plus
1572 995 1663 1025 quam

196 1036 304 1059 canem
317 1032 373 1060 out
387 1033 581 1070 serpentem:
604 1033 698 1071 atque
713 1030 892 1062 enecabitm·
907 1030 1052 1069 frigore,
1076 1030 1139 1061 nisi
1153 1040 1242 1061 suum
1264 1030 1314 1061 illi
1338 1039 1475 1070 pannum
1501 1029 1663 1059 restituas.

197 1069 318 1110 Redde,
333 1074 365 1104 et
377 1073 525 1112 permitte
539 1076 575 1104 ut
586 1075 674 1104 vivut
688 1073 835 1105 insulsus.
882 1072 1044 1105 I’raeclara
1054 1071 1206 1111 facinora
1221 1073 1344 1114 exequi,
1358 1076 1388 1104 et
1403 1072 1546 1103 subactos
1560 1071 1663 1102 hostes

194 1113 314 1146 ostibus
328 1115 488 1155 exhibere,
504 1119 552 1148 est
565 1116 686 1157 aliquid
697 1115 850 1157 potestati
865 1115 979 1147 divinoe
996 1119 1027 1148 et
1049 1116 1124 1148 coelo
1135 1115 1327 1157 proximum.
1374 1116 1482 1156 Neque
1498 1113 1661 1146 mediocri-

810 1224 1008 1236 eeeeeeeeee
1010 1223 1049 1236 υ

197 1307 350 1340 unusque
365 1308 422 1338 ap.
438 1299 570 1332 Valart.
591 1310 652 1332 non
666 1300 898 1332 evitatio—28
913 1300 1147 1332 Schoenborn.
1159 1303 1191 1331 4.
1216 1300 1369 1330 inductus.
1415 1298 1498 1328 Vat.
1514 1299 1564 1328 14.
1579 1296 1660 1328 Vnt.

196 1340 294 1372 Rom.
307 1345 338 1372 5.
374 1342 470 1374 Vatt.
500 1342 614 1373 Palat.
641 1345 671 1372 1.
697 1346 730 1373 6.
759 1347 795 1373 et
819 1342 976 1374 ValliceL
999 1345 1032 1372 3.
1057 1347 1093 1373 et
1117 1341 1352 1372 Schoenborn.
1369 1343 1402 1371 2.
1419 1343 1451 1370 3.
1474 1339 1661 1370 καὶὴ-29

194 1383 429 1414 Schoenborn.
458 1386 492 1415 2.
520 1387 552 1415 3,
575 1386 838 1424 utramque—30
862 1384 944 1415 vat.
977 1384 1075 1415 Rom.
1100 1386 1133 1415 4.
1161 1387 1196 1414 et
1228 1383 1378 1414 Chisian.
1405 1384 1436 1412 l.
1467 1381 1589 1420 ungui;
1613 1381 1661 1412 ita

195 1425 406 1465 Priscianus,
423 1426 565 1457 Pntsch.
582 1436 614 1466 p.
630 1429 706 1457 766.
729 1425 835 1458 Aldd.
851 1429 884 1458 2.
900 1429 931 1458 3.
955 1425 1061 1458 Dion.
1075 1426 1118 1456 ab
1137 1426 1261 1458 Harsio
1278 1424 1388 1466 Lngd.
1403 1426 1500 1455 1538.
1516 1423 1660 1464 (viginti

191 1467 271 1500 edd.
287 1468 409 1501 asserit
425 1467 592 1510 Cnning.)
622 1469 739 1501 Bentl.
766 1469 932 1508 restitnit,
957 1475 1147 1510 sequnntur
1162 1469 1260 1510 Truj.
1276 1468 1317 1499 ad
1337 1468 1445 1499 Rhen.
1464 1469 1559 1498 1713.
1593 1466 1660 1498 Cu-

193 1509 287 1552 πίῃς.
314 1511 442 1543 Snnad.
466 1512 619 1543 Mervill.
646 1512 801 1550 Francis,
816 1511 950 1544 Wakef.
968 1512 1114 1544 Wetzel.
1133 1512 1242 1544 Zenn.
1258 1511 1365 1543 Kidd.
1383 1511 1466 1549 Fen,
1482 1515 1518 1541 et
1535 1509 1660 1541 Bothe.

192 1553 310 1586 Ceteri
336 1563 454 1586 omnes
477 1557 673 1595 augum—31
707 1555 838 1587 Vitalmt
867 1555 1048 1595 Bamberg.
1075 1555 1202 1586 Vitabis
1222 1554 1456 1586 Schoenborn.
1475 1555 1507 1584 3.
1534 1552 1661 1584 Vitavit

190 1597 344 1628 nonnulli
362 1597 461 1630 codd.
477 1608 534 1640 ap.
552 1599 655 1630 Feam
671 1602 707 1630 et
722 1598 837 1629 Pulm.
858 1597 940 1629 item
964 1598 1107 1630 Venett.
1124 1600 1219 1630 1477.
1232 1599 1328 1630 1478.
1346 1598 1531 1629 hwa—32
1550 1596 1653 1628 Detu-

193 1639 432 1672 krisctiisian.
446 1643 478 1672 6.
515 1641 688 1673 Rettulerit
711 1641 990 1673 Schoent›0rn.4.
1015 1645 1044 1673 et
1070 1642 1115 1672 sic
1142 1641 1222 1672 vivit
1252 1641 1382 1672 Nestor
1410 1639 1596 1679 Dionysius
1625 1638 1660 1669 in

194 1681 421 1716 Lenem-as
445 1683 514 1716 Hic
542 1694 660 1716 versus
691 1684 725 1715 in
749 1684 829 1716 Vnt.
853 1685 950 1717 Rom.
970 1686 1004 1718 9.
1029 1684 1248 1726 postponitur
1275 1683 1532 1725 sequenti.--34
1556 1682 1658 1712 Bum-

856 1793 998 1825 NOTAE

235 1868 278 1897 29
303 1865 474 1897 Personam
489 1867 577 1904 seret
599 1877 662 1898 non
686 1868 804 1899 income.
825 1867 897 1908 θα]

193 1914 371 1946 Plutarch.
387 1915 487 1947 Orat.
507 1925 530 1947 ι.
546 1916 590 1947 de
606 1917 755 1948 Fortuna
772 1923 806 1948 et
822 1917 897 1947 Vir-

170 1971 175 1976 ·
193 1970 268 1998 tute
283 1963 469 1998 Alexandri
485 1977 494 1997 :
518 1971 528 1985 ¹
541 1966 754 2009 Aristippum
771 1967 895 1999 miran-

193 2016 273 2057 tnr,'
298 2017 420 2059 inquit,
449 2019 458 2036 ‘
477 2019 566 2060 qnod
594 2024 662 2051 tam
695 2019 753 2051 vili
792 2020 896 2061 pallio

186 2075 290 2109 onam
326 2068 465 2100 Milesia
495 2069 672 2111 chlamyde
710 2076 824 2107 utens,
860 2070 894 2102 in

188 2121 334 2160 utroque
349 2119 513 2151 tuebatur
529 2130 708 2162 personam
725 2120 844 2152 sitam)

231 2170 274 2201 30
289 2169 399 2212 Alter]
426 2170 603 2212 Diogenes
623 2171 770 2204 sordidae
787 2173 892 2204 vestis

187 2218 378 2260 plusculum
392 2226 506 2254 tenax.

232 2271 340 2304 Mileti
364 2273 499 2313 textam]
528 2274 581 2305 Ex
605 2273 735 2314 optima
759 2273 847 2312 lana,
872 2283 891 2304 e

185 2319 310 2353 Mileto
335 2322 420 2354 urbe
444 2323 565 2364 Ionia»,
581 2334 698 2356 versus
719 2324 829 2356 Cariae
853 2324 892 2355 ti-

186 2380 261 2411 nes,
275 2373 364 2414 apud
390 2373 507 2405 Asiam
533 2374 711 2412 minorem,
726 2375 804 2406 hod.
821 2375 891 2405 Me-

187 2421 290 2458 laseo,·
321 2423 379 2454 ubi
409 2425 580 2456 molliores
607 2430 790 2456 contextas
813 2425 892 2456 olim

187 2469 384 2512 chlamydes
397 2473 430 2504 in
445 2479 673 2505 matronarum
686 2474 819 2505 deliciis
834 2466 893 2505 tia-

188 2519 293 2560 bitus,
319 2522 417 2553 testis
437 2515 559 2563 Virgil.
587 2525 718 2564 Geor-g.
739 2534 796 2558 in.
819 2528 896 2557 306.

187 2570 197 2588 ⁸
211 2571 365 2612 quamvis
378 2571 516 2605 Milesia
532 2584 652 2615 magno
666 2576 806 2607 Vellera
822 2586 894 2607 nin-

189 2625 310 2653 tentur
325 2621 447 2663 Tyrios
462 2623 598 2655 incocta
610 2625 769 2657 colores?

231 2674 270 2704 31
291 2671 328 2703 Si
351 2682 412 2704 non
433 2673 594 2704 Retuleris
617 2675 768 2717 pannum]
792 2675 896 2707 Aiunt

186 2722 378 2764 Diogenem
396 2724 439 2755 ab
456 2725 635 2766 Aristippo
651 2726 831 2758 invitatum
848 2729 889 2760 ad

187 2773 351 2806 balneas:
376 2775 434 2806 ubi
461 2785 538 2807 cnm
566 2780 680 2808 essent
704 2776 780 2818 soli,
798 2777 891 2817 prior

187 2825 386 2868 Aristippus
410 2827 559 2868 exsiluit,
576 2838 615 2859 ac
642 2828 807 2870 Diogenis
826 2830 891 2860 vile

187 2877 327 2916 panium
350 2877 474 2918 induit,
491 2888 656 2921 suumque
680 2889 890 2921 purpureum

952 1867 984 1899 ei
1013 1868 1163 1910 reliquit.
1206 1868 1294 1899 Tum
1323 1875 1403 1898 vero
1432 1865 1658 1906 pertinaciter

952 1922 1112 1958 repetere
1137 1917 1310 1958 Diogenes
1333 1915 1422 1957 quod
1449 1924 1545 1945 sunm
1570 1919 1659 1953 erat,

951 1978 991 2000 ac
1016 1968 1126 1999 nudus
1152 1976 1353 1998 remanere:
1378 1975 1480 2007 quem
1509 1963 1658 2006 Aristip-

950 2028 1015 2060 pus
1036 2018 1231 2060 increpavit
1247 2021 1285 2049 ut
1301 2015 1441 2048 nimium
1461 2014 1562 2046 famae
1587 2025 1657 2047 ser-

949 2070 1113 2108 vientem,
1136 2074 1171 2100 et
1197 2077 1377 2109 perperam
1396 2066 1511 2108 algere
1528 2067 1655 2098 malen-

950 2124 1018 2151 tem
1032 2130 1131 2162 qnam
1147 2118 1302 2160 conspici
1318 2118 1351 2148 in
1369 2126 1544 2159 purpurea
1560 2123 1657 2149 veste

949 2170 1014 2202 sibi
1032 2171 1180 2202 insolita.

989 2223 1031 2252 32
1050 2220 1161 2261 Refer,
1173 2224 1203 2252 et
1218 2220 1285 2252 sine
1294 2219 1380 2251 vivat
1396 2217 1535 2261 ineptus]
1558 2219 1655 2251 Prae-

946 2272 1075 2304 clarum
1088 2273 1232 2304 schema.
1346 2306 1371 2318 Ὁ

989 2322 1135 2365 Ineptus]
1172 2322 1250 2354 Non
1269 2326 1307 2354 nt
1324 2319 1534 2363 Aristippus,
1551 2325 1654 2362 aptus

946 2378 982 2406 et
1005 2374 1192 2406 concinnus
1213 2374 1247 2404 in
1266 2380 1482 2415 quocumque
1504 2370 1653 2402 fortunae

944 2431 1040 2457 statu
1069 2430 1106 2457 et
1136 2424 1255 2456 habitu
1271 2434 1279 2455 :
1317 2432 1382 2454 nec
1410 2422 1524 2454 animo
1555 2431 1653 2464 aequo

943 2475 1058 2507 omnia
1074 2474 1276 2515 suscipiens,

988 2528 1029 2557 33
1048 2525 1110 2557 Res
1122 2534 1244 2566 gerere,
1259 2525 1330 2565 δμκ]
1351 2523 1530 2555 Hactenus
1541 2526 1653 2553 osten-

943 2576 994 2608 dit
1009 2575 1404 2615 Horatins,laudabilius
1420 2573 1525 2604 videri
1542 2577 1654 2604 secta-

943 2627 971 2658 ri
986 2627 1077 2658 viros
1093 2626 1282 2668 principes,
1298 2634 1397 2666 qnam
1418 2624 1597 2654 obscuram
1615 2627 1651 2653 et

943 2679 1079 2720 inopem
1098 2679 1201 2709 vitam
1219 2677 1357 2707 ducere.
1402 2674 1481 2706 Jam
1498 2674 1582 2706 dicit
1598 2684 1651 2704 ar·

945 2729 1048 2758 duum
1066 2737 1154 2766 esse,
1174 2736 1250 2758 cum
1280 2725 1491 2766 principibus
1508 2726 1654 2765 versari,

946 2787 1132 2818 eoi-nmque
1169 2776 1440 2807 benevolentiam
1479 2778 1649 2817 consequi.

947 2828 1095 2859 Demnm
1121 2825 1161 2858 ad
1179 2825 1211 2857 id
1230 2825 1386 2867 quaedam
1413 2826 1542 2858 monita
1558 2826 1651 2858 hand

947 2877 1141 2920 spernenda
1156 2874 1322 2918 proferet.
