1916 3262
371 296 486 341 1312

370 401 480 443 Rem
501 401 661 456 poteris
681 411 851 442 servare
871 403 1003 441 tuam.
1063 399 1199 441 Redit
1218 401 1361 450 uncia,
1382 399 1489 454 quid
1509 401 1591 442 fit‘l

369 467 406 515 ῚῘ
425 468 581 509 Semis.
639 467 675 516 ἿῘ
695 465 781 514 An,
801 466 896 506 haec
915 466 1082 506 animos
1102 477 1248 518 aerugo
1267 472 1316 508 et
1334 479 1440 508 cura
1460 465 1607 520 peculi

369 533 481 574 Cum
501 532 635 574 semel
654 529 870 578 imbuerit,
890 542 1113 583 speramus
1133 531 1321 573 earmina
1337 531 1441 584 fingi

368 598 508 639 Posse
527 595 698 638 linenda
719 594 863 643 cedro,
881 600 925 635 et
941 595 1028 637 levi
1046 595 1259 638 servanda
1278 609 1486 650 cupresso
1505 598 1524 637 ‘l

346 699 348 701 ,
367 663 459 703 Aut
479 662 685 715 prodesse
704 660 854 701 volunt
872 664 947 702 aut
965 660 1186 702 delectare
1206 660 1367 714 poetae,

367 729 460 768 Aut
481 727 611 768 simul
631 730 675 767 et
686 726 879 779 jucunda
896 731 939 768 et
955 727 1111 767 idonea
1132 726 1276 768 dicere
1295 728 1408 768 vitae.

834 311 876 347 Q.
907 307 1113 339 uoRA‘rn
1148 308 1317 341 FnAoci

1703 465 1790 508 830

367 856 469 886 Bene.-
492 855 606 886 valebis
628 859 681 886 tua
701 855 776 886 bona
799 864 984 886 conservare.
1029 854 1118 889 Quod
1143 855 1170 884 si
1192 854 1281 885 uncia
1300 856 1446 892 addatur,
1463 856 1537 896 quid
1557 856 1636 888 erit?
1678 855 1788 888 Semis-

367 896 466 935 Atqui
491 905 558 926 cum
583 897 644 927 ieta
670 897 731 926 lues
759 900 790 927 et
813 897 948 927 studium
976 896 1054 926 lucri
1084 895 1203 926 animos
1231 898 1397 936 occuparit,
1421 907 1462 927 cm
1483 901 1626 937 putamus
1651 897 1790 929 carmina

367 937 456 967 condi
480 947 566 977 posse
599 938 689 968 cedro
717 938 877 976 illinenda,
901 941 933 969 et
966 935 1144 975 fabrefacto
1168 946 1307 976 cupresso
1337 939 1549 970 custodienda?
1605 939 1712 970 1²⁰3&oe
1739 938 1788 969 vel

366 978 491 1019 cupiunt
511 980 663 1019 prodesse,
676 980 723 1010 vel
744 980 894 1010 delectare
904 989 916 1016 ;
937 978 983 1010 vel
995 978 1134 1016 jucunda
1153 978 1272 1018 pariter
1290 982 1380 1020 atqu
1400 979 1490 1011 utilia
1511 981 1612 1012 dicere
1632 981 1672 1011 ad
1691 979 1789 1010 citam

1105 1081 1140 1093 Ὀ
1145 1081 1202 1093 ΝΟ

366 1155 586 1188 isse—Pom.
609 1155 727 1187 Tricas.
779 1156 879 1187 MAG.
902 1154 980 1187 Eu!
1002 1155 1080 1187 Rem
1103 1155 1230 1195 poteris,
1256 1157 1415 1195 fisa—329
1438 1155 1516 1187 Rem
1534 1155 1649 1195 poterit
1669 1163 1791 1187 servare

367 1201 452 1228 tuam
468 1197 564 1229 Harl.
578 1199 609 1228 7.
633 1201 670 1228 ut
685 1196 791 1228 edidit
805 1197 1055 1237 Cuning.-330
1077 1197 1130 1228 Ad
1150 1197 1215 1228 haec
1231 1197 1365 1237 plurimi
1379 1196 1477 1228 codd.
1492 1206 1546 1237 ap.
1560 1197 1674 1234 Feem,
1694 1196 1790 1228 Harl.

370 1240 400 1268 1.
411 1240 442 1268 2.
459 1241 489 1270 ³.
505 1242 536 1270 4.
551 1241 583 1270 6.
599 1241 630 1270 7.
649 1238 876 1270 Schoenborn.
892 1241 923 1270 l.
937 1241 971 1271 4.
994 1239 1051 1271 alii
1065 1237 1166 1270 codd.
1181 1248 1237 1279 ap.
1251 1238 1382 1270 Talbot.
1424 1237 1471 1269 At
1485 1237 1550 1270 hoec
1565 1237 1642 1270 Vat.
1659 1240 1709 1271 lo.
1724 1237 1792 1268 duo

367 1279 466 1310 codd.
483 1279 624 1320 Cruquii
638 1289 658 1311 a
672 1289 716 1312 m.
732 1289 800 1312 sec.
816 1285 852 1311 et
866 1280 959 1311 Sorb.
973 1285 1027 1320 up.
1044 1279 1174 1312 Valart.
1197 1281 1245 1311 ita
1260 1280 1360 1311 etiam
1386 1280 1499 1311 Lamb.
1514 1281 1640 1314 Docet.
1654 1277 1792 1313 Wakef-

367 1321 449 1358 Fea,
465 1326 500 1352 et
516 1321 637 1354 Bothe.
681 1321 733 1352 An
756 1322 821 1352 hoec
845 1322 956 1352 Bentl.
971 1331 1012 1352 ex
1041 1322 1147 1353 tribus
1169 1321 1267 1352 codd.
1284 1321 1427 1355 Blandd.
1450 1325 1486 1353 et
1506 1331 1547 1354 ex
1571 1322 1658 1363 conj.
1672 1319 1794 1357 Achill.

366 1362 489 1399 Statii;
510 1366 692 1403 sequuntur
705 1363 808 1393 Baxt.
823 1362 915 1402 Trnj.
933 1362 974 1392 ad
992 1363 1098 1393 Rlien.
1111 1364 1206 1394 1⁷13.
1229 1363 1352 1395 Sanad.
1368 1363 1516 1395 Mervill.
1532 1362 1679 1403 Sandby,
1701 1361 1793 1396 Phil.

368 1403 508 1442 Dorigh.
523 1403 627 1435 Gesn.
641 1403 779 1443 Bipont.
796 1402 903 1434 Zeun.
924 1402 1039 1433 Comb.
1060 1403 1164 1433 Kidd.
1188 1402 1312 1440 Jaeck,
1328 1408 1363 1433 et
1380 1403 1534 1443 Doering.
1574 1405 1620 1437 Et
1641 1405 1706 1436 haec
1727 1403 1792 1435 Cu·

368 1444 460 1483 ning.
477 1454 520 1475 ex
534 1445 782 1482 ingenim—331
806 1444 981 1475 Tredecim
997 1443 1096 1475 codd.
1116 1444 1202 1480 Fene,
1229 1447 1296 1474 tres
1312 1443 1423 1474 Pulm.
1447 1453 1506 1475 sex
1526 1444 1640 1477 Bentl.
1653 1452 1711 1475 sex
1723 1443 1793 1474 Vn·

370 1485 446 1516 lai-t.
461 1486 538 1517 Vet.
554 1486 670 1517 Comb.
685 1485 828 1525 Cuning.
844 1485 967 1517 Sanad.
989 1485 1136 1517 Mei-vill.
1161 1484 1250 1515 Phil.
1275 1489 1312 1515 et
1334 1484 1462 1516 valart.
1474 1494 1491 1516 ε
1589 1493 1635 1517 us.
1680 1483 1795 1516 Ceteri

369 1526 468 1558 c‘odd.
486 1527 580 1565 Feae,
595 1527 651 1558 alii
663 1537 718 1567 ap.
733 1527 847 1558 Bentl.
864 1531 900 1558 et
914 1526 1046 1558 Valnrt.
1063 1535 1176 1557 omnes
1191 1525 1288 1556 Harl.
1305 1526 1421 1558 Zarot.
1436 1530 1471 1556 et
1485 1526 1562 1557 edd.
1578 1526 1682 1566 antiq.
1693 1524 1793 1557 Aldd.

368 1567 464 1600 Junt.
483 1572 519 1599 et
541 1568 619 1599 iude
636 1574 762 1600 ceterae
777 1578 906 1605 omnes,
919 1577 1099 1607 sperantes,-
1120 1572 1155 1599 et
1171 1567 1218 1597 sic
1235 1567 1320 1606 legit
1345 1567 1425 1598 Nic.
1438 1567 1598 1599 Heinsius
1622 1567 1663 1597 nd
1690 1565 1795 1598 Ovid.

368 1609 470 1640 Trist.
487 1618 512 1640 1.
527 1613 557 1641 1.
571 1612 710 1641 5.—3:32
734 1610 828 1641 Posse
843 1610 975 1640 limenda
993 1609 1122 1640 Heller.
1158 1617 1301 1648 cupressu
1317 1608 1398 1640 Vat.
1413 1611 1446 1640 2.
1460 1609 1538 1640 Vat.
1553 1609 1649 1641 Rom.
1660 1611 1692 1640 7.
1715 1607 1793 1638 cui-

369 1650 452 1681 sian.
468 1653 501 1681 6.
525 1660 544 1681 a
557 1661 600 1682 m.
617 1660 685 1682 sec.
700 1650 857 1683 vallicel.
874 1653 905 1682 1.
921 1655 957 1683 et
972 1650 1038 1682 duo
1051 1650 1162 1681 Pulm.
1178 1659 1253 1681 cum
1269 1649 1346 1681 edd.
1358 1651 1500 1691 Cuning.
1511 1650 1632 1684 Sannd.
1649 1648 1794 1680 Mervill·

1013 1741 1159 1775 NOTAE

370 1820 404 1847 ta
431 1824 510 1856 pars
535 1815 631 1846 assis.
668 1815 678 1833 ‘
694 1814 895 1854 Quadrans,’
917 1819 986 1847 tres
999 1824 1058 1846 un-

370 1866 453 1903 ciae3
477 1865 564 1906 quod
579 1865 624 1896 sit
640 1869 758 1906 quarta
774 1874 863 1905 pars.
894 1869 902 1882 ‘
919 1863 1060 1899 Triens‚’

369 1919 515 1956 quatuor
539 1914 660 1954 unciae,
682 1913 784 1945 tertia
807 1923 895 1954 pars.
930 1917 939 1931 ‘
955 1914 1060 1945 Quin-

369 1962 481 2002 cunx‚’
495 1965 642 2004 quinque
662 1963 782 1995 unciae.
817 1963 828 1980 ‘
845 1962 974 2003 Semis,’
999 1972 1058 1993 sex

369 2012 491 2050 unciae,
519 2012 589 2042 sive
619 2011 790 2042 dimidium
819 2011 912 2042 assis.
949 2012 1058 2051 ‘Sep-

370 2061 479 2100 tunx‚’
506 2066 636 2101 septem
666 2061 787 2091 unciae.
841 2062 850 2078 ‘
868 2059 955 2091 Bes'
979 2060 1057 2091 olim

369 2111 379 2128 ‘
400 2108 496 2148 Des‚’
521 2110 614 2150 quasi
639 2109 752 2140 demto
776 2109 911 2148 triente,
935 2108 970 2139 id
992 2115 1056 2146 est,

370 2157 493 2190 demtis
512 2161 655 2198 quatuor
676 2156 781 2187 unciis
804 2155 845 2186 de
869 2164 956 2193 asse,
977 2160 1054 2187 octo

371 2206 523 2238 continet
543 2206 667 2237 uncias.
704 2209 712 2222 ·
728 2203 912 2243 Dodrans,‘
935 2212 1055 2237 novem

370 2257 494 2296 unciae,
519 2255 608 2298 quod
633 2255 780 2286 demtum
811 2255 855 2286 sit
878 2254 1056 2295 quadrans.

372 2306 382 2323 ‘
399 2304 594 2344 Dexti·aus‚’
622 2304 710 2346 quod
734 2303 882 2335 demtum
908 2304 952 2334 sit
981 2313 1057 2335 sex-

372 2365 460 2391 tans.
497 2359 508 2376 ‘
522 2356 666 2397 Deunx‚’
682 2355 771 2397 quod
786 2363 851 2386 una
863 2354 950 2386 desit
965 2354 1060 2387 uncie

374 2406 416 2438 ad
433 2415 552 2438 assem.

414 2457 478 2486 828
501 2452 624 2485 Poteris
645 2450 776 2491 dixisse]
801 2451 981 2492 Instigatio
995 2455 1059 2492 est,

373 2515 441 2546 qua
466 2504 674 2544 interrogans
695 2505 792 2542 urget
818 2501 932 2534 Albini
955 2501 1059 2533 filium

374 2559 413 2585 ut
428 2552 646 2593 respondeat,
662 2551 780 2582 Trieres.

417 2603 484 2644 Eu]
508 2602 721 2643 Approbstio
743 2605 794 2632 ent
809 2600 907 2632 bonae
923 2609 1060 2641 respon-

375 2652 476 2684 sionis
503 2651 610 2692 pueri.
641 2649 696 2682 Al.
720 2650 805 2690 heus,
831 2651 884 2683 vel
909 2651 989 2691 Item,
1005 2652 1059 2691 &⁶-

376 2701 433 2731 sed
448 2701 556 2731 minus
571 2700 670 2732 bene.

419 2751 481 2779 330
503 2748 637 2789 AErugo]
659 2749 746 2782 AEris
760 2750 873 2781 vitium
888 2753 949 2781 est.
985 2750 1061 2780 Me-

378 2798 509 2838 tnplior.
526 2808 586 2838 pro
601 2800 740 2832 avaritia
758 2804 794 2832 et
814 2809 914 2842 opum
931 2800 1062 2840 cupidi-

1111 1820 1181 1846 tate
1196 1825 1204 1854 3
1228 1825 1292 1855 qua
1309 1815 1396 1846 bona
1415 1814 1545 1847 indoles
1561 1815 1795 1856 corrumpitur,

1110 1868 1148 1897 ut
1163 1865 1295 1895 metalia
1310 1864 1472 1903 rubigine.

1151 1916 1213 1945 382
1237 1913 1502 1954 fluenda-cedro]
1525 1913 1640 1954 Digna
1662 1914 1796 1946 immor-

1111 1962 1254 2002 talitate,
1269 1971 1343 2003 quae
1359 1961 1568 2002 significatur
1583 1971 1644 2003 per
1658 1963 1795 1994 cedrum

1111 2013 1245 2044 minime
1279 2017 1540 2053 putrescentem.
1597 2013 1690 2044 Hinc
1717 2012 1796 2043 olim

1110 2061 1231 2092 eximia
1255 2061 1380 2100 scripta.
1401 2059 1539 2091 cedrino
1553 2060 1628 2091 oleo
1643 2060 1795 2091 lineban-

1108 2113 1176 2148 tur,
1192 2118 1233 2140 ue
1254 2109 1366 2139 blattis
1382 2109 1435 2140 vel
1450 2109 1523 2149 ipsa
1537 2111 1706 2140 vetustate
1721 2118 1796 2139 cor·

1109 2167 1184 2190 rosa
1214 2157 1434 2197 absumtaque
1470 2157 1661 2190 interii-ent.
1703 2157 1795 2188 Plin.

1108 2215 1184 2238 xvi.
1199 2208 1250 2237 39.
1274 2206 1284 2224 ‘
1302 2206 1402 2237 Cedri
1418 2206 1492 2237 oleo
1509 2211 1674 2246 peruncta
1689 2211 1794 2238 mate-

1109 2255 1174 2286 ries
1188 2264 1250 2286 nec
1268 2254 1391 2286 tineam
1407 2264 1470 2286 nee
1485 2255 1608 2287 cariem
1623 2254 1754 2287 sentit?

1153 2306 1229 2338 Levi
1242 2307 1394 2347 cupresso]
1410 2306 1611 2347 Cyon-essina
1618 2315 1795 2347 παρερ-

1112 2368 1160 2395 sa,
1176 2358 1308 2390 scrinio.
1320 2358 1330 2375 ‘
1342 2357 1530 2397 Cypressus
1546 2357 1670 2388 catiem
1689 2361 1724 2388 et
1738 2365 1796 2388 ve-

1113 2411 1272 2438 tustatem
1287 2415 1353 2437 non
1369 2403 1498 2436 sentit.’
1538 2405 1639 2444 Item,
1655 2406 1666 2424 ‘
1681 2405 1797 2436 adver·

1112 2465 1167 2487 sus
1202 2457 1326 2487 cariem
1370 2455 1543 2496 tinensque
1586 2454 1796 2487 firmissima!

1111 2505 1201 2536 Plin.
1215 2513 1290 2536 xvt.
1306 2507 1357 2536 40.
1373 2509 1408 2536 et
1422 2507 1474 2536 42.

1154 2556 1216 2585 333
1239 2555 1306 2585 Aut
1326 2554 1467 2594 prodesse
1488 2554 1604 2594 volunt,
1617 2552 1686 2594 ξω]
1709 2553 1792 2584 Duoe

1112 2609 1190 2635 sunt
1203 2604 1252 2635 hae
1268 2602 1406 2643 poeseos
1422 2603 1576 2642 virtutes,
1587 2601 1730 2634 docendi
1745 2605 1795 2632 at-

1112 2662 1178 2694 que
1192 2652 1400 2684 delectandiz
1425 2651 1468 2683 de
1485 2651 1602 2692 quibus
1625 2651 1794 2693 precept·

1113 2702 1169 2733 dat
1202 2701 1364 2733 Horatius
1392 2701 1456 2733 ista
1483 2700 1558 2732 duo.
1601 2701 1650 2732 Ut
1668 2698 1792 2730 decen

1115 2751 1256 2791 utiliter,
1281 2755 1353 2782 esto
1380 2749 1503 2782 brevis.
1555 2749 1603 2781 Ut
1631 2747 1797 2785 delentes,

1113 2799 1202 2841 finge
1219 2800 1286 2832 veri
1301 2799 1429 2831 similia.
