1916 3262
485 297 691 331 noRA‘mr
727 297 1000 328 CARMINUM
1036 299 1132 331 mu.
1164 298 1194 330 1.
1223 290 1293 331 27.

159 395 354 436 discrepat?
377 395 411 427 id
433 398 500 430 est.
514 393 636 425 mirum
652 391 687 424 in
710 390 859 429 modum,

159 452 196 477 et
210 455 436 486 summopere.
479 443 619 475 Immune
643 441 699 472 hie
720 441 859 481 ponitur

162 507 224 538 pro
241 507 375 539 magno.

203 551 223 580 7
245 548 356 580 Iaenite
370 545 546 586 clamorem]
569 544 787 585 compescite
803 552 859 575 vo·

159 597 392 630 cisen-ationem
405 602 441 629 et
459 596 650 629 tumultum.

203 651 224 680 8
249 648 362 679 Cubile
397 649 552 679 remanete
586 643 708 685 presso]
746 643 857 675 Recte

162 698 344 730 Lambinus
367 707 409 729 ex
425 698 489 728 hoc
511 697 589 727 loco
610 694 724 735 colligi
741 694 858 725 existi-

159 753 231 781 mat
258 757 324 789 quo
343 747 496 788 corporis
517 745 636 777 liabitu
663 749 767 786 atque
790 744 859 775 situ

162 803 295 830 veteres
314 797 406 837 olim,
426 802 496 828 tum
513 795 631 828 Graeci
648 800 719 827 tum
735 794 860 826 Roma-

159 847 206 886 ni,
218 856 352 879 coenare
364 847 433 878 sint
446 846 535 878 soliti
549 857 558 878 :
577 845 624 877 ita
636 854 759 886 nempe
771 854 860 876 com-

161 896 277 936 positi,
290 901 340 937 nt,
361 897 476 938 eapite
499 896 622 928 leviter
646 900 775 935 erecto,
791 894 861 926 suf·

159 945 246 978 fulto
275 947 396 987 plumis
421 947 536 984 dorso,
560 946 724 979 reclinata
750 946 783 977 in
806 947 862 977 lae-

160 1005 238 1028 vum
269 996 423 1029 cubitum
463 997 613 1036 cervice,
645 995 754 1028 infera
781 1005 862 1028 vero

161 1052 260 1088 parte
275 1047 308 1078 in
324 1048 461 1089 longum
478 1052 650 1089 porrecta,
666 1057 730 1078 nec
741 1047 861 1087 jacere

160 1096 229 1129 dici
246 1103 396 1138 possent,
410 1107 473 1130 nec
485 1097 619 1138 sedere,
642 1097 702 1128 sed
715 1097 862 1128 medium

163 1147 259 1186 quid,
295 1148 386 1189 quod
426 1148 566 1189 proprie
601 1152 610 1166 ⁸
635 1147 864 1180 accumbere!

165 1196 306 1228 Torreat.
353 1197 465 1228 Cubita
488 1198 656 1238 remanete]
681 1198 734 1229 Ne
757 1197 863 1228 insur-

164 1245 235 1285 gite
256 1245 298 1276 ad
316 1256 476 1287 pugnam,
498 1246 558 1277 sed
581 1246 783 1278 discumbite
806 1256 862 1278 cu-

163 1293 235 1326 bito
251 1295 447 1334 innitentes,
462 1299 615 1326 veterum
636 1295 863 1327 Romanorum

163 1353 269 1376 more.
291 1345 348 1386 [In
358 1345 460 1376 cubito
470 1349 624 1376 remanete
631 1345 863 1377 Schoenboru.

164 1393 214 1434 2.]

205 1443 357 1479 97111113
382 1443 494 1483 severi,
520 1442 591 1484 ξω]
626 1443 662 1475 81
694 1443 795 1475 vultis
823 1449 865 1476 ut

162 1492 354 1525 convivium
378 1492 552 1524 vobiscum
568 1493 739 1525 celebrem
763 1495 864 1526 omis-

162 1543 208 1574 sis
231 1543 329 1582 rixis,
342 1552 533 1574 sermonem
550 1542 594 1575 de
618 1543 718 1575 rebus
744 1543 864 1576 facetis

163 1599 198 1624 et
214 1592 348 1624 festivis
365 1592 453 1624 iuter
475 1602 535 1624 nos
556 1593 740 1624 habeamus
763 1604 863 1637 opor-

162 1649 226 1675 tet.
258 1643 365 1683 Figat.
411 1643 520 1675 Severi
545 1654 592 1675 me
615 1643 746 1684 quoque]
782 1644 864 1676 Vini

163 1693 291 1726 austeri
306 1698 342 1726 et
358 1693 495 1726 acrioris
511 1694 654 1734 saporis,
666 1694 709 1725 ob
725 1694 864 1727 nimiam

163 1748 380 1775 vetustatem.

207 1795 249 1825 10
272 1793 371 1825 Dicat
384 1793 550 1834 Opuntioe]
574 1793 652 1824 Non
668 1793 735 1824 alia
751 1793 865 1824 bibam

165 1843 360 1875 conditione
381 1843 444 1874 nisi
466 1842 573 1873 frater
595 1842 747 1882 Megillae
763 1842 867 1882 (unus

166 1902 186 1924 e
202 1891 370 1934 convivis)
384 1892 477 1924 dicat
495 1902 561 1934 quo
584 1893 736 1930 vulnere,
754 1892 787 1924 id
802 1898 867 1930 est,

168 1943 263 1984 cujus
290 1943 415 1983 puellae
444 1951 571 1982 amore,
590 1942 635 1973 sit
659 1943 805 1982 saucius,
832 1947 868 1974 et

167 2003 234 2034 qua
248 1993 376 2034 sagitta
398 1992 576 2034 Cupidinis
598 1996 726 2034 pereat,
748 1993 782 2023 id
803 1998 869 2033 est,

169 2053 268 2085 quam
284 2047 376 2074 amet
390 2042 551 2083 puellam.

211 2095 249 2125 ll
279 2093 434 2133 Megilloe,
471 2103 528 2133 quo
564 2092 686 2133 beatus]
723 2093 868 2133 Megilla

165 2143 261 2177 dicta
275 2149 329 2176 est
345 2143 513 2185 Opuntia,
529 2144 573 2175 ab
591 2143 733 2185 Opunte
752 2145 868 2176 Locri-

167 2194 220 2226 dis
245 2193 341 2233 urbe,
368 2194 426 2226 ubi
454 2199 537 2226 nata
560 2200 625 2228 est.
671 2195 739 2231 Quo
761 2195 868 2227 beatus

173 2245 322 2286 Vulnere]
346 2245 452 2285 Cujus
478 2245 603 2286 puellae
630 2255 745 2277 amore
770 2245 867 2278 felix.

167 2295 307 2328 Occulti
343 2295 434 2327 enim
464 2295 587 2327 amoris
616 2295 724 2327 minor
760 2293 868 2328 multo

169 2345 326 2385 voluptas
351 2349 430 2383 est;
453 2349 491 2376 ut
507 2346 594 2376 enim
618 2344 736 2376 Graeci
759 2346 868 2383 aiunt,

169 2393 302 2426 κάλλιον
314 2394 354 2425 τὸ
367 2392 504 2435 φανερῶς
518 2394 576 2436 ἐρᾷ
577 2406 594 2425 ν
606 2395 663 2426 τοῦ
678 2393 789 2435 λάθρα,
806 2395 868 2427 So-

172 2444 244 2475 lere
266 2449 380 2475 autem
396 2449 528 2476 veteres
552 2437 598 2475 iuv
613 2445 776 2476 conviviis
800 2455 870 2477 sor·

174 2494 320 2534 tiri,quo
336 2494 479 2535 quisque
490 2494 606 2525 ordine
618 2499 676 2525 aut
689 2495 763 2526 loco
780 2505 872 2527 amo·

174 2555 227 2577 res
249 2554 327 2578 suos
353 2549 573 2585 proponeret,
591 2543 690 2576 locns'
707 2546 763 2576 ille
787 2547 873 2578 Pro-

175 2598 263 2635 pert.
279 2594 301 2625 l.
320 2603 372 2625 ιν.
386 2593 617 2625 demonstrat:
641 2599 650 2614 ¹
665 2594 717 2626 Sit
740 2605 812 2626 sors
836 2601 872 2627 et

175 2645 275 2676 nobis
290 2644 435 2675 talorum
448 2644 635 2684 interprete
643 2644 742 2684 jactu
762 2645 871 2687 Quem

177 2694 336 2735 gravibus
359 2694 478 2735 pennis
507 2699 660 2734 torqueat
690 2694 747 2725 ille
767 2695 873 2734 puer!

177 2745 219 2778 ld
247 2754 329 2785 ergo
353 2744 498 2776 Flaccus
521 2749 651 2783 noster,
676 2749 714 2775 ut
741 2745 873 2777 sodales

178 2805 199 2826 a
221 2794 295 2826 rixa
319 2794 362 2826 ad
387 2794 540 2826 laetitiam
564 2799 752 2831 convertat,
774 2800 874 2827 extra

178 2850 302 2879 sortem
327 2855 345 2876 a
370 2845 476 2877 sodali
500 2855 560 2877 suo
584 2844 656 2876 fieri
673 2850 782 2886 optat,
797 2855 874 2886 gra-

1498 293 1514 331 l
1523 291 1609 334 379

910 391 992 422 tiam
1009 391 1082 433 ipse
1099 391 1247 424 bibendo
1262 392 1441 423 relaturus.
1474 391 1610 435 Beatus]

909 442 1088 475 Quomodo
1117 442 1237 474 beatus
1267 444 1325 484 qni
1360 443 1471 483 perit?
1519 444 1611 476 Lene

909 493 998 524 enim
1023 493 1147 524 amoris
1173 498 1393 528 tormentum,
1409 501 1476 534 qno
1498 501 1611 524 aman-

910 549 962 574 tes
981 543 1135 575 videntes
1152 543 1370 583 scientesque
1388 547 1555 584 pereunt:
1574 548 1612 574 ut

912 593 1040 625 Tibull.
1057 593 1177 626 lib.1v.
1198 594 1208 610 ‘
1222 593 1311 624 Uror
1325 602 1390 634 ego
1406 598 1486 624 ante
1506 593 1612 630 alias;

907 645 1008 686 juvat
1030 645 1107 683 hoc,
1134 643 1331 683 Cherintlie,
1355 643 1444 685 quod
1470 653 1560 682 uror,
1575 644 1612 675 Si

911 695 974 727 tibi
1005 695 1048 726 de
1077 694 1173 726 nobis
1203 701 1341 725 mutuus
1370 694 1457 735 ignis
1489 694 1613 726 adest.’

914 746 1058 778 Torrent-
1104 746 1231 776 Amans
1257 755 1351 786 ergo,
1372 755 1412 776 eo
1439 745 1528 786 quod
1555 755 1613 785 po-

911 795 1027 836 tiatur,
1055 795 1172 826 beatus
1189 794 1258 825 dici
1283 800 1415 835 potest:
1440 794 1529 835 quod
1545 804 1614 826 ser-

912 846 982 877 viat
1008 849 1135 884 autem,
1156 849 1192 876 et
1210 845 1300 886 quod
1326 855 1461 886 semper
1487 845 1613 877 sollici-

914 901 968 927 tus
983 895 1040 934 sit,
1053 896 1156 926 miser
1172 900 1239 926 est.
1255 895 1399 926 Lambin-

955 948 996 976 13
1022 946 1133 977 Cessat
1153 944 1310 985 voluntas]
1343 945 1446 976 Multi
1474 944 1612 976 codices

912 996 1040 1028 babent
1081 997 1240 1037 Voluptas.
1297 995 1408 1027 Cessat
1447 995 1613 1036 Voluntas]

914 1046 1029 1087 Negas
1054 1046 1214 1087 puellam,
1243 1055 1345 1087 quam
1374 1055 1479 1083 amas,
1509 1046 1616 1078 nomi-

912 1097 1017 1128 nare?

958 1151 997 1180 14
1021 1147 1180 1188 Mercede]
1205 1146 1310 1178 Nullo
1335 1146 1400 1178 alio
1425 1146 1538 1187 pretio
1555 1145 1613 1176 ad-

913 1198 1021 1230 ducar
1037 1198 1078 1229 ad
1104 1197 1298 1228 bibendum.
1345 1197 1425 1232 Quoe
1446 1199 1478 1227 te
1498 1205 1615 1236 cunque

912 1249 1016 1280 domat
1036 1248 1153 1288 Venus]
1177 1248 1400 1288 Quaecunque
1418 1245 1532 1276 Venus
1557 1250 1617 1276 aut

915 1298 1023 1329 amica
1036 1298 1099 1329 sub
1115 1307 1210 1329 suum
1229 1304 1262 1327 te
1277 1297 1399 1338 jugum
1416 1296 1534 1336 mittit,
1549 1305 1615 1326 non

915 1353 966 1379 est
993 1357 1054 1378 cur
1083 1347 1212 1387 pudeat
1243 1347 1449 1387 poeniteatve
1474 1351 1508 1376 te
1541 1354 1615 1375 eam

914 1406 1040 1435 amare,
1053 1396 1131 1436 quia
1145 1396 1270 1427 liberta
1283 1399 1349 1435 est,
1365 1399 1400 1426 et
1415 1395 1574 1434 ingenua.

959 1448 1000 1477 16
1022 1444 1170 1485 Ignibus]
1193 1444 1375 1476 Amoribus
1393 1453 1458 1475 non
1482 1443 1614 1484 ignobi-

915 1496 1015 1528 libus.
1059 1496 1199 1535 Ingenuo
1220 1495 1340 1536 amore]
1364 1494 1536 1533 Ingenuum
1559 1503 1617 1523 vo·

916 1551 972 1578 cat
994 1556 1139 1585 ‹arnor-em,
1165 1546 1222 1586 qui
1250 1545 1505 1576 adolescentem
1528 1543 1616 1574 bene

916 1601 1033 1627 natum
1072 1595 1186 1626 decet.
1245 1595 1445 1634 Ingenuoque
1482 1592 1616 1633 semper]

915 1646 1117 1687 Ingenuam,
1138 1655 1203 1676 non
1226 1645 1384 1676 servilem
1402 1649 1462 1675 aut
1487 1652 1617 1674 merce-

915 1697 1043 1727 nariam
1059 1705 1195 1736 semper
1209 1705 1335 1726 amans.

961 1749 1000 1777 17
1020 1745 1175 1785 Quicquid
1183 1745 1286 1779 habes,
1297 1743 1372 1784 age]
1395 1744 1617 1783 Quaecunque

917 1804 959 1826 ea
969 1795 1012 1825 sit
1024 1803 1124 1835 quam
1139 1803 1243 1833 amas,
1255 1803 1332 1834 age,
1344 1793 1400 1824 dic
1415 1793 1493 1824 milii
1511 1793 1543 1822 111
1561 1801 1618 1822 au·

919 1853 988 1874 rem
1004 1852 1070 1874 non
1088 1843 1280 1882 vulgaturo.

963 1895 1003 1924 18
1028 1892 1168 1933 Depone]
1191 1892 1252 1923 Est
1283 1892 1371 1923 enim
1395 1893 1404 1909 ⁸
1420 1891 1618 1933 deponere:

919 1942 1011 1973 fideli
1034 1942 1201 1973 custodiae
1226 1942 1376 1974 tradere.
1422 1942 1521 1974 Unde
1537 1942 1619 1974 ‘de-

921 1991 1087 2032 positum’
1116 2002 1177 2033 pro
1208 1997 1387 2023 contractu
1423 1992 1498 2032 ipso
1529 1992 1620 2032 apud

918 2042 1202 2083 Jurisconsultos,
1226 2043 1283 2083 qni
1311 2043 1363 2073 vel
1386 2043 1538 2083 inprimis
1563 2043 1620 2074 bo-

920 2101 997 2124 nam
1013 2091 1115 2124 fidem
1139 2092 1325 2124 desiderat.
1350 2093 1494 2124 Turrem.
1532 2093 1622 2124 Tutin

918 2142 1061 2183 auribus]
1086 2142 1232 2174 Auribus
1257 2142 1413 2174 fidelibus
1434 2148 1470 2175 et
1497 2144 1621 2174 clausis

918 2193 960 2224 ad
986 2203 1056 2225 rem
1079 2192 1245 2224 creditam
1272 2193 1522 2225 continendam.
1568 2194 1622 2224 Ah

916 2243 1025 2284 miser]
1047 2243 1213 2275 Horatius
1223 2243 1340 2274 audito
1354 2244 1474 2284 puellae
1486 2243 1622 2275 nomine

919 2295 1102 2326 exclamat.

963 2348 1005 2377 19
1048 2345 1176 2381 Quanta
1210 2345 1332 2377 laboras
1373 2345 1408 2376 in
1447 2344 1622 2386 Charybdi]

921 2396 1059 2429 Quanto
1082 2396 1116 2426 in
1141 2396 1294 2436 periculo
1320 2395 1482 2426 versaris!
1511 2396 1622 2427 Quam

920 2455 1060 2485 saevam,
1077 2455 1250 2486 rapacem,
1264 2450 1301 2477 et
1315 2454 1450 2476 avaram
1467 2444 1623 2476 meretri-

922 2504 994 2527 cem
1018 2495 1179 2537 (propter
1203 2496 1425 2527 voracitatem
1450 2493 1622 2534 Charybdi

923 2544 1084 2586 similem)
1106 2552 1227 2576 nactus
1249 2547 1302 2577 es!
1340 2545 1478 2576 Laboras
1492 2545 1526 2574 in
1544 2544 1624 2574 Cha-

923 2594 1029 2636 rybdi]
1054 2595 1182 2626 Omnes
1209 2595 1287 2625 libri
1309 2595 1396 2626 Mas.
1422 2594 1549 2628 Quanta
1577 2594 1622 2623 Iu-

924 2645 1051 2676 barabas
1073 2644 1232 2684 Charybdi
1256 2644 1383 2683 legunt,
1406 2642 1625 2683 quemadmo-

925 2696 1004 2727 dum
1020 2700 1056 2727 et
1070 2695 1291 2734 interpretem
1325 2692 1505 2734 Significat
1521 2693 1623 2733 enim,

924 2745 1064 2776 detecto
1090 2744 1163 2784 jam
1195 2742 1314 2774 morbo
1347 2752 1387 2774 ac
1412 2743 1552 2783 querela
1590 2744 1622 2773 111

924 2795 1023 2826 amici
1055 2794 1164 2825 sinum
1194 2793 1363 2835 deposita,
1390 2794 1497 2824 minus
1524 2804 1622 2834 quam

925 2851 1004 2876 ante
1036 2844 1222 2885 pericnlum
1253 2853 1350 2875 esse:
1375 2854 1474 2885 quam
1505 2845 1623 2877 lectio-
