1904 3216
467 306 676 338 HORATu
708 305 986 337 sannionum
1021 305 1113 336 ma.
1144 306 1195 336 ιι.
1224 294 1268 336 3.

146 403 232 436 oera’
248 402 480 444 antiquissimo
496 401 588 434 urbis
605 400 693 432 illius
706 399 838 430 nomine

146 453 234 486 dixit
245 453 427 492 Virgilius:
451 451 511 483 sed
527 455 638 483 tamen
654 450 744 480 inter
759 458 837 480 auc·

146 509 238 537 tores
267 507 414 541 constat,
443 502 590 543 Cyprum
615 500 691 531 aeris
721 499 838 529 inven-

145 554 240 585 tione
269 561 309 583 ιο
339 552 449 591 gloria
475 549 698 588 excelluisse3
735 554 838 589 atque

146 602 158 620 ‘
170 602 247 634 aeris
263 601 429 634 Corinthii
440 599 450 612 '
477 599 599 631 famam
614 607 680 629 non
695 598 760 628 nisi
780 597 839 630 de·

143 652 216 684 leta
244 661 264 683 a
295 651 453 682 Romanis
482 647 644 681 Corintho
671 647 836 679 celebrari

144 701 308 742 coepisse:
335 704 465 732 tantum
493 699 591 730 abest
617 702 657 729 ut
678 697 720 729 ad
738 698 837 738 'Sisy-

143 750 246 791 phum
279 751 436 782 mixturae
472 748 548 780 neris
583 746 657 787 ejus
693 747 837 779 scientia

144 799 326 832 referatur.
368 798 468 832 Quod
480 806 564 837 ergo
587 801 597 815 ¹
609 796 782 837 Sisyphii‚'
799 801 836 828 ut

142 849 193 881 ita
221 849 343 884 dicam,
371 848 448 879 aeris
475 848 529 879 liic
558 845 597 878 fit
625 846 763 886 mentio,
792 846 835 878 ad

142 899 295 930 ultimam
309 897 555 939 antiquitatem
578 898 691 937 potius
715 897 837 928 retule-

141 948 228 980 rim:
253 947 332 980 inde
346 947 433 978 enim
449 946 552 987 pretii
566 945 761 986 magnitudo
775 956 783 976 :
801 951 836 977 et

141 996 220 1029 binc
233 997 335 1028 usam
350 1001 468 1036 captat
484 995 659 1027 Horatius.
695 995 835 1027 Tor-rene.

143 1046 298 1087 Sisyphus
324 1045 400 1085 cre]
442 1046 602 1087 Sisyphus
636 1045 720 1077 AEoli
747 1045 835 1077 tilius

143 1095 298 1128 Corinthi
313 1104 385 1127 rex.
430 1094 617 1135 [Quasaber
630 1095 709 1127 Vat.
724 1095 834 1127 Palat.

143 1147 176 1176 6.
187 1155 206 1177 a
222 1155 266 1176 m.
281 1154 332 1186 pr.
348 1148 384 1177 et
392 1145 542 1177 Chisian.
554 1145 601 1186 1.]

183 1197 227 1226 28
244 1194 331 1231 Quid
340 1193 506 1235 sculptum]
520 1194 645 1227 Nescio
661 1205 722 1227 cur
736 1196 835 1235 scalp-

142 1247 208 1275 tum
240 1244 405 1276 Lambino
435 1244 658 1285 displicuerit.
714 1245 835 1275 Similis

141 1293 235 1324 locus
261 1302 302 1325 ιι.
326 1293 394 1326 Od.
419 1296 471 1325 ll.
494 1293 702 1325 ‘Memorem
725 1293 835 1333 sepul-

142 1342 226 1372 chro
261 1342 386 1384 Scalpe
417 1342 613 1384 querelam?
659 1342 714 1374 Ibi
745 1342 834 1374 vide.

143 1391 285 1423 Tomnt.
328 1392 468 1431 Insubre]
500 1393 613 1423 Minus
638 1391 834 1423 artificiose.

144 1440 229 1476 Quid
249 1441 359 1480 fusum
381 1441 504 1481 durius]
526 1441 615 1474 Quid
639 1441 746 1472 minus
769 1442 836 1472 ele·

139 1492 261 1530 gauter
282 1494 374 1522 esset
398 1489 593 1522 conflatum.
637 1490 752 1522 Fusum
777 1492 833 1521 du-

138 1539 219 1579 rins]
243 1539 361 1571 Mollia
389 1539 478 1571 enim
505 1540 610 1580 magis
639 1541 834 1580 laudantur,

138 1591 177 1618 ut
191 1596 267 1632 quq
283 1589 388 1627 magis
403 1588 543 1619 Iconiea
557 1598 597 1619 ac
611 1589 730 1620 nativa
743 1589 830 1622 sint:

137 1636 226 1668 hiue-
249 1636 438 1677 Virgilius:
475 1638 486 1655 ⁴
501 1637 675 1678 Spirantia
701 1638 832 1670 mollius

139 1685 231 1718 aera?
254 1685 287 1717 Τ
283 1689 400 1716 arr-ent.

181 1737 222 1766 23
248 1735 391 1766 Callidus
403 1734 486 1770 huic,
500 1734 571 1774 ξω]
595 1734 671 1765 Hoc
684 1739 748 1773 est,
759 1740 833 1765 arte

140 1788 177 1815 et
202 1792 263 1814 usu
283 1783 426 1814 edoctus
451 1784 663 1823 imponebam
693 1783 834 1823 signatis

138 1831 299 1872 operibus
316 1831 447 1872 justum
474 1833 634 1873 pretium.
679 1832 748 1863 Hic
767 1832 834 1863 for-

139 1881 239 1913 tassis
267 1886 322 1912 est
351 1882 596 1922 Damasippus,
631 1881 727 1922 cujus
762 1882 834 1914 Cic.

140 1929 294 1961 meminit
317 1929 430 1970 Epist.
445 1929 506 1962 lib.
523 1939 590 1961 vn.
607 1929 650 1961 ad
669 1930 718 1961 M.
735 1930 834 1961 Fabi-

141 1988 195 2010 um
207 1979 354 2010 Gallum.
378 1980 477 2020 Cruq.
523 1979 663 2011 Callidus
676 1979 763 2020 huic]
791 1980 833 2011 In

140 2037 183 2059 eo
207 2028 350 2060 callidus
373 2037 480 2068 eram,
500 2029 588 2069 quod
604 2029 752 2060 sciebam
767 2029 833 2070 sig-

140 2076 228 2108 natis
250 2077 407 2118 operibus
418 2078 547 2117 justum
565 2079 712 2119 pretium
728 2078 834 2118 impo—

138 2135 232 2158 nere.
278 2125 362 2157 Huic
373 2126 480 2167 signo]
507 2127 563 2158 Sic
578 2127 679 2167 paulo
694 2131 782 2168 post,
796 2131 831 2158 ut

138 2176 325 2215 lethargicus
339 2176 406 2207 aie.-
422 2185 486 2207 non
503 2177 670 2212 δεικτικῶς,
685 2176 744 2207 sed
760 2176 831 2207 huic

135 2225 237 2265 signo,
263 2233 325 2266 pro
353 2225 551 2266 cuicumque
579 2226 674 2264 signo
703 2223 830 2256 dixisse

137 2273 284 2305 videtur.
311 2273 468 2306 ponebam
477 2274 575 2306 millia
588 2273 724 2314 ceratum]
739 2275 749 2292 ‘
763 2275 830 2306 Po·

137 2331 220 2354 nere
236 2322 408 2363 pretinm:
426 2332 487 2362 pro
497 2324 677 2362 aestimare,
690 2323 779 2363 quod
795 2323 829 2354 in

139 2373 275 2414 accepti
289 2377 324 2403 et
339 2372 481 2412 expensi
496 2373 620 2403 tabulis
631 2373 713 2403 talia
729 2381 831 2412 pone-

140 2427 260 2454 rentur
272 2431 283 2452 ε
312 2425 349 2452 et
373 2421 421 2451 sic
442 2429 500 2452 ιιι.
516 2420 584 2452 Od.
600 2423 632 2451 8.
653 2421 663 2438 ‘
677 2421 830 2452 Pretium

140 2469 256 2501 dicere
271 2468 426 2501 muneri.'
448 2469 573 2501 Pulcre
586 2474 698 2501 autem
711 2470 832 2502 Cicero

139 2520 175 2551 in
189 2519 290 2550 Verr.
306 2519 404 2550 Orat.
427 2529 504 2560 qua».
526 2519 570 2550 de
590 2520 703 2559 Signis
718 2520 833 2551 inscri-

141 2569 256 2601 bitnrz
279 2569 289 2587 ‘
303 2569 370 2602 Qui
396 2569 514 2599 modus
536 2573 590 2600 est
613 2569 646 2599 in
667 2570 717 2600 his
735 2569 832 2601 rebus

142 2619 355 2660 cupiditatis,
382 2619 471 2650 idem
497 2624 550 2651 est
577 2619 830 2652 aestimationis:

142 2669 279 2702 difficile
301 2674 355 2701 est
377 2670 464 2701 enim
488 2669 603 2702 facere
626 2671 749 2711 pretio,
769 2672 833 2704 nisi

141 2720 274 2752 libidini
291 2718 435 2750 seceris!
458 2720 602 2751 Tor-rent.
649 2720 754 2751 Miltia
764 2730 832 2752 cen-

142 2770 223 2811 tum]
243 2769 446 2802 Sestertium
466 2778 637 2800 nummum
653 2771 790 2802 100000.

184 2823 225 2852 25
254 2820 341 2851 Unde
359 2819 539 2859 frequentia
561 2817 765 2859 Mercuriale]
790 2820 830 2851 Id

1470 296 1583 338 1695

889 399 979 441 quod
990 397 1267 439 Graeci‘tpuawv‚
1298 397 1410 430 Latini
1426 397 1581 429 Mercuri-

888 451 936 481 ale
963 455 1100 482 vocant.
1144 449 1341 486 Mercuriale,
1369 453 1423 479 est
1451 449 1580 478 lucrum

889 500 1110 540 insperatum.
1155 499 1380 539 Damasippus
1405 507 1501 538 ergo,
1526 498 1582 538 qui

882 548 1053 589 jactabat,
1077 549 1181 580 solum
1213 558 1248 579 se
1274 548 1353 579 nihil
1383 549 1456 579 sine
1486 549 1582 580 lucro

887 608 1001 630 emere
1027 599 1149 638 solere,
1172 596 1321 639 Ἐρμαιον
1344 597 1411 629 dici
1434 598 1538 638 caepit
1562 607 1582 628 a

888 650 988 689 vulgo
1013 659 1022 688 ;
1051 649 1269 681 festivissimo
1299 650 1471 680 nominum
1497 659 1516 680 e
1547 659 1583 680 re

886 697 1094 738 impositore.
1111 698 1273 730 Heinsius.
1306 698 1510 739 Mercuriale]
1527 698 1583 730 Ita

885 751 921 777 et
940 748 1046 778 nostri
1070 748 1228 779 codices:
1253 747 1370 778 denuo
1393 757 1458 779 uno
1478 753 1582 789 atque

886 796 1007 831 altero,
1031 797 1088 837 qui
1111 797 1312 827 Mercurialis
1334 798 1463 836 legunt.
1508 798 1583 828 Nec

885 847 1026 878 multum
1043 855 1122 877 sane
1138 847 1294 877 interest.
1320 846 1407 876 Nam
1423 850 1481 877 aut
1495 847 1583 877 Mer-

884 897 1011 928 curialis
1031 896 1286 937 cognominatus
1309 895 1384 932 fuit,
1409 900 1468 927 aut
1489 897 1582 927 aliud

885 946 1021 986 aliquod
1038 946 1115 976 hnic
1141 945 1247 976 simile
1267 954 1452 985 cognomen
1476 946 1504 976 ei
1522 946 1583 976 im-

886 996 1046 1036 positum,
1061 1005 1127 1037 quo
1140 995 1349 1027 Mercurium
1364 995 1487 1027 babere
1505 1005 1584 1035 pro-

885 1045 1004 1086 pitium
1032 1045 1289 1085 significaretur,
1311 1044 1354 1076 ob
1380 1045 1466 1076 lucri
1489 1045 1583 1076 afflu-

885 1096 1023 1126 entiam.
1050 1096 1161 1126 Lucro
1173 1095 1262 1126 enim
1278 1102 1380 1135 atque
1398 1095 1482 1125 adeo
1497 1104 1584 1126 mer-

885 1148 1028 1182 caturae,
1046 1144 1136 1174 unde
1151 1145 1268 1182 ingens
1288 1145 1430 1182 lucrum,
1446 1145 1582 1176 Mercu-

886 1193 953 1223 rius
990 1197 1144 1232 praeest:
1175 1202 1278 1233 quare
1308 1197 1344 1223 et
1375 1193 1583 1233 marsupium

886 1246 1013 1282 gestat,
1037 1246 1126 1273 teste
1151 1241 1277 1280 suida;
1308 1242 1342 1273 id
1365 1242 1453 1284 quod
1471 1251 1495 1273 1.
1514 1242 1583 1274 Od.

886 1294 937 1323 10.
949 1291 1172 1323 ostendimus.
1194 1291 1332 1323 Torreat.
1377 1291 1582 1331 Mercuriale]

885 1341 1077 1372 Mercurius
1095 1346 1220 1380 praeest
1231 1344 1444 1373 mercaturis.

926 1392 968 1421 26
993 1390 1151 1431 Compita]
1197 1390 1327 1422 Omnes
1357 1392 1580 1431 populariter,

884 1439 942 1479 qui
965 1439 1000 1470 in
1024 1441 1184 1480 compitis
1212 1440 1505 1480 auctionabantur‚
1527 1451 1582 1472 me

882 1488 1104 1528 appellabant
1118 1489 1369 1521 Mercurialem.
1395 1489 1494 1530 Novi]
1511 1490 1584 1521 No-

881 1538 929 1576 vi,
944 1538 1054 1578 iuquit
1072 1538 1247 1582 Horatius.

922 1589 964 1617 2⁷
987 1587 1032 1618 Et
1053 1588 1152 1619 morbi
1173 1589 1286 1629 miror]
1311 1589 1402 1619 Leve
1418 1594 1470 1620 est
1488 1590 1580 1630 quod

880 1634 979 1668 dico:
1009 1638 1212 1668 mouendum
1231 1644 1343 1669 tamen
1366 1640 1399 1669 in
1424 1639 1581 1671 omnibus

881 1686 967 1716 Mss.
993 1686 1076 1724 legi,
1098 1688 1143 1717 Et
1163 1697 1267 1717 moror
1291 1688 1401 1719 morbi.
1455 1689 1582 1719 Facete

882 1739 994 1765 autem
1014 1735 1254 1776 Damasippus,
1268 1742 1417 1767 mutasse
1441 1747 1477 1768 se
1497 1747 1585 1768 mor-

883 1783 917 1813 bi
934 1789 1098 1822 genus,ut
1111 1784 1208 1815 clavo
1221 1785 1335 1815 clavus
1353 1785 1502 1826 pellitur,
1514 1795 1582 1817 non

883 1841 904 1863 a
934 1832 1051 1864 morbo
1081 1833 1225 1864 liberum
1256 1843 1343 1874 esse,
1373 1835 1582 1874 respondet:

883 1884 1031 1924 quinimo
1047 1894 1113 1916 non
1130 1885 1272 1916 obscure
1295 1885 1422 1916 indicat
1438 1895 1502 1925 per
1523 1895 1582 1917 ex-

883 1933 1008 1973 empla,
1030 1934 1164 1974 gravius
1192 1944 1227 1965 se
1251 1944 1348 1975 quam
1372 1939 1470 1965 antea
1491 1934 1584 1966 labo·

883 1991 981 2022 rare;
1005 1987 1085 2014 tunc
1107 1992 1192 2023 suae,
1207 1992 1298 2014 nunc
1320 1983 1440 2014 alienae
1466 1984 1515 2014 rei
1531 1985 1583 2014 ni-

882 2033 984 2064 mium
1006 2033 1187 2064 curiosum.
1212 2033 1354 2064 Tam-ent.
1399 2033 1441 2063 Ει
1468 2033 1582 2073 morbi]

882 2082 978 2113 Illius
993 2082 1132 2123 negotii.
1157 2082 1263 2113 Morbi
1276 2084 1308 2112 le
1317 2082 1503 2122 purgatum]
1522 2083 1580 2113 Est

883 2136 998 2162 autem
1010 2132 1252 2171 Hellenismus,
1264 2130 1404 2170 θαυμάζω
1420 2142 1458 2162 σε
1469 2134 1581 2171 καθαρ-

882 2179 975 2212 θέντα
988 2182 1046 2219 τῆς
1060 2180 1153 2212 νόσου
1167 2180 1295 2218 ταύτης.
1320 2181 1418 2220 Cruq.
1464 2180 1582 2222 Atqui]

883 2230 1082 2270 Respondet
1098 2230 1339 2270 Damasippus.

923 2282 966 2311 28
990 2280 1116 2314 Emovit
1152 2282 1286 2311 veterem
1318 2277 1427 2318 novus]
1462 2278 1582 2310 Novus

882 2328 1018 2359 morbus
1033 2334 1184 2359 veterem
1201 2328 1344 2367 depulit.
1390 2328 1431 2358 In
1449 2327 1517 2367 cor]
1539 2328 1582 2358 In

883 2385 921 2406 os
937 2377 1134 2408 ventriculi:
1148 2375 1508 2416 ,capanna-ytavoalenus
1523 2386 1582 2416 ap-

883 2424 1002 2464 pellat.
1045 2425 1212 2464 [Evamuit
1229 2425 1386 2464 Angelic.
1400 2424 1451 2464 2.]

925 2476 968 2504 29
993 2474 1133 2512 Tra-jecto
1158 2474 1267 2505 lateris
1290 2473 1411 2512 miseri]
1442 2473 1582 2513 Legitur

884 2528 920 2555 et
934 2525 1058 2562 misero,
1074 2534 1137 2565 pro
1151 2524 1362 2556 vehementi:
1385 2524 1443 2554 sed
1459 2529 1495 2555 et
1509 2525 1584 2555 late-

883 2574 930 2605 ris
943 2574 1050 2605 miseri
1065 2573 1131 2613 legi
1147 2577 1273 2614 potest,
1287 2582 1348 2612 pro
1361 2572 1459 2603 valde
1477 2572 1583 2605 afflic-

885 2623 925 2662 ti,
951 2626 1004 2653 est
1030 2623 1119 2653 enim
1144 2621 1165 2659 ἦ
1193 2623 1361 2662 πλευρῖτις.
1407 2621 1580 2654 Fabricius.

884 2670 1026 2710 Later-is]
1046 2671 1234 2702 Pluritidis.

927 2723 968 2751 30
995 2721 1039 2751 Ut
1051 2721 1239 2760 lethargicus
1253 2720 1303 2751 hic
1316 2712 1458 2761 quuvnfit
1474 2721 1579 2762 pugil]

882 2770 1041 2810 Λήθαργος
1068 2771 1138 2802 sive
1168 2770 1335 2811 ληθάμγιος
1366 2781 1385 2802 a
1411 2771 1577 2811 profunda

884 2821 1027 2862 qu'adam
1044 2820 1225 2860 oblivione,
1240 2830 1336 2862 quam
1352 2819 1447 2858 λήθην
1460 2820 1576 2853 Graeci
