1916 3262
381 306 491 346 1410

379 408 458 439 nive.
467 405 619 439 horridus
636 409 670 436 et
685 405 886 436 inaccessus.
911 403 1062 442 Rigidum

381 455 553 498 Niphaten]
581 455 675 486 Bene
699 454 854 493 rigidum‚·
877 453 965 494 quod
990 453 1063 492 ipsa

377 505 518 538 nominis
542 505 628 535 ratio
647 502 818 538 ostendit:
843 512 862 535 a
876 502 960 534 nivis
975 501 1063 532 enim

378 553 512 586 defluxu
525 554 635 586 dictus
647 553 821 592 Niphates,
830 552 887 592 qui
897 550 1064 583 Armeniae

377 612 485 635 mons.
514 603 558 636 Et
571 611 630 642 per
643 600 904 640 Medumflumen‚
915 599 1066 639 Euphra-

377 656 438 683 ten
461 651 630 691 intelligit.
674 651 730 682 De
745 650 879 681 Parthis
895 659 975 690 ergo
996 649 1066 679 sive

377 701 490 733 Medis
525 702 580 732 hic
611 701 759 741 loquitur
788 699 909 739 Poeta,
948 698 1006 739 qui
1033 701 1068 728 et

378 751 538 784 Armenia
576 751 653 782 hinc
693 753 876 788 cesserant,
907 752 942 780 et
972 747 1067 786 signa

377 801 537 833 militaria
554 799 705 839 Augusto
721 798 951 829 restituerant.
976 796 1065 826 Tor-r.

420 853 462 882 21
485 850 668 888 Medumque
687 847 806 888 flumen
833 845 989 885 gentibus]
1022 844 1068 874 Et

379 903 550 931 cantemus
567 897 692 929 Mediae
714 896 850 934 flumen,
871 895 1067 934 adjunctum

379 949 534 989 gentibus
550 947 701 978 nimirum
719 945 897 983 Armeniis,
922 941 1067 976 Parthis,

378 1002 416 1029 et
436 998 508 1028 aliis
533 1006 553 1027 a
577 995 711 1027 Caesare
730 994 841 1024 victis,
886 992 1068 1022 Cantemus

377 1045 547 1086 (inquam)
577 1045 636 1076 hos
663 1042 793 1081 fluvios,
816 1042 896 1082 quia
924 1041 1068 1071 minores

379 1103 540 1135 aquarum
569 1092 685 1132 globos
703 1091 775 1130 jam
800 1091 960 1127 volvunt;
994 1097 1068 1118 nam

380 1143 567 1174 sentientes
583 1150 620 1171 se
635 1150 709 1172 cum
721 1139 889 1174 Armeniis
905 1143 941 1170 et
956 1137 1069 1169 Medis

379 1200 454 1222 esse
497 1190 698 1229 debellatos,
747 1188 921 1227 angustius
961 1185 1071 1218 fluunt

380 1244 519 1280 propter
529 1244 680 1278 acceptae
691 1236 961 1269 cladisdolorem.
985 1236 1071 1267 Gen·

377 1289 460 1321 tibus
466 1288 622 1328 additum]
644 1288 732 1319 Quin
743 1291 914 1317 cantemus
926 1285 1070 1324 rigidum

380 1338 472 1369 illum
489 1342 526 1368 et
541 1337 665 1376 frigore
680 1334 851 1366 horridum
876 1333 1069 1373 Nipiiatem,

382 1391 418 1417 et
443 1385 583 1417 Medum
621 1382 757 1417 flumen,
796 1382 888 1421 qnasi
921 1384 1069 1420 acceptae

379 1433 486 1466 cladis
498 1442 597 1464 sensu
610 1432 708 1462 triste
721 1435 756 1462 et
771 1430 886 1461 dolore
898 1428 1071 1468 affectum,

381 1483 515 1523 suisque
556 1481 722 1521 gentibus,
765 1479 911 1516 Partim,
947 1477 1072 1516 Medis,

381 1532 527 1572 Augusti
544 1534 667 1562 virtute
684 1528 825 1560 devictis
846 1527 1007 1566 additum,
1022 1526 1068 1556 vi-

382 1583 508 1620 cinum,
522 1585 557 1611 et
573 1580 744 1619 adjacens,
768 1587 835 1608 una
861 1577 986 1616 lugere.
1009 1575 1068 1607 mi-

381 1639 512 1670 nusque
532 1628 677 1668 superbe
693 1627 734 1658 de
751 1636 786 1657 se
802 1626 940 1665 sentire,
961 1626 1068 1656 minus

382 1679 510 1710 tumide
525 1676 645 1714 fluere,
659 1676 801 1707 minores
823 1683 982 1715 aquarum
999 1674 1069 1713 glo-

383 1728 443 1759 bos
459 1737 499 1759 ae
515 1726 659 1757 vortices
672 1725 818 1760 volvere,
832 1732 932 1764 seque
945 1723 1070 1762 pudore

383 1786 476 1819 quasi
489 1775 733 1813 constringere
754 1772 863 1802 Lubin.

425 1829 466 1859 23
484 1825 630 1863 Intraque
639 1817 1007 1862 praescri1›tum1Gelonos]
1028 1819 1074 1850 Et

384 1879 556 1906 cantemus
570 1873 728 1910 Gelonos,
741 1870 890 1910 Scythiae
900 1869 1073 1908 Europaeae

384 1925 537 1964 populos,
563 1923 652 1953 intra
677 1920 814 1959 exiguos
842 1918 1002 1950 terminos
1031 1916 1073 1948 ab

385 1973 536 2013 Augusto
554 1971 767 2012 praescriptos
782 1969 947 2010 equitare,
961 1967 995 1998 id
1011 1970 1074 2006 est,

386 2031 452 2053 non
478 2029 655 2052 excurrere
696 2022 731 2048 et
760 2017 872 2057 vagari
911 2016 968 2046 ubi
989 2015 1073 2047 libu-

385 2071 477 2100 isset.

387 2118 471 2149 Ona
494 2126 529 2148 x.
549 2115 768 2156 Προαευκτική.
800 2114 858 2145 An
885 2113 1074 2143 Licinium.

427 2165 644 2197 Mediocritas
659 2169 693 2194 et
709 2162 808 2194 animi
824 2160 1026 2202 aequabilitas
1042 2160 1074 2189 in

427 2220 569 2255 utraque
585 2213 720 2244 fortuna
735 2216 788 2242 est
803 2208 953 2240 ferenda.
995 2208 1076 2247 [Op—

429 2265 537 2302 timum
580 2272 641 2294 exse
673 2261 803 2292 medium
839 2259 910 2289 uz'toe
947 2259 1073 2287 statum.

430 2311 610 2343 Proceutice
629 2307 824 2348 Bamberg.]

429 2362 479 2393 Ut
493 2371 534 2392 ex
552 2359 744 2401 Epigraphe
769 2357 911 2399 quadam
939 2353 1076 2394 conjicit

385 2406 595 2449 Torrentius,
621 2409 648 2439 is
663 2407 729 2438 fuit
743 2408 782 2438 L.
804 2405 954 2436 Licinius
967 2403 1076 2433 Varro

388 2459 558 2498 Muraena,
585 2457 768 2494 Terenuae,
802 2451 999 2485 Maecenatis
1034 2459 1073 2482 ac

389 2511 557 2543 Proculeii
572 2509 698 2540 frater:
724 2508 778 2548 qui
796 2507 823 2537 si
841 2505 975 2537 Horatii
989 2513 1073 2545 prae-

387 2564 522 2601 ceptum
534 2568 572 2590 ac
584 2557 697 2590 fratris
709 2554 1075 2594 Proculeiiexemplum

387 2616 534 2649 secutus,
544 2609 711 2642 fortunam
726 2607 814 2639 ferre
829 2604 1075 2646 potuisse-etmel:

390 2662 455 2689 tam
472 2659 601 2690 tristem
626 2657 767 2694 exitum,
789 2655 822 2686 in
844 2653 987 2693 Augusti
1003 2662 1076 2694 per-

389 2707 509 2739 niciem
523 2707 729 2748 conspiratio,
745 2706 884 2736 sortitus
899 2708 1000 2736 esset.
1022 2704 1075 2734 De

390 2766 455 2796 quo
471 2755 535 2786 Dio
549 2756 644 2787 initio
659 2757 717 2787 lib.
735 2764 810 2787 mv.
864 2753 1012 2785 Lubinus
1026 2753 1076 2786 M.

390 2804 553 2842 Licinium
575 2804 730 2839 Crassum
750 2804 935 2834 Praetorem
957 2803 1075 2834 Roma-

833 312 972 342 NOTAE
1006 309 1267 340 VARIORUM
1303 308 1350 337 ΙΝ

1115 417 1192 439 num
1208 406 1312 438 fuisse
1332 405 1469 436 indicat.
1744 412 1747 414 ·

1158 461 1174 488 l
1200 456 1328 487 Rectius
1343 454 1443 493 vives]
1475 451 1660 484 Exorditur
1681 452 1805 494 allego-

1117 505 1220 544 ricas,
1247 514 1266 535 a
1295 504 1481 535 remotione
1509 502 1586 538 vitm
1611 503 1646 534 in
1673 503 1805 544 Repub-

1118 554 1216 585 nimis
1229 554 1425 594 splendidae,
1437 557 1575 593 propter
1586 553 1807 584 aemulationis

1119 603 1283 643 pericula,
1298 609 1331 634 et
1349 603 1482 633 omnino
1498 601 1654 642 abjeetae,
1670 607 1808 643 propter

1118 652 1268 683 convicia
1280 662 1288 682 z
1311 652 1531 692 hortaturque
1540 650 1808 688 Licinium‚viam

1119 700 1199 731 vitae
1215 700 1356 732 mediam
1379 705 1415 731 ut
1436 700 1657 740 ingrediatur,
1676 699 1705 730 si
1720 701 1808 731 volet

1119 748 1207 779 bene
1227 752 1367 790 tutoque
1384 749 1509 780 vivere.
1531 748 1625 788 Cruq.
1665 748 1807 789 Rectius]

1119 796 1277 837 Facilius,
1306 797 1522 828 commodius.
1567 797 1675 837 Neque
1694 796 1808 837 altum]

1121 847 1182 878 Est
1197 846 1379 888 AUegoria,
1405 856 1471 887 qua
1496 845 1676 886 significat,
1701 854 1808 886 neque

1121 896 1271 927 sublimia
1283 896 1379 927 nimis
1390 895 1595 935 appetenda,
1606 902 1713 935 neque
1720 894 1808 934 quod

1121 943 1163 974 ad
1179 943 1292 974 infima
1307 949 1341 974 et
1356 944 1491 975 sordida
1507 947 1614 975 metus
1637 942 1747 983 gratia
1761 942 1810 973 sic

1121 992 1281 1023 debemus
1297 991 1518 1031 descendere,
1531 995 1571 1022 ut
1582 991 1676 1022 nulla
1689 990 1811 1022 habea-

1122 1046 1175 1072 tur
1190 1040 1363 1080 dignitatis
1372 1040 1470 1071 ratio.
1515 1038 1638 1078 Altum]
1660 1038 1733 1070 Pro
1741 1039 1811 1070 alto

1122 1090 1215 1121 mari.
1260 1087 1368 1120 Altum
1382 1088 1471 1120 enim
1492 1096 1593 1123 nune,
1609 1085 1698 1127 quod
1712 1095 1811 1126 supe-

1122 1139 1204 1180 rins,
1215 1148 1303 1170 nunc
1312 1138 1398 1180 quod
1410 1137 1550 1169 inferius
1561 1141 1625 1176 est,
1633 1134 1813 1176 signifieat:

1123 1199 1211 1221 nunc
1221 1189 1308 1230 quod
1319 1197 1475 1229 maguum
1486 1191 1520 1219 et
1527 1186 1814 1228 glorionnmmunc

1124 1238 1212 1279 quod
1225 1247 1376 1279 pressum
1392 1241 1427 1269 et
1440 1237 1630 1269 obscurum.
1650 1235 1814 1275 Exempla

1123 1287 1254 1320 Nonius
1266 1287 1510 1328 suppeditabit.
1534 1287 1621 1319 Torr-
1649 1284 1812 1326 [Gnelph.

1121 1337 1208 1367 vivas
1223 1336 1261 1367 L.
1275 1346 1308 1366 π.
1323 1335 1424 1375 aleia]

1164 1387 1183 1415 2
1196 1385 1324 1423 Semper
1333 1382 1484 1423 urgendo]
1493 1384 1636 1422 Semper
1645 1391 1814 1422 occupen-

1123 1432 1166 1464 do
1179 1431 1379 1473 profundum
1396 1441 1499 1470 mare,
1511 1432 1543 1462 in
1557 1431 1626 1462 alto
1634 1430 1718 1462 mai-i
1727 1438 1823 1461 ten-⁸

1123 1491 1183 1523 per
1195 1481 1396 1521 navigando.

1162 1535 1181 1562 3
1216 1531 1348 1571 Cautus]
1417 1530 1546 1560 Cautus
1601 1525 1812 1559 reformidas.

1120 1580 1298 1619 Bamberg.
1314 1588 1408 1619 neque
1421 1578 1580 1617 procellas,
1595 1577 1666 1608 siue
1683 1577 1783 1616 dum]

1162 1633 1183 1662 4
1205 1630 1312 1662 Linus
1324 1628 1477 1669 iniquum]
1501 1627 1610 1659 Littus
1625 1625 1812 1658 flexuosum

1123 1683 1158 1710 et
1173 1679 1330 1710 clivosum
1343 1689 1350 1707 :
1368 1678 1421 1708 vel
1433 1677 1525 1708 littus
1535 1676 1658 1716 nautis,
1670 1679 1811 1716 propter

1124 1727 1211 1759 vada
1224 1732 1257 1757 et
1273 1736 1365 1762 saxa,
1379 1725 1616 1766 periculosum.

1166 1779 1184 1806 5
1209 1775 1343 1806 Auream
1376 1771 1629 1812 mediocritatem]
1666 1771 1678 1790 ⁴
1688 1770 1814 1803 Aurea’

1125 1832 1292 1861 vocamus,
1318 1830 1526 1862 quaecunque
1549 1821 1600 1851 vel
1626 1819 1743 1861 pulcra
1760 1821 1816 1851 vel

1125 1872 1272 1913 pretiosa
1284 1875 1373 1901 sunt.
1410 1870 1502 1901 Nihil
1516 1873 1627 1900 autem
1638 1867 1816 1899 mediocri-

1125 1926 1197 1953 tate
1211 1926 1268 1952 aut
1282 1919 1444 1960 pulcrius,
1458 1923 1516 1950 aut
1531 1917 1635 1959 pluris
1650 1916 1816 1949 asumun-

1126 1971 1215 2002 dum.
1229 1970 1341 2009 Atque
1353 1968 1437 1999 adeo
1448 1968 1481 1999 in
1490 1967 1579 1999 omni
1589 1966 1660 1998 vita
1671 1963 1817 1998 mediam

1122 2020 1203 2052 illud
1217 2019 1404 2051 consectari
1416 2019 1589 2054 debemus.
1605 2018 1639 2049 in
1656 2026 1722 2057 quo
1737 2025 1818 2047 eon-

1125 2067 1227 2105 sistit,
1239 2065 1327 2106 quod
1345 2069 1473 2096 rectum
1495 2071 1550 2095 est
1563 2069 1667 2103 atque
1683 2061 1814 2103 perfec·

1126 2120 1206 2146 tutu.
1244 2115 1291 2145 Ut
1320 2113 1520 2144 Aristoteles
1541 2113 1596 2143 De
1624 2110 1748 2143 Mor-ib.
1772 2110 1813 2141 ad

1126 2163 1367 2196 Nicomachum
1385 2162 1440 2192 lib.
1457 2169 1509 2192 xx.
1535 2161 1675 2192 Tora-em.
1728 2186 1730 2189 ,

1166 2215 1187 2242 6
1212 2210 1362 2250 Obsoleti]
1401 2210 1584 2249 Domicilii,
1613 2212 1815 2250 paupertate

1125 2261 1278 2302 squalidi.

1168 2313 1186 2342 7
1203 2308 1391 2348 Invidenda]
1415 2309 1518 2340 Caret
1526 2308 1601 2340 nula
1609 2311 1815 2347 sumptuosa,

1127 2369 1200 2401 quoe
1217 2363 1355 2400 propter
1370 2357 1652 2398 magnificentiam
1673 2356 1767 2388 cadit
1781 2356 1815 2387 in

1128 2408 1298 2439 invidiam.

1148 2458 1184 2498 [9
1197 2457 1318 2488 Soevius
1334 2455 1431 2487 codd.
1443 2455 1540 2487 Sorb-
1551 2464 1606 2497 ψ.
1618 2454 1747 2486 Vni-rt.
1755 2462 1815 2485 're—

1126 2511 1289 2547 ceperunt
1299 2507 1401 2538 etiam
1413 2506 1493 2544 Fen,
1503 2505 1626 2544 Bothe,
1635 2509 1671 2536 et
1680 2503 1816 2544 Jaeck.]

1170 2560 1210 2588 10
1235 2557 1386 2588 Graviore
1400 2554 1488 2596 casu]
1510 2555 1600 2591 Hine
1614 2553 1815 2589 illud-June

1129 2606 1456 2637 nalis.‘'1'olluntur
1481 2605 1514 2636 in
1537 2603 1646 2637 alm
1666 2603 1715 2635 Ut
1737 2609 1814 2634 ean·

1127 2655 1279 2697 graviore
1290 2654 1412 2687 ruant!

1171 2707 1210 2737 11
1233 2703 1387 2735 Deciana-t
1404 2703 1519 2743 turres]
1543 2702 1597 2734 De
1615 2699 1686 2732 alno
1700 2698 1811 2728 nunt

1171 2755 1211 2784 12
1226 2752 1371 2783 Fulmina
1394 2750 1524 2791 montes]
1554 2746 1730 2781 Lambinn«
1745 2743 1812 2780 nit,

1128 2802 1161 2833 in
1177 2800 1346 2833 codicibus
1363 2800 1493 2839 aliquot
1506 2807 1542 2830 se
1555 2794 1719 2836 reperisse
1733 2791 1811 2823 Fui-
