1916 3262
382 295 491 337 1464

384 398 455 426 tate
479 393 701 435 adipiscendae
723 393 870 425 civitatis
887 394 1060 433 Romanae,

370 443 425 475 rA.
443 443 484 475 U.
501 444 539 475 C.
554 445 627 474 662.
670 442 775 473 Annis
796 451 875 474 vero
891 447 966 483 post
980 442 1060 474 ‹luo-

381 493 446 524 bus‘
456 493 499 524 de
515 493 644 532 viginti,
658 492 851 523 suscitatum
865 492 982 523 servile
993 492 1061 523 bel-

381 541 462 581 lum,
477 540 616 571 ducibus
640 540 816 580 Spartaco,
834 540 1008 580 OEnomao,
1025 544 1061 571 et

383 589 491 620 Orixo
506 588 759 629 gladiatoribus,
773 599 847 621 cum
860 589 932 620 aliis
949 598 1059 620 nume-

382 647 419 667 ro
443 638 537 668 simul
563 640 615 669 74.
633 637 690 678 qui
705 638 829 678 Capuae
845 637 919 668 ludo
935 638 1061 677 gladia-

382 686 469 716 torio
490 686 620 717 Lentuli
644 684 842 726 effugerant.
893 686 937 717 Et
955 687 1061 717 cadum

381 735 500 774 Marsi]
515 735 635 765 Vinum
648 735 681 765 in
693 734 780 765 cella
792 733 975 774 conditum,
986 743 1061 765 cum

382 783 469 814 bello
485 783 631 814 Marsico
645 783 745 814 Italia
759 783 905 814 arderet.

426 836 464 865 19
486 832 681 873 Spartacum]
694 833 729 863 Si
745 842 811 873 qna
823 832 947 862 ratione
964 835 1061 866 testa,

381 881 436 911 vel
451 881 553 912 cadus
576 882 684 922 potuit
704 882 822 912 latere.
863 880 1061 920 Spartacum

381 938 423 959 ex
448 930 626 970 Apennino
651 929 694 960 ad
716 928 832 969 Alpes,
854 929 896 958 ab
921 927 1061 966 Alpibus

379 977 413 1007 in
437 978 581 1010 Galliam
607 982 794 1018 vagantem,
813 977 845 1007 in
870 977 926 1007 illo
951 976 1062 1006 servili

381 1025 486 1064 bello,
507 1026 594 1066 quod
615 1036 690 1057 cum
707 1026 828 1065 populo
844 1025 941 1055 Rom.
958 1024 1063 1064 gessit

380 1082 465 1104 anino
477 1073 551 1104 fere
571 1077 621 1104 16.
638 1078 715 1113 post
729 1073 852 1104 bellum
865 1073 1061 1102 Marsicum.

382 1121 420 1151 Si
440 1121 514 1161 qua]
545 1121 588 1160 A,
612 1126 650 1152 ut
673 1130 736 1161 ego
764 1120 920 1159 arbitror,
944 1123 1064 1150 contra

381 1168 686 1199 Grammaticorum
731 1168 858 1206 regulas
896 1167 1063 1207 produxit.

385 1218 524 1248 Torrent.
566 1218 630 1248 Vel
656 1217 831 1257 legendum
854 1216 883 1246 si
906 1225 984 1255 quae,
1004 1225 1064 1255 pro

381 1267 410 1296 si
423 1276 493 1306 qua,
508 1271 544 1297 ut
560 1266 743 1298 Lambinus
759 1266 839 1297 vult.
871 1265 1065 1306 [Bamberg.

382 1313 600 1354 SerlagumJ

424 1367 464 1395 21
488 1365 594 1395 Dicet
609 1363 744 1403 argute]
781 1364 847 1394 Dic
874 1367 910 1394 et
932 1365 1063 1395 Neaerae

383 1422 514 1444 canorae
529 1413 687 1452 fidicinae,
703 1417 741 1443 ut
755 1417 914 1452 properet
933 1412 1065 1452 colliga-

382 1471 418 1492 re
435 1461 558 1492 crinem
582 1460 680 1500 nodo,
701 1460 735 1490 id
757 1463 822 1498 est,
844 1461 985 1498 religare
1001 1461 1065 1491 cri-

382 1519 457 1541 nem
474 1510 507 1540 in
522 1509 657 1548 nodum,
667 1512 704 1540 ut
715 1508 827 1539 veniat
839 1510 1064 1549 semicompta‚

382 1559 425 1590 ad
453 1559 604 1590 laetitiam
640 1558 846 1597 repentinam
875 1557 1066 1597 significan-

381 1607 468 1639 dam.
524 1607 611 1637 Vide
645 1615 686 1636 11.
716 1605 859 1636 Od.11.
917 1605 1001 1645 [Fea
1030 1610 1066 1637 et

384 1656 493 1686 Bothe
522 1655 640 1694 tacite,
668 1655 797 1685 Neaetae.
841 1654 986 1694 Gnelpli.
1014 1664 1065 1685 ar-

380 1707 465 1742 gute.
468 1703 482 1742 ]

423 1755 465 1782 22
488 1751 684 1792 Myrrheum]
722 1751 797 1781 Duo
825 1753 957 1780 veteres
983 1750 1064 1781 libb.

384 1802 577 1832 Murrheum.
600 1801 707 1831 Vocat
720 1808 799 1839 ergo
809 1799 991 1839 Myrrheum
1005 1799 1065 1829 cri-

383 1861 451 1881 nem
466 1850 518 1881 vel
535 1860 554 1880 a
568 1850 692 1888 colore,
715 1848 767 1879 vel
791 1847 923 1888 myrrha
937 1847 1065 1879 delibu-

384 1904 466 1930 tum.
509 1900 591 1939 Ejus
617 1898 705 1929 enim
732 1906 796 1927 non
827 1897 860 1927 in
890 1897 1067 1936 unguentis

384 1948 496 1988 modo,
508 1947 566 1978 sed
578 1947 658 1978 etin
671 1947 747 1977 vino
759 1945 894 1977 odorem
904 1955 1067 1976 commen-

384 1998 507 2028 darunt
522 2001 664 2027 veteres.
689 1996 828 2025 Torreat,
870 1994 1067 2034 Myrrheum]

385 2046 519 2076 Crinem
549 2043 733 2074 subflavum
760 2042 903 2082 myrrhei
933 2043 1065 2076 coloris,

384 2093 439 2123 vel
467 2092 633 2132 myrrhino
661 2095 833 2129 unguento
867 2090 1065 2121 delibutum.

385 2140 563 2180 [Mur-reum
579 2140 647 2169 nolo
660 2138 796 2168 cohibere
810 2136 972 2176 Guelph]

425 2190 465 2218 23
489 2187 526 2217 Si
542 2197 598 2227 per
611 2185 757 2224 invisum]
787 2185 822 2216 Si
837 2194 901 2216 non
917 2185 1030 2216 statim
1046 2194 1067 2215 a

377 2237 526 2276 janitore
539 2235 727 2272 admittare,
736 2234 803 2265 noli
814 2243 887 2265 esse
897 2234 1066 2274 molestus,

383 2285 444 2315 sed
461 2284 564 2316 abito.

426 2336 466 2364 25
489 2333 583 2364 Lenit
606 2331 768 2371 albescens]
802 2332 858 2363 De
887 2330 1066 2363 affectuum

386 2392 447 2423 pro
462 2382 622 2422 cujusque
648 2385 759 2421 aetate,
781 2381 835 2410 vel
856 2378 998 2415 fervore,
1013 2379 1067 2410 vel

385 2431 591 2467 remissione,
607 2430 707 2461 multa
729 2428 860 2460 erudite
881 2427 985 2460 Arist.
1007 2428 1066 2460 lib.

384 2488 426 2510 11.
442 2480 579 2510 Rlietor.
595 2478 637 2509 ad
652 2477 882 2514 Theodecten,
903 2477 960 2508 ubi
969 2477 1068 2517 juve-

385 2538 465 2560 num
488 2537 669 2568 senumque
691 2526 882 2558 discrimina
903 2530 1068 2558 recenset.

386 2577 562 2618 Sanguinis
576 2577 663 2607 enim
679 2575 892 2607 abundantiae
906 2584 945 2607 ac
965 2576 1068 2607 calori

386 2627 504 2657 tribuit
539 2625 750 2664 Plutarchus,
796 2624 884 2666 qnod
921 2625 1067 2656 acriores

386 2674 687 2714 concitatioresque
703 2674 736 2704 in
752 2674 931 2715 juventute
945 2682 1067 2704 sumus.

388 2722 526 2753 Tor-rent.
548 2723 638 2753 Lenit
653 2723 802 2754 albescens
815 2722 946 2762 animos]
963 2722 1069 2754 Quasi

387 2769 498 2802 dicat:
514 2770 587 2811 Ego
596 2771 669 2811 jam
681 2780 782 2812 vergo
795 2770 837 2802 ad
851 2773 1070 2812 senectutem,

833 303 969 333 NOTAE
1002 301 1257 332 VARIORUM
1292 301 1343 331 IN

1107 394 1273 434 patienter
1294 393 1417 424 ideirco
1441 392 1543 424 feram
1567 392 1698 424 Neaera
1712 402 1787 425 eou-

1108 443 1292 482 tumeliam,
1303 442 1361 473 sed
1383 443 1607 482 injuventute
1629 441 1672 473 ad
1694 442 1790 474 ultio-

1108 501 1182 522 nem
1213 491 1430 523 devenissem.
1489 490 1641 531 Capillus]
1678 491 1789 523 Canus

1108 540 1250 580 capillus
1279 539 1414 580 mitigat
1442 539 1588 571 animum
1613 539 1683 580 jam
1711 538 1790 570 olim

1108 588 1176 618 litis
1191 591 1225 618 et
1243 589 1322 618 rixae
1337 588 1507 628 cupidum.

1148 639 1190 667 27
1215 637 1283 667 Non
1294 646 1349 675 ego
1363 637 1417 667 hoc
1429 634 1565 674 ferrem]
1601 636 1677 667 Non
1699 634 1788 666 ferre

1110 684 1290 724 potuissem
1313 683 1462 715 fervidus
1479 685 1675 725 juventute,
1688 684 1716 715 si
1737 692 1790 717 me

1109 732 1227 773 aliquis
1239 731 1419 764 fastidiret.

1149 785 1190 812 28
1215 782 1344 813 Consule
1365 782 1495 821 Planco]
1526 782 1669 814 Consule
1690 781 1790 811 Plan-

1109 839 1163 868 co,
1177 829 1338 861 Horatius
1354 830 1416 862 fuit
1438 835 1534 861 natus
1556 839 1657 861 annos
1673 829 1791 868 viginti

1110 883 1192 917 tres,
1220 887 1304 909 anno
1330 879 1462 910 scilicet
1485 878 1528 910 ab
1551 879 1633 910 urbe
1654 877 1790 909 condita

1109 929 1183 957 ⁷20.
1223 927 1351 966 [Plauto
1366 926 1527 966 Guelph.]

1110 974 1191 1005 Ona
1221 983 1280 1006 xv.
1310 975 1482 1013 Μεμπτική.
1535 975 1578 1006 Iu
1602 976 1788 1006 cumam.

1152 1024 1211 1063 Ut,
1225 1024 1296 1064 jam
1314 1024 1434 1062 vetula,
1454 1023 1650 1063 petulantiae
1665 1028 1700 1053 et
1717 1022 1792 1052 libi-

1152 1072 1221 1103 dini
1238 1073 1370 1103 modum
1383 1071 1574 1103 constituat.
1595 1069 1792 1111 [Bamberg.

1152 1122 1289 1153 Mentice
1301 1123 1341 1152 ud
1357 1121 1548 1160 Chloridem]

1154 1173 1171 1200 l
1193 1171 1299 1210 ,Uxor
1323 1170 1480 1211 pauperis]
1521 1169 1711 1201 Verisimile
1741 1171 1794 1199 est
1818 1199 1821 1201 .

1112 1219 1258 1250 Chlorim
1286 1220 1383 1255 hanc,
1417 1224 1550 1250 matura
1578 1218 1648 1258 jam
1681 1221 1795 1256 aetate,

1112 1278 1186 1300 cum
1202 1269 1302 1300 amari
1327 1268 1510 1307 desineret,
1534 1277 1600 1309 quo
1622 1266 1795 1299 honestior

1114 1318 1297 1356 videretur,
1320 1317 1428 1358 Ibyco
1449 1317 1613 1357 nupsisse,
1641 1314 1795 1356 pauperi,

1112 1366 1171 1396 sed
1193 1366 1408 1406 obsequioso:
1445 1366 1558 1406 quales
1582 1364 1643 1396 sibi
1671 1363 1791 1394 vetulae

1111 1414 1305 1445 meretrices
1328 1414 1465 1444 maritos
1478 1416 1611 1453 optant,
1627 1411 1695 1443 filia
1709 1411 1793 1442 inte-

1112 1462 1173 1492 rim
1197 1461 1238 1492 ad
1254 1461 1438 1492 senectutis
1460 1460 1650 1501 praesidium
1672 1459 1793 1500 prosti-

1113 1514 1197 1540 tuta.
1240 1510 1385 1540 Matrem
1410 1509 1513 1548 igitur
1537 1508 1657 1538 merito
1680 1516 1793 1547 repre-

1112 1559 1226 1590 hendit
1241 1558 1359 1597 Poeta,
1371 1557 1473 1598 quod,
1485 1565 1560 1588 cum
1575 1564 1684 1596 neque
1699 1560 1794 1593 aetas,

1111 1617 1220 1648 neque
1240 1607 1374 1638 fortuna
1388 1607 1461 1646 ejus
1485 1609 1692 1645 paterentur,
1706 1613 1796 1634 arno-

1112 1655 1203 1686 ribus
1219 1655 1430 1685 nihilomiuus
1445 1663 1579 1693 operam
1594 1653 1703 1685 daret.
1720 1653 1795 1684 Tor-

1109 1707 1190 1734 rent.
1229 1705 1317 1734 Uxor
1328 1703 1469 1743 pauperis
1484 1702 1585 1742 Ibyci]
1604 1703 1656 1733 Tu
1673 1702 1795 1737 Chlori,

1110 1761 1183 1791 quae
1205 1761 1289 1782 uxor
1304 1760 1340 1781 es
1356 1752 1513 1790 pauperis
1537 1750 1645 1790 Ibyci,
1660 1751 1794 1782 taudem

1111 1809 1198 1840 pone
1227 1799 1360 1831 modum
1390 1799 1526 1830 lascivae
1560 1803 1597 1830 et
1630 1798 1796 1830 obscoenae

1112 1849 1255 1880 libidini.

1154 1901 1174 1929 2
1196 1898 1277 1936 Fige
1291 1896 1426 1936 modum]
1448 1897 1603 1928 Muretus
1618 1896 1796 1937 legendum

1113 1951 1230 1978 censet
1242 1956 1329 1986 pone.

1154 1998 1173 2025 3
1198 1995 1392 2034 Famosisque
1416 1995 1583 2035 laboribus]
1613 1995 1669 2026 Ita
1693 2003 1798 2025 mere—

1113 2044 1234 2074 tricum
1251 2053 1377 2074 amores
1395 2048 1507 2081 vocat,
1522 2047 1558 2073 et
1578 2043 1712 2082 proprie
1727 2042 1799 2081 qui-

1112 2092 1199 2122 dem.
1238 2092 1393 2122 Famosas
1408 2092 1494 2121 enim
1512 2091 1677 2121 vocabant
1691 2089 1796 2121 foemi-

1113 2149 1185 2178 nas,
1208 2148 1281 2179 quae
1307 2143 1423 2178 stupro
1445 2143 1502 2168 aut
1529 2138 1694 2169 lenocinio
1713 2137 1798 2168 infa-

1113 2196 1181 2217 mes
1208 2191 1316 2217 erant.
1361 2187 1434 2218 Cic.
1455 2186 1498 2216 de
1521 2187 1653 2226 Repub.
1675 2186 1734 2217 lib.
1748 2195 1797 2217 iv.

1114 2236 1202 2276 apud
1219 2236 1364 2267 Nonium
1378 2246 1386 2265 :
1407 2235 1417 2252 ‘
1435 2234 1547 2276 Atque
1563 2235 1677 2274 etiam,
1690 2235 1717 2266 si
1733 2245 1799 2276 qua

1114 2288 1188 2315 erat
1211 2283 1346 2318 famosa,
1365 2283 1395 2313 ei
1416 2283 1548 2323 cognati
1568 2283 1716 2314 osculum
1733 2292 1798 2314 non

1114 2331 1291 2362 ferebant.'
1329 2331 1467 2361 Torreat.
1533 2331 1602 2362 Pro
1638 2331 1799 2366 laboribus,

1115 2380 1274 2411 Heinsius
1299 2379 1478 2420 legendum
1503 2383 1619 2410 censet
1639 2379 1800 2410 coloribus.

1115 2429 1311 2468 Pomosisque
1349 2427 1516 2467 laboribus]
1551 2427 1731 2469 Turpibus,
1764 2431 1801 2459 et

1116 2478 1312 2512 meretriciis
1328 2477 1507 2509 laboribus.

1157 2530 1178 2558 4
1194 2528 1319 2558 Maturo
1335 2527 1472 2567 propior]
1494 2526 1619 2558 Desine
1635 2527 1724 2558 inter
1738 2527 1800 2558 vir-

1118 2577 1211 2617 gines
1227 2576 1355 2613 ludere,
1371 2584 1471 2616 quum
1485 2575 1528 2606 sis
1549 2575 1684 2615 propior
1705 2574 1800 2606 fune-

1118 2626 1158 2660 ri,
1183 2625 1217 2655 id
1237 2629 1300 2663 est,
1327 2624 1424 2655 morti
1449 2624 1649 2665 propinqua.
1693 2623 1797 2663 [Van-

1118 2674 1296 2713 derbourg.
1317 2673 1486 2713 proprior-‚J

1160 2726 1180 2754 6
1202 2723 1246 2753 Et
1258 2722 1356 2753 stellis
1374 2720 1528 2761 nebulam]
1551 2721 1596 2759 Et
1617 2690 1795 2760 virginibus

1120 2771 1273 2804 formosis
1287 2775 1322 2803 te
1337 2769 1517 2802 seniculum
1537 2768 1660 2800 aridam
1674 2766 1795 2798 immis-
