1916 3262
349 298 461 341 1354

351 400 433 433 One
446 407 527 431 vm.
539 398 695 439 Ἐρωτικὴ.
717 398 776 431 An
789 399 952 432 Ianum.
968 399 990 433 J
994 409 1030 430 u-

389 457 507 481 venem
529 448 682 490 Sybarin,
698 448 814 488 Lydiae
831 458 943 480 amore
959 458 1030 488 per-

389 498 510 533 ditum,
525 502 560 529 et
571 497 801 539 voluptatibus
815 497 1031 540 colliquefac-

389 549 473 586 tum,
488 551 600 579 notat.

388 598 408 628 1
430 596 533 637 Lydia
561 596 626 637 dic]
661 596 827 628 Meretrix
850 596 1032 629 delicatula

346 654 414 678 nou
428 646 574 685 vulgaris
590 645 719 678 formae.

388 697 410 726 2
434 695 476 726 Te
499 695 584 726 Deos
608 695 677 735 oro]
699 693 1031 734 Venerem,Cupidi-

345 752 435 784 nem,
451 753 527 776 cum
543 744 608 775 suis
619 743 767 775 asseclis.
793 745 887 784 (ἕως.
932 743 1031 784 Syba-

343 792 411 833 rin]
433 792 599 825 Juvenem
624 793 768 825 mollem.
810 793 951 824 Amantio
963 801 1031 832 per-

345 840 430 881 dere]
444 842 596 873 Venusta
606 841 819 882 antiphrasis,
830 845 868 872 ut
878 841 1031 882 Sybarim

345 889 453 930 Lydia
481 889 621 921 amando
650 890 792 931 ρει-(18η
815 889 894 920 dum
929 890 1031 920 amori

345 942 488 977 tantum,
514 948 577 970 nec
599 939 657 970 ulli
683 939 739 970 alii
762 937 882 978 officio,
896 947 1032 978 operam

344 996 420 1019 eum
434 987 516 1019 dare
533 988 673 1028 patitur.
697 988 838 1018 Torrent.
876 986 1033 1026 Amouda]

346 1036 438 1068 Dum
455 1037 504 1068 tui
520 1045 634 1068 amore
655 1041 775 1076 captus
799 1039 861 1075 est,
877 1041 913 1066 et
927 1035 969 1066 ab
994 1045 1034 1067 eo

345 1085 479 1116 amaris.

387 1135 406 1163 3
433 1132 578 1172 Perdere]
594 1133 677 1173 Ejus
690 1132 779 1164 bona
793 1133 986 1174 abligurire,
997 1138 1034 1165 et

346 1182 499 1222 corporis
517 1182 604 1212 vires
615 1181 785 1222 frangere.

385 1234 406 1263 4
434 1230 545 1262 Oderit
572 1231 727 1272 campum]
763 1229 926 1262 Ostendit
953 1239 1034 1269 ergo

343 1278 500 1310 miserum
513 1279 678 1320 sybarim.
691 1284 766 1311 arte
781 1279 916 1311 militari
932 1289 971 1310 ac
986 1280 1033 1311 la-

343 1327 425 1358 bore
435 1332 665 1368 praestantem,
674 1328 861 1359 meretricis
875 1333 1033 1368 tanquam

341 1375 481 1415 fascino,
502 1386 567 1407 non
584 1377 735 1417 permitti
754 1376 932 1417 quicquam
955 1384 1032 1415 age-

342 1434 380 1456 re
395 1425 484 1466 quod
508 1424 550 1456 ad
577 1425 699 1466 prioris
715 1426 798 1456 vitae
820 1424 1033 1456 consuetudi·

343 1483 421 1506 nem
450 1475 648 1515 pertineret.
685 1475 825 1506 Torreat.
870 1473 1035 1514 Campum]

344 1522 507 1564 Campum
530 1523 692 1555 Martium
719 1532 780 1555 cur
803 1522 927 1555 oderit.
969 1522 1031 1553 Pu-

344 1573 425 1604 tieas
449 1572 599 1612 pulveris]
623 1573 732 1605 Quum
755 1571 860 1612 possit
873 1571 945 1612 pati
961 1570 1032 1610 pul-

345 1629 471 1660 verem,
493 1624 530 1651 et
545 1621 661 1660 solem,
675 1625 711 1652 et
727 1621 808 1651 alios
824 1620 926 1652 etiam
941 1619 1033 1651 labo·

346 1677 401 1700 res
416 1668 590 1699 militares.

385 1720 405 1748 5
429 1716 601 1757 Militaris]
625 1717 813 1749 Militarem
838 1717 872 1747 in
895 1725 1033 1756 morem,

343 1768 399 1800 vel
416 1772 455 1800 ut
468 1768 635 1799 hominem
651 1769 832 1800 militarem
847 1768 960 1800 decet.

386 1820 407 1849 6
436 1817 559 1849 Gallica
591 1817 660 1857 nec]
693 1818 901 1850 Gallicorum
930 1826 1032 1858 equo-

344 1875 418 1897 rum
437 1875 508 1898 ora.
555 1866 687 1898 tierneo.
714 1875 766 1899 xi.
791 1870 844 1898 28.
886 1866 1033 1908 Luputis]

342 1915 462 1947 Frenis
477 1915 587 1947 instar
607 1916 798 1956 lupinorum
814 1916 965 1947 dentium
981 1925 1032 1947 as-

342 1967 434 2008 peris
449 1972 485 1998 et
509 1967 741 2007 inaequalibus‚
755 1967 875 2008 quibus
889 1967 969 2008 equi
985 1966 1033 1998 fe-

344 2017 493 2048 rociores
506 2015 717 2047 coercentur.

386 2066 407 2095 7
432 2063 606 2104 Temperet]
625 2062 882 2102 Moderata-,et
895 2061 960 2094 sibi
975 2071 1032 2103 pa-

343 2120 422 2145 rere
436 2112 572 2143 doceat.

385 2164 406 2194 8
430 2161 580 2202 Tiberim]
595 2161 760 2201 Vegetius
773 2168 799 2191 ι.
816 2162 869 2191 10.
891 2160 901 2177 ‘
915 2160 1033 2191 Roma·

342 2211 380 2243 ni
403 2220 556 2252 campum
583 2209 745 2242 Martium
761 2209 908 2240 vicinum
921 2208 1033 2240 Tiberi

345 2261 558 2301 delegerunt,
592 2259 626 2290 in
661 2267 727 2299 quo
757 2257 919 2298 juventus
956 2262 1034 2298 post

343 2309 546 2341 exercitium
569 2316 748 2346 armorum,
775 2306 931 2338 sudorem
960 2307 1033 2346 pul-

343 2367 523 2401 veremque
535 2358 703 2389 diluerent
716 2367 726 2395 ;
741 2366 780 2388 ac
791 2355 1033 2395 lassitudinem,

343 2416 527 2449 cursusque
553 2406 700 2438 laborem
716 2405 864 2437 natando
886 2406 1032 2446 depone-

344 2456 444 2488 rent.'
495 2457 561 2487 Cur
589 2454 719 2495 olivum]
757 2455 879 2495 Rogat,
906 2455 1033 2486 luctam

345 2513 407 2537 eur
423 2505 522 2546 pejus
537 2513 647 2545 angue
661 2503 771 2535 oderit
786 2514 795 2535 ε
818 2512 859 2534 an
875 2503 953 2544 quia
967 2512 1035 2534 me-

343 2555 467 2587 tuebat
479 2554 544 2586 olei
552 2553 656 2585 odore
669 2553 836 2584 dominam
843 2550 1034 2584 offendere?

344 2603 502 2635 Insanum
517 2603 598 2634 illud
613 2603 778 2643 palaestrae
790 2601 880 2642 apud
893 2601 1034 2633 Graecos

345 2651 507 2691 studium,
523 2652 677 2684 omnibus
706 2656 844 2683 notum:
868 2650 1035 2693 siquidem

347 2700 569 2732 Anacharsim
598 2699 703 2732 refert
727 2699 897 2739 Laertius,
925 2699 1035 2731 oleum

346 2748 494 2780 vesaniae
506 2748 665 2788 φάρμακον
674 2749 878 2789 appellasse3
890 2747 980 2789 quod
993 2757 1034 2780 eo

348 2797 443 2830 uncti
459 2795 607 2828 Athletae
622 2801 738 2829 mutuo
760 2797 793 2828 in
809 2806 846 2829 se
861 2797 974 2830 furere
988 2797 1035 2830 vl-

792 307 933 339 NOTAE
968 307 1225 339 VARIORUM
1257 307 1308 339 m

1082 399 1255 431 derentur.
1278 400 1420 432 Torrent.
1462 399 1532 431 Per
1542 399 1700 432 olivam-rb
1711 401 1764 439 ιιή.

1079 459 1163 489 ρωμα
1177 448 1330 486 denotat,
1344 448 1376 479 id
1388 452 1452 487 est,
1467 452 1666 488 unguentum,
1679 450 1766 490 quod

1080 507 1122 528 ex
1135 505 1214 527 cera
1228 496 1268 527 fit
1283 497 1356 528 oleo
1371 497 1508 529 subacta
1523 507 1590 539 quo
1603 499 1769 539 palaestri-

1080 550 1124 576 tae
1141 545 1174 575 in
1189 545 1277 576 lucta
1288 545 1481 578 utebantur.
1505 547 1601 588 (ἶνας.
1635 547 1768 579 mer-‘m

1079 593 1220 633 tangere]
1250 593 1398 625 Tiberim
1429 598 1574 626 tranare.
1619 596 1686 627 Cur
1712 596 1771 627 oli·

1079 644 1164 684 vum]
1188 645 1257 676 Cur
1286 645 1411 676 luctam
1437 644 1575 676 horret?
1608 645 1769 677 luctaturi

1081 692 1262 724 utebantur
1277 698 1458 734 unguento,
1470 693 1558 735 quod
1571 703 1613 726 ex
1624 703 1703 726 cera
1717 693 1770 736 fit,

1081 741 1156 772 oleo
1169 741 1320 773 subacta.

1123 795 1143 824 9
1169 792 1327 833 viperino]
1345 792 1511 834 Sanguine
1524 802 1704 826 venenoso.

1125 843 1164 871 lo
1185 839 1308 880 Armis]
1331 840 1404 872 Usu
1419 845 1455 872 et
1476 840 1646 883 frequenti
1661 850 1769 874 armo·

1081 898 1154 920 rum
1171 889 1332 929 pondere.

1123 939 1162 969 11
1186 937 1297 977 Disco]
1332 938 1439 970 Disco
1463 938 1685 971 nobilitatus:
1708 939 1767 981 qni

1081 985 1215 1027 quidem
1229 986 1325 1017 ludus
1336 992 1409 1019 erat
1422 987 1529 1029 primo
1540 987 1696 1029 Graecus,
1707 987 1768 1020 de·

1081 1035 1160 1066 inde
1183 1045 1202 1066 a
1217 1035 1348 1067 Graecis
1373 1036 1556 1068 translatus
1581 1036 1624 1067 ad
1645 1037 1768 1068 Roma-

1081 1093 1153 1115 nos.
1196 1083 1307 1124 Disco]
1329 1084 1466 1116 Discum
1491 1085 1617 1116 dictum
1639 1085 1769 1120 volunt,

1083 1141 1102 1163 s
1124 1133 1250 1172 δισκεῖν,
1276 1132 1365 1174 quod
1388 1137 1441 1164 est
1463 1131 1607 1172 βάλλειν,
1629 1132 1717 1163 unde
1731 1137 1768 1164 et

1081 1180 1277 1220 δισκοβόλος,
1292 1181 1348 1222 qui
1365 1180 1494 1213 discum
1502 1181 1604 1222 jacit.
1625 1180 1732 1212 lamb.

1127 1233 1165 1261 12
1189 1230 1279 1271 Soepe
1306 1233 1395 1261 tram
1413 1229 1529 1272 finem]
1549 1230 1650 1271 Soepe
1678 1230 1768 1262 ultra

1082 1279 1259 1312 terminum
1271 1279 1386 1321 jaculo
1403 1279 1540 1312 fortiter
1559 1285 1595 1312 et
1608 1279 1769 1322 expedite

1081 1329 1201 1359 emisso
1217 1329 1422 1360 nobilitatus.

1125 1379 1164 1408 13
1188 1377 1272 1412 Quid
1291 1377 1382 1417 latet]
1405 1378 1474 1409 Cur
1496 1387 1562 1409 non
1577 1379 1692 1419 prodit
1703 1379 1768 1420 Sy-

1081 1426 1171 1458 baris
1186 1426 1218 1457 in
1235 1426 1420 1466 publicum,
1435 1427 1494 1458 sed
1509 1427 1598 1458 inter
1613 1428 1768 1459 meretri-

1083 1485 1138 1507 ces
1154 1475 1251 1515 latet,
1267 1480 1302 1506 et
1317 1474 1524 1506 emollescit?
1572 1476 1616 1507 Ut
1629 1476 1767 1512 marine,

1080 1524 1148 1565 &et-J
1170 1524 1323 1565 Sybarim
1347 1524 1506 1564 Juveuem
1528 1532 1595 1555 non
1617 1525 1715 1556 aliter
1733 1525 1767 1556 in

1081 1575 1304 1606 meretriculae
1331 1573 1551 1605 contubernio
1578 1574 1767 1605 latitantem

1081 1623 1176 1664 facit,
1202 1633 1301 1665 quam
1338 1623 1416 1654 olim
1452 1622 1542 1654 iuter
1567 1622 1767 1663 Lycomedis

1080 1672 1177 1713 scyri
1192 1672 1282 1711 regis
1295 1671 1380 1703 filias
1394 1671 1573 1704 Achillem.
1599 1671 1740 1703 ros-rent.

1117 1725 1158 1754 14
1176 1721 1295 1753 Filium
1308 1722 1415 1753 dicunt
1427 1721 1580 1761 Thetidis]
1591 1720 1767 1759 Achillem,

1082 1769 1138 1810 qui
1155 1779 1175 1800 a
1197 1774 1305 1801 matre
1318 1769 1461 1800 Thetide
1487 1769 1604 1801 habitu
1626 1769 1768 1810 puellari

1081 1817 1233 1858 indutus,
1245 1827 1288 1849 ne
1309 1821 1557 1859 agnosceretur,
1573 1818 1606 1849 in
1619 1818 1768 1849 Insulam
1802 1854 1808 1857 y

1081 1867 1222 1908 Scyrum
1238 1867 1281 1898 ad
1296 1867 1498 1899 Diomedem
1517 1871 1571 1898 est
1589 1866 1768 1899 deductus.

1081 1917 1148 1948 Suo
1175 1916 1366 1958 lachrymosa
1393 1914 1508 1956 Troice]
1544 1915 1653 1948 Paulo
1689 1919 1769 1947 ante

1081 1966 1285 1998 eversionem
1299 1966 1422 2006 Trojae.

1126 2017 1165 2045 ¹5
1188 2013 1328 2053 Fmtero]
1350 2013 1462 2044 Etiam
1473 2013 1768 2053 Cremu-urnaque

1079 2061 1123 2093 ad
1137 2062 1272 2102 Trojam
1288 2061 1475 2102 contigere.
1503 2060 1607 2101 Atqui
1623 2060 1651 2091 si
1668 2060 1767 2098 1⁹⁷⁰}oe

1072 2109 1190 2148 sunem
1204 2118 1265 2150 pro
1277 2109 1387 2149 Trojoe
1405 2108 1540 2140 excidio
1564 2107 1767 2148 interprete-

1080 2158 1136 2199 ris,
1150 2167 1217 2189 uon
1233 2156 1440 2189 conveniunt
1454 2160 1618 2197 tempora.
1654 2155 1769 2187 Achil·

1080 2207 1120 2238 lis
1149 2207 1235 2238 enim
1261 2205 1401 2237 latebrae
1424 2204 1506 2236 totis
1525 2204 1619 2236 annis
1649 2204 1767 2236 decem

1080 2264 1300 2296 praecessere.
1322 2255 1462 2285 Torrent-
1506 2254 1558 2284 Ne
1581 2253 1684 2284 virilis
1703 2254 1767 2285 oul-

1079 2304 1145 2344 tus]
1167 2304 1222 2335 Ne
1238 2303 1380 2335 vestitus
1391 2302 1497 2334 virilis
1510 2312 1586 2334 eum
1596 2303 1630 2334 in
1644 2303 1767 2334 bellum

1079 2354 1259 2393 Troianum
1276 2353 1500 2394 protraheret.

1125 2406 1165 2435 16
1195 2403 1308 2444 Lycias
1334 2402 1488 2443 catervas]
1525 2402 1619 2434 Quas
1643 2410 1767 2443 nempe

1080 2453 1268 2494 Sarpedon,
1283 2461 1343 2483 rex
1356 2451 1470 2492 Lyciae
1491 2455 1567 2492 post
1582 2450 1768 2483 Hectorem

1084 2502 1299 2541 fortissimus,
1314 2500 1449 2531 Priamo
1472 2499 1672 2532 adduxerat·
1693 2499 1770 2531 ror-

1081 2555 1162 2584 rent.
1190 2551 1303 2592 Lycias
1315 2547 1500 2590 proriperet]
1513 2548 1692 2580 Ponuntur
1704 2548 1769 2589 Ly-

1082 2601 1126 2632 cii
1139 2610 1200 2641 pro
1221 2599 1388 2640 Trojanis,
1413 2597 1534 2639 quibus
1558 2606 1657 2638 opem
1679 2596 1766 2629 fere-

1082 2651 1184 2682 bant:
1209 2650 1257 2680 sic
1282 2646 1507 2689 cognominati
1527 2655 1549 2678 a
1567 2647 1657 2687 Lyco
1678 2647 1766 2678 Pan-

1081 2699 1190 2731 dionis
1212 2698 1293 2730 filio.
1337 2694 1529 2737 erm-iperet]
1553 2695 1687 2736 Raptim
1711 2693 1765 2726 vet

1082 2751 1210 2780 temere
1226 2747 1385 2779 traheret.

1083 2799 1165 2831 ΟΝ.
1181 2806 1234 2831 tx.
1253 2794 1466 2837 napum-utin.
1510 2793 1566 2825 An
1586 2791 1766 2824 Taman-
