1930 3204
379 273 400 312 1
408 273 489 313 546

379 376 416 404 ut
431 377 587 413 tanquam
605 374 656 403 vir
669 374 700 403 in
718 372 868 404 foeminas
884 380 1013 414 ageret.

419 424 461 453 42
473 421 711 460 Ariminensem]
727 422 911 454 Ariminum
923 424 1061 456 esturbs

378 470 410 501 in
427 470 539 501 Italia.

418 523 459 551 43
484 521 593 551 Otiosa
617 520 746 551 credidit
773 521 935 563 Neapolis]
961 522 1061 554 Ovid.

379 569 464 600 Met.
482 578 532 600 νι.
556 574 564 586 ¹
582 570 626 600 Et
643 569 675 600 in
699 570 767 600 otia
788 575 898 602 natam
920 571 1062 603 Parthe-

377 627 487 657 nopen
503 623 537 648 et
554 618 595 648 ab
606 618 655 648 his
667 619 803 650 Cumeae
816 621 1062 661 templaSibyl·

376 667 443 697 lae.’
486 667 552 700 Qui
569 677 603 698 se
619 668 687 698 otio
703 678 852 700 asserere
866 669 1062 709 cupiebant,

377 719 412 745 et
425 715 564 746 aburbe
578 716 793 756 secedebant,
808 718 985 758 Neapolim
997 728 1061 749 non

377 772 451 795 raro
477 773 512 795 se
543 764 761 804 recipiebant,
789 776 864 807 quae
894 768 1061 798 hominnm

375 813 556 844 otiosorum
605 814 809 845 domicilium
846 821 931 846 erat.
982 815 1060 847 vid.

373 861 475 892 Turn.
494 871 599 892 xxxx.
619 865 652 893 2.
699 863 810 894 Otiosa
832 865 962 894 credidit
980 864 1062 894 Nea-

373 910 466 950 polis]
499 910 659 951 Neapolis
689 912 753 942 sita
781 917 832 942 est
859 913 892 942 in
918 921 1063 951 secessu,

376 958 453 989 vitae
471 960 662 998 tranquillae
677 965 714 990 et
726 961 841 991 otiosae
854 962 1040 1001 aptissimo.

415 1010 455 1036 45
482 1007 560 1041 Quae
574 1009 674 1039 sidera
689 1013 852 1041 excantata
865 1010 950 1049 voce]
974 1010 1059 1042 Quae

374 1056 468 1086 Folia
483 1058 606 1096 deripit
621 1058 744 1093 sidera,
759 1061 824 1089 &m
873 1059 952 1090 Voce
970 1059 1063 1090 Thes·

373 1104 454 1144 solu]
474 1105 531 1136 Sic
549 1106 658 1145 Epod.
670 1115 760 1138 xvu.
785 1111 794 1124 ‘
808 1108 920 1138 Marsa
937 1109 1064 1139 naenia.’

375 1154 463 1184 Nam
475 1159 510 1183 et
522 1154 626 1185 Marsi
641 1155 812 1186 veneficiis
822 1157 949 1187 nobiles
959 1155 1063 1188 fuere.

374 1203 495 1242 Neque
525 1208 652 1234 tantum
679 1205 790 1235 lierbae
819 1205 887 1236 inae
911 1207 1064 1246 magicae,

373 1256 531 1290 quantum
548 1253 694 1282 carmina
710 1253 858 1292 valuere,
873 1263 976 1294 quare
993 1255 1062 1294 ple-

373 1308 509 1340 rumque
526 1309 545 1330 a
569 1300 684 1332 Poetis
708 1302 965 1342 conjunguntur.
1010 1303 1062 1334 De

371 1351 539 1382 Thessalia
574 1361 653 1382 vero
686 1362 726 1383 eo
763 1354 896 1384 nomine
933 1353 1063 1393 infami,

373 1404 546 1439 postquam
562 1401 726 1432 Thessalae
747 1403 903 1434 mulieres
922 1404 1061 1434 Thessa-

373 1448 467 1487 lique
498 1449 585 1487 magi
614 1449 645 1479 in
677 1452 892 1489 proverbium
925 1462 1060 1492 venere,

373 1497 479 1528 inulta
495 1498 611 1528 dicere
626 1499 723 1530 otiosi
739 1499 879 1531 hominis
901 1501 958 1532 sit.
1002 1501 1059 1531 Vi—

371 1545 414 1577 de
453 1547 543 1577 Plin.
567 1555 657 1579 xxx.
695 1551 725 1579 1.
772 1549 930 1590 Thessala]
965 1550 1060 1581 Voce

373 1594 514 1634 magica,
529 1595 582 1624 vel
596 1596 805 1626 cantionibus
821 1597 978 1637 Magicis,
989 1599 1060 1639 qui-

372 1643 434 1673 bus
457 1648 593 1673 utentes
607 1643 756 1674 Thessali
773 1645 883 1676 lunam
899 1650 935 1677 et
949 1646 1061 1678 sidera

371 1700 390 1721 e
419 1691 506 1721 coelo
536 1691 569 1721 in
594 1696 716 1722 terram
741 1693 921 1725 devocant.
966 1695 1060 1735 Virg.

374 1741 383 1758 ‘
401 1740 556 1771 Carmina
572 1741 626 1771 vel
641 1741 725 1772 coelo
737 1747 876 1782 possunt
891 1741 1060 1774 deducere

371 1788 507 1820 lunam!

411 1840 454 1868 46
490 1838 634 1879 Der-ipit]
673 1838 729 1870 Sic
762 1839 888 1870 habent
922 1840 1058 1872 codices

371 1886 493 1918 Bland.
512 1896 590 1922 non,
606 1893 642 1918 ut
660 1888 772 1927 vulgo,
786 1889 913 1928 diripit.-
936 1890 946 1907 ‘
960 1889 1057 1920 Deri-

371 1945 452 1975 pere
463 1935 473 1949 '
495 1941 606 1967 antem
623 1941 685 1973 est,
701 1937 855 1968 deorsum
873 1947 992 1978 rapere
1016 1948 1058 1970 ex

369 1986 533 2026 superiori
561 1986 645 2018 loco.
671 1987 766 2026 Cruq.
800 1987 954 2018 &Videtur
976 1989 1059 2019 allu-

369 2034 449 2064 dere
466 2034 508 2065 ad
533 2035 759 2074 proverbium,
781 2037 790 2052 ‘
806 2036 932 2067 Lunam
946 2036 1058 2067 detra-

367 2083 469 2113 here!
499 2083 599 2115 Quod
615 2083 702 2114 idem
718 2088 772 2114 est
787 2094 827 2115 ac
849 2089 858 2103 ‘
870 2085 1025 2125 deripere
1037 2086 1058 2116 :’

369 2133 477 2164 iuvita
491 2134 577 2164 enim
594 2133 782 2165 descendit.

419 2184 461 2212 47
498 2182 697 2222 Ιντεεεσιιιηι]
734 2183 921 2214 Inresectum
955 2183 1056 2214 scribi

369 2230 493 2267 malim,
517 2235 553 2261 et
577 2240 637 2270 pro
659 2240 725 2261 non
742 2234 874 2261 resecto
891 2230 1056 2271 interpre-

368 2283 442 2310 tor:
467 2278 500 2309 id
517 2279 603 2310 enim
629 2277 786 2309 veneficae
811 2279 915 2318 magis
934 2289 1056 2311 conve-

367 2329 428 2367 nit,
440 2329 555 2367 longos
571 2336 756 2368 curvosque
773 2333 906 2367 gestare
919 2338 1058 2368 ungues,

366 2386 450 2417 qnos
475 2377 718 2407 incantationes
754 2386 830 2407 suas
863 2377 1056 2409 meditando

366 2425 548 2463 arrodant3
564 2425 652 2465 quod
665 2434 825 2456 summam
837 2426 936 2456 animi
947 2430 1055 2458 atten-

367 2476 492 2506 tionem
508 2475 728 2505 demonstrat.
773 2475 910 2506 Persius
928 2485 936 2506 :
959 2477 968 2492 ‘
982 2476 1055 2507 Nec

367 2525 517 2564 pluteum
543 2524 659 2564 caedit,
683 2533 746 2554 nec
770 2524 943 2555 demorsos
967 2524 1055 2564 sapit

367 2573 519 2614 ungues.'
541 2573 729 2604 Irresectum
744 2583 825 2604 aava
838 2575 930 2605 dente
943 2574 1053 2615 livido]

367 2622 521 2661 Unguem
539 2622 668 2662 pollicis
685 2631 748 2653 non
766 2628 942 2654 resectum.
967 2624 1052 2655 Nam

367 2670 523 2700 mulieres
555 2670 713 2702 veneficae
736 2681 863 2710 ungues
894 2682 969 2704 suos
998 2682 1054 2704 nu-

367 2719 482 2754 triunt,
503 2730 566 2751 non
588 2726 715 2762 secant,
741 2722 867 2763 quippe
891 2733 965 2764 quae
987 2733 1052 2758 non

834 285 972 314 NOTAE
1005 284 1261 317 VARIORUM
1294 288 1348 318 IN

1110 378 1217 409 minus
1249 389 1388 420 corpore
1418 390 1514 422 quarn
1542 383 1652 415 animo
1679 388 1792 427 turpes

1110 431 1187 458 sunt
1223 433 1257 459 et
1294 429 1472 460 deformes.
1515 431 1580 462 Hic
1613 433 1794 466 inresectum

1108 485 1190 506 θωνα
1202 477 1291 507 dente
1305 478 1413 518 livido]
1439 479 1559 518 Longis
1575 484 1609 511 et
1621 481 1795 513 iureseetie

1110 524 1272 562 unguibus
1294 534 1370 564 saga
1396 526 1544 565 tingitur.
1568 532 1636 559 tum
1658 529 1701 560 ob
1721 530 1796 561 illu-

1110 572 1197 603 viem
1236 578 1271 604 et
1300 573 1486 606 foeditatem
1520 577 1689 616 corporis;
1725 582 1794 609 tum

1111 620 1199 660 quod
1225 631 1297 652 eam
1318 623 1382 653 illis
1407 623 1488 654 dant
1514 625 1649 660 rabiem,
1666 631 1704 657 ut
1718 634 1793 666 qum

1111 669 1165 699 alii
1179 668 1269 701 ferro
1281 676 1315 702 et
1327 673 1441 703 cultris
1451 673 1632 708 dissecent,
1642 674 1724 714 ipsas
1736 683 1796 705 nn-

1111 718 1228 755 gnibus
1251 719 1474 762 dentibusque
1495 722 1689 762 expediant.
1713 723 1796 754 Gro-

1109 776 1176 798 noo.

1151 819 1193 847 49
1217 818 1247 848 Ο
1261 817 1349 849 rebus
1364 817 1453 857 meis]
1488 819 1573 850 ΗΜ
1595 819 1752 851 dicuntur
1776 829 1796 850 a

1110 865 1262 901 Canidia,
1280 867 1310 897 0
1324 867 1412 898 rebus
1425 868 1510 903 meis,
1524 870 1578 908 &c-

1152 915 1194 944 5⁰
1216 914 1368 954 Arbitrae]
1393 915 1469 945 Non
1484 916 1634 948 infideles
1647 921 1762 949 testes.

1152 964 1191 992 51
1216 961 1381 992 Silentium
1393 963 1493 1003 regis]
1518 964 1630 996 Recte·
1638 966 1701 996 hoc
1713 967 1795 998 Dia-

1110 1020 1162 1041 nae
1185 1011 1317 1050 tribuit,
1337 1011 1406 1042 sive
1431 1011 1472 1042 ad
1496 1013 1605 1044 noctis
1624 1015 1794 1047 silentium

1110 1059 1248 1098 referas,
1278 1062 1348 1090 sive
1377 1060 1418 1091 ad
1445 1060 1478 1091 id
1515 1061 1603 1101 quod
1630 1061 1664 1093 in
1690 1064 1796 1094 oneris

1112 1109 1404 1148 praescribebantur,
1457 1109 1601 1140 maxime
1650 1111 1797 1151 magici».

1112 1158 1199 1189 Nam
1214 1163 1249 1188 et
1266 1157 1355 1189 nocti
1377 1162 1412 1188 et
1434 1158 1552 1198 magiae
1575 1164 1699 1198 praest
1714 1159 1796 1190 Dia-

1111 1216 1166 1247 na,
1189 1207 1306 1238 eadem
1331 1207 1460 1238 scilieet
1481 1217 1556 1248 quae
1578 1213 1613 1238 et
1634 1207 1740 1246 Luna,
1761 1213 1797 1240 et

1112 1256 1254 1287 Hecate.
1307 1256 1403 1296 Virg.
1426 1258 1435 1273 ⁸
1451 1256 1577 1287 Tacitae
1602 1265 1666 1296 per
1690 1257 1796 1288 amice

1111 1305 1247 1343 silentia
1268 1305 1377 1337 lnnae.'
1421 1305 1558 1345 Magios
1573 1311 1686 1337 autem
1702 1314 1795 1337 sacra

1109 1353 1180 1385 fere
1195 1359 1369 1386 nocturna.
1412 1353 1501 1384 Vide
1521 1354 1664 1386 Turneb.
1681 1363 1746 1386 κει.
1762 1356 1795 1387 5.

1108 1407 1146 1433 et
1163 1411 1238 1434 xlv.
1256 1405 1287 1434 9.
1332 1402 1496 1437 Silentium
1511 1403 1610 1443 regis]
1641 1403 1735 1434 [nina
1752 1403 1793 1434 si-

1110 1451 1249 1482 lentium
1266 1461 1385 1491 regere
1402 1451 1536 1491 dicitur,
1558 1452 1635 1492 quia
1657 1461 1720 1483 nox
1746 1457 1794 1483 ta-

1109 1501 1240 1531 citurna
1254 1506 1316 1532 est.
1527 1507 1529 1509 ’

1151 1552 1192 1580 52
1222 1550 1346 1581 Arcana
1370 1559 1437 1581 cum
1454 1550 1542 1588 ,fiunt
1567 1550 1668 1590 swa]
1705 1551 1792 1582 Dum

1110 1603 1272 1629 nocturna
1289 1599 1460 1629 mulierum
1473 1599 1718 1639 sacrificia,seu
1736 1609 1793 1640 po-

1111 1648 1176 1677 tius
1192 1647 1357 1678 maleficia
1372 1649 1598 1679 celebrantur.

1151 1699 1192 1726 53
1216 1697 1257 1727 In
1271 1696 1394 1727 hostiles
1407 1695 1524 1736 domos]
1546 1696 1588 1728 In
1604 1698 1730 1729 Varum
1744 1707 1794 1728 se-

1110 1753 1198 1784 nem,
1211 1744 1267 1784 qni
1281 1754 1333 1774 me
1346 1750 1555 1784 aspernatur,
1567 1745 1632 1776 vim
1646 1751 1793 1778 vestram

1109 1793 1254 1823 divinam
1273 1794 1407 1824 vertite.
1449 1794 1608 1834 [Quidum
1627 1794 1726 1826 codd.
1741 1805 1796 1836 ap.

1108 1841 1231 1881 Jaeck,
1253 1842 1377 1873 hostiles
1390 1842 1522 1882 domus]

1149 1895 1188 1922 55
1210 1892 1423 1923 Formidolosoe
1432 1891 1520 1931 dum]
1535 1891 1626 1923 Libri
1637 1901 1702 1923 non
1713 1901 1795 1932 pau-

1108 1942 1217 1972 ciores
1226 1942 1436 1978 formidolosis
1451 1942 1580 1982 legunt,
1593 1946 1628 1972 et
1648 1951 1717 1973 cm
1731 1951 1792 1983 pro

1107 1992 1191 2029 dum,
1221 2001 1294 2022 meo
1316 1991 1447 2032 jndicio
1476 1991 1622 2022 rectius:
1658 1995 1793 2023 noctem

1107 2041 1195 2071 enim
1216 2041 1387 2072 describit.
1433 2041 1649 2071 Fomidolosae
1662 2041 1734 2072 dnm
1747 2042 1794 2070 la—

1106 2093 1172 2120 tent
1184 2090 1281 2129 sylvis
1287 2089 1385 2128 seroe]
1409 2090 1533 2119 Noctu.

1147 2137 1205 2176 [56
1219 2137 1398 2175 Bamberg.
1416 2145 1470 2175 ap.
1480 2135 1599 2170 Jaeck,
1610 2135 1712 2175 sopori
1724 2136 1790 2166 lan-

1103 2184 1235 2224 guidox]

1147 2237 1188 2266 5⁷
1212 2234 1322 2266 Senem
1336 2234 1430 2275 (quod
1451 2243 1552 2264 omnes
1570 2233 1710 2273 rideant]
1741 2234 1790 2266 Ut

1104 2284 1230 2314 Varum
1242 2288 1463 2314 scortatorem
1473 2292 1573 2313 canes
1585 2283 1743 2318 allati-ant
1757 2283 1791 2315 in

1104 2332 1246 2370 Subura,
1269 2332 1344 2362 dum
1361 2332 1405 2363 ibi
1422 2332 1616 2362 meretrices
1629 2337 1791 2372 sectatur,

1106 2390 1204 2421 quem
1229 2390 1342 2411 omues
1367 2380 1468 2411 etiam
1496 2380 1628 2413 rideant
1653 2385 1792 2421 propter

1097 2429 1282 2468 juvenilem
1304 2430 1336 2459 in
1361 2439 1440 2459 sene
1462 2438 1620 2459 amorem.
1662 2430 1791 2466 Adnota-

1103 2478 1186 2518 rum]
1210 2479 1276 2510 Pro
1303 2479 1428 2509 moerlin
1454 2479 1578 2518 posuit,
1601 2479 1650 2510 uti
1674 2484 1710 2510 et
1733 2479 1790 2510 lex

1103 2528 1195 2559 Julia
1210 2528 1252 2558 de
1268 2527 1452 2559 Adulteriis
1468 2537 1507 2558 eo
1527 2529 1690 2561 vocabulo
1713 2537 1790 2568 pro-

1103 2578 1230 2609 misene
1247 2577 1363 2608 utitur.
1395 2578 1584 2608 Monendus
1594 2578 1696 2609 etiam
1710 2578 1792 2610 Lec-

1105 2631 1157 2657 tor
1172 2627 1204 2657 in
1219 2627 1348 2666 optimo
1363 2626 1438 2658 cod.
1463 2627 1525 2666 legi
1546 2636 1647 2659 senem
1658 2637 1789 2667 queom-

1103 2685 1170 2714 nes,
1192 2684 1252 2715 pro
1277 2675 1374 2715 quod.-
1395 2679 1500 2711 recte,
1520 2680 1558 2706 ut
1573 2685 1636 2716 ego
1651 2675 1784 2716 quiden

1103 2733 1237 2755 censeo.
1282 2723 1354 2764 [lta
1370 2725 1642 2765 quoquelegitnr
1662 2723 1696 2755 in
1711 2722 1784 2754 cod.
