1930 3204
411 272 521 314 1636

410 382 542 404 servum
559 382 641 404 esse.
684 371 827 402 Domina
844 371 896 410 J‘us
918 371 996 412 esse]
1017 372 1093 404 Ser-

410 422 535 453 vabant
552 427 661 452 autem
674 421 799 451 domini
815 421 848 451 in
864 421 969 451 servis
980 430 1094 452 manu-

408 471 526 509 missis,
543 471 603 501 hoc
619 474 681 508 est,
697 469 825 500 libertis
849 469 928 505 suis,
943 470 1000 510 jus
1015 479 1094 510 ope-

408 528 531 552 rarum,
546 518 698 548 nimirum
715 517 750 547 in
765 517 887 548 calceis
901 518 1045 557 suendis,
1059 522 1095 549 et

409 567 572 605 vestibus,
584 568 647 596 &c.
667 567 760 606 Cruq.
800 566 939 604 Rogabat
953 566 1094 606 Denique

407 625 462 645 cur
476 614 763 654 unquamsugisset,
785 614 835 644 cui
848 615 925 646 sutis
939 623 1000 646 una
1013 615 1046 645 F
1043 624 1093 645 ur-

408 664 453 693 ris
466 663 648 702 libraforee,
657 663 769 702 gracili
779 663 834 703 sic,
843 666 961 704 tamque
971 663 1095 704 pusillo]

407 713 463 744 Sic
476 713 562 744 enim
579 713 624 744 ibi
641 713 763 752 scribo,
777 722 855 749 non,
871 719 907 745 ut
922 714 1092 753 estvulgo,

406 772 461 793 cur
473 772 626 803 nunquam
632 762 779 802 fugisset.
806 763 994 804 Fugiebant
1005 763 1092 794 servi

409 811 523 842 durius
545 811 648 842 babiti
672 820 692 842 a
714 810 866 850 dominis,
888 817 924 844 et
943 812 998 852 qui
1014 821 1093 843 con-

407 861 494 892 tenti
520 870 585 892 non
609 865 706 892 eraut
731 870 797 892 uua
821 860 906 892 libra
933 860 1032 892 farris
1058 861 1092 892 iu

407 910 480 940 dies
497 919 556 950 pro
571 910 688 940 diario.
714 909 762 940 At
776 909 830 940 bic
847 910 881 940 in
896 918 984 949 eum,
994 919 1092 950 quem

406 960 545 999 fugisse,
560 968 636 990 eum
654 967 769 989 servus
786 963 890 998 esset,
903 959 1025 999 arguit,
1047 960 1094 990 ita

398 1008 546 1047 jocatur,
565 1011 604 1038 ut
629 1007 768 1037 miretur
793 1016 853 1037 cur
879 1007 1014 1038 omniuo
1034 1017 1094 1038 un·

406 1064 505 1096 quam
519 1054 666 1096 fugerat,
680 1055 733 1085 eui
750 1064 846 1086 causa
862 1064 929 1086 non
947 1059 1020 1086 erat
1035 1065 1094 1086 cur

406 1105 497 1135 exire
513 1113 532 1134 e
547 1103 645 1134 domo
661 1103 786 1134 domini
807 1104 919 1138 vellet.
945 1103 1035 1144 quod
1059 1103 1093 1134 in

405 1162 546 1193 corpore
572 1162 669 1184 vesco
686 1157 721 1183 et
737 1152 853 1193 gracili
868 1152 953 1183 libra
975 1162 1039 1183 una
1063 1153 1094 1183 ei

404 1201 517 1238 farris,
542 1202 633 1243 quod
658 1202 795 1233 solenne
821 1211 992 1233 servorum
1022 1202 1093 1233 dia-

405 1252 507 1290 rium,
525 1250 605 1282 satis
622 1254 714 1281 esset
726 1249 851 1282 futura.
875 1250 1008 1281 Salmas.

448 1302 490 1330 68
512 1299 678 1338 fugisset.-
700 1298 765 1338 cui]
795 1299 894 1332 Quod
915 1308 934 1329 a
959 1299 1094 1330 domina

405 1356 465 1378 sua
479 1346 576 1377 nimis
595 1356 698 1387 parce
713 1347 872 1378 aleretur.
915 1347 1002 1378 Satis
1015 1347 1091 1387 una]

404 1394 459 1425 Ad
475 1395 628 1426 diurnum
643 1395 780 1426 vietum.

446 1446 488 1474 69
511 1443 636 1483 Farris]
668 1444 830 1483 Spectant
852 1444 917 1475 huc
931 1444 1036 1475 verba
1051 1453 1092 1476 ex

406 1501 474 1523 xn.
491 1491 576 1522 Tab.
591 1491 634 1522 de
652 1496 784 1522 retento
799 1492 832 1522 in
848 1501 984 1523 carcere
1000 1493 1092 1523 debi-

405 1546 492 1580 tore,
514 1541 618 1572 citata
633 1540 722 1581 apud
738 1541 882 1572 Genium
899 1549 961 1571 xx.
979 1543 1008 1571 1.
1030 1542 1040 1558 ‘
1055 1540 1091 1571 Si

405 1589 508 1627 volet,
539 1597 600 1618 suo
626 1589 750 1619 vivito:
775 1589 808 1618 ni
831 1598 891 1619 suo
916 1589 1011 1624 vivit,
1036 1589 1093 1629 qui

405 1645 480 1666 eum
496 1636 642 1666 vinctum
657 1636 806 1674 habebit,
832 1636 933 1667 libras
947 1635 1044 1666 farris
1059 1637 1092 1666 in

405 1684 476 1714 dies
503 1682 617 1714 datoz’
637 1692 735 1724 quem
762 1683 874 1713 locum
897 1693 917 1713 a
938 1683 1093 1714 Turnebo

404 1731 548 1772 primum
575 1730 618 1761 ad
642 1730 874 1762 illustrandum
901 1730 1021 1762 Horat.
1036 1731 1094 1762 ob-

404 1783 574 1811 servatum
590 1779 734 1811 Advers.
748 1789 788 1811 11.
811 1782 862 1811 13.
886 1780 988 1811 tacito
1010 1781 1094 1812 Tur-

406 1828 487 1859 nebi
513 1828 656 1868 nomine,
682 1828 862 1859 Lambinus
887 1828 920 1859 in
941 1838 1018 1860 suos
1042 1829 1095 1861 bic

408 1877 674 1909 Commentarios
690 1877 815 1908 retulit.
834 1877 972 1908 Torrent.
1013 1879 1096 1909 Gra-

406 1927 459 1958 cili
475 1927 535 1968 sic]
548 1927 724 1968 Εἶρωνικῶς,
741 1927 879 1968 perinde
893 1937 933 1958 ac
948 1927 976 1958 si
992 1928 1095 1968 dicat,

407 1978 479 2016 ejus
495 1976 584 2017 fugae
600 1986 732 2008 causam
746 1975 850 2007 fuisse
871 1976 1012 2007 dominae
1028 1985 1096 2007 suae

406 2026 659 2065 parcimoniam,
681 2025 738 2066 qui
760 2034 821 2065 pro
844 2025 1000 2056 vastitate
1022 2034 1096 2056 cor-

406 2075 510 2113 poris,
523 2080 559 2105 et
573 2084 632 2105 sua
643 2074 830 2106 voracitate
841 2074 969 2114 diurna,
981 2075 1093 2114 plures

407 2121 506 2152 farris
520 2121 621 2152 libras
637 2122 796 2161 exigeret.
823 2122 918 2161 Cruq.

449 2173 491 2201 70
508 2171 632 2201 Comum
643 2170 859 2209 produximus]
881 2169 973 2200 Libri
989 2170 1094 2201 nostri

403 2218 611 2259 producimus,
635 2222 693 2250 aut
713 2219 924 2258 perducimus.-
947 2227 1009 2249 nec
1027 2218 1093 2249 dis-

407 2269 536 2308 plicet:
563 2276 646 2298 unus
673 2267 773 2298 etiam
796 2267 980 2298 deducimus.
1012 2268 1094 2298 Tor-

407 2320 494 2347 rent.

449 2367 489 2395 71
513 2364 737 2406 Beneventum]
766 2365 845 2395 Fuit
871 2364 904 2395 in
929 2364 1092 2405 Hirpinis,

409 2418 479 2452 aut,
493 2418 530 2444 ut
546 2414 602 2444 alii
626 2414 753 2452 volunt,
774 2414 807 2444 in
832 2413 1033 2444 Samnitibus
1058 2418 1093 2445 et

407 2464 560 2504 Pelignis
570 2463 741 2504 oppidum,
755 2463 804 2495 uti
817 2463 936 2495 Suidas
954 2463 1016 2502 ait;
1033 2463 1091 2495 sed

408 2513 506 2552 male,
522 2513 571 2544 uti
586 2522 663 2543 mox
676 2512 881 2551 videbimus;
897 2522 914 2543 a
926 2512 1091 2543 Diomede

408 2561 487 2592 olim
503 2561 688 2600 conditum,
702 2565 800 2601 atque
817 2560 1009 2601 Argyrippa
1023 2560 1092 2591 dic-

409 2613 491 2649 tum,
514 2610 591 2641 inde
614 2619 694 2641 vero
719 2610 962 2647 Maleventum,
986 2608 1091 2640 donec

410 2658 511 2689 ducta
525 2669 566 2690 eo
578 2659 708 2690 colonia
719 2658 857 2689 Romani
867 2657 1091 2698 auspicatiore

409 2706 542 2737 nomine
585 2708 815 2738 Beneventum
853 2707 1064 2747 appellarunt
1080 2716 1088 2737 :

411 2758 514 2786 testes
534 2756 621 2787 inter
645 2756 726 2787 alios
753 2756 870 2788 Festus
886 2762 922 2788 et
937 2755 1026 2788 Ptin.
1041 2764 1091 2788 xv.

867 281 1007 312 No'rAE
1038 281 1297 312 vARtoRuM
1330 282 1380 312 ΙΝ

1142 375 1173 404 9.
1191 372 1280 404 Torr.
1324 372 1545 412 Beneventum]
1561 372 1685 404 Urbem
1701 374 1733 405 in
1742 384 1821 415 agro

1141 422 1338 454 Samnitum.
1383 422 1513 453 Sedulus
1537 422 1657 462 hospes]
1688 422 1821 464 Hospes

1142 471 1282 511 diligens
1298 475 1333 502 et
1348 470 1525 502 officiosus.

1183 522 1224 550 ⁷3
1246 520 1342 550 Paene
1356 519 1446 558 arsit,
1461 519 1590 562 macros]
1612 519 1735 550 Mirum
1756 524 1823 561 est,

1144 573 1267 609 quanto
1279 578 1441 600 consensu
1453 568 1556 599 omnis
1569 568 1700 607 generis
1712 577 1822 601 exem-

1144 617 1249 656 plaria
1272 618 1387 656 legant
1413 617 1546 647 inverso
1571 616 1698 652 ordine.
1730 617 1823 648 Poene

1142 675 1258 696 macros
1271 667 1368 697 arsit.-
1390 666 1540 697 sonorius
1560 665 1706 706 quidem,
1721 666 1749 696 si
1761 666 1823 696 boc

1141 714 1176 744 in
1200 714 1409 745 Sei-monibus
1433 714 1541 745 locum
1565 713 1685 745 babere
1709 713 1823 752 debet,

1141 763 1200 794 sed
1221 764 1323 794 multo
1343 763 1538 800 obscurius;
1559 772 1635 794 nam
1658 762 1823 803 hospitem

1142 822 1239 853 poene
1261 813 1383 844 arsisse
1407 812 1503 848 dicit,
1524 812 1641 843 eodem
1665 821 1730 852 quo
1749 812 1824 842 Vir·

1142 861 1240 901 gilius
1266 862 1386 894 modo:
1409 862 1506 894 ‘Jam
1532 862 1701 902 proximus
1726 862 1824 893 ardet

1141 910 1314 949 Ucalegon
1328 910 1349 940 :'
1371 914 1408 940 ut
1428 914 1522 941 recte
1543 911 1722 941 Lambinus
1746 919 1822 941 een-

1142 957 1220 987 suit.
1263 956 1292 987 A
1317 956 1413 996 eujus
1436 956 1589 999 lectione?
1608 959 1634 988 si
1661 958 1824 995 discedas,

1142 1004 1294 1043 confuse,
1320 1014 1379 1035 seu
1406 1013 1467 1044 per
1492 1005 1682 1046 syncliysin‚
1707 1009 1745 1037 ut
1769 1016 1825 1038 vo·

1142 1058 1232 1092 cant,
1254 1053 1344 1094 loqui
1368 1052 1511 1084 Poetam
1533 1052 1664 1085 fateare
1687 1063 1824 1086 necesse

1142 1107 1205 1141 est,
1226 1106 1264 1133 ut
1289 1110 1381 1143 saepe
1405 1102 1506 1140 alibi3
1530 1111 1632 1142 quare
1653 1103 1734 1134 nibil
1754 1113 1824 1134 mu-

1143 1155 1215 1182 tare
1232 1151 1343 1183 velim.
1369 1151 1457 1182 Torr.
1498 1151 1622 1192 [codd.
1639 1161 1693 1192 ap.
1709 1152 1823 1191 Feam,

1141 1200 1274 1239 delapso,
1287 1200 1420 1240 delapsu,
1434 1199 1561 1240 dilapso.
1598 1200 1674 1231 Vid.
1689 1209 1740 1231 xv.
1757 1200 1824 1232 Od.

1142 1250 1193 1279 18.
1208 1248 1277 1288 aa]

1190 1300 1231 1328 74
1268 1298 1410 1335 Vulcano,
1447 1308 1594 1330 summum
1624 1298 1822 1340 properabat]

1141 1346 1216 1387 Igni
1231 1346 1395 1387 disperso.

1182 1399 1222 1427 75
1247 1397 1399 1428 Convivas
1409 1397 1529 1438 avidos]
1557 1397 1648 1438 Apta
1661 1398 1825 1438 epitheta.

1141 1444 1152 1461 ‘
1164 1445 1252 1476 avidi
1267 1446 1442 1485 couvivae,'
1454 1446 1630 1478 ‘timentes
1641 1446 1750 1478 servi!
1770 1446 1826 1477 Illi

1141 1493 1229 1523 enim
1242 1493 1402 1533 famelici,
1413 1495 1444 1524 hi
1456 1495 1604 1525 dominos
1616 1495 1724 1534 veriti,
1733 1494 1824 1526 cibos

1141 1550 1206 1572 una
1221 1551 1263 1572 ex
1279 1542 1434 1573 incendio
1458 1542 1655 1582 rapiebant;
1678 1552 1743 1583 quo
1766 1542 1823 1574 ab·

1141 1590 1400 1629 sumto,demnm
1415 1590 1524 1630 ignem
1535 1590 1745 1631 restinguere
1757 1596 1823 1622 sat·

1141 1638 1298 1678 agebant.
1360 1639 1460 1668 Prior
1485 1648 1566 1677 ergo
1594 1648 1699 1670 coenae
1725 1649 1823 1680 quam

1142 1685 1284 1716 incendii
1300 1695 1393 1725 cura,
1405 1686 1487 1716 utin
1499 1686 1596 1718 domo
1607 1687 1725 1719 aliena.
1747 1688 1825 1720 Vid.

1141 1734 1285 1765 Turneb.
1302 1743 1326 1764 1.
1342 1736 1393 1764 29.
1416 1734 1503 1765 Torr.

1184 1784 1225 1813 76
1243 1782 1320 1813 Tum
1333 1791 1450 1822 rapere,
1465 1785 1554 1822 atque
1561 1784 1677 1824 omnes]
1691 1784 1825 1826 Rapere

1144 1841 1163 1863 e
1176 1830 1321 1871 flamma,
1334 1837 1372 1862 ut
1387 1841 1514 1862 eoenam
1530 1837 1715 1865 servarent.
1773 1834 1826 1866 Vi-

1143 1879 1243 1920 deres]
1264 1880 1387 1911 Videre
1402 1880 1539 1911 licebat.

1185 1931 1225 1960 77
1249 1928 1360 1968 Notos]
1394 1928 1478 1959 Noti
1502 1932 1599 1960 eraut
1621 1929 1670 1960 illi
1696 1935 1825 1962 montes

1143 1975 1300 2019 Horatio,
1321 1979 1398 2020 quia
1423 1979 1496 2019 ipse
1522 1983 1618 2011 natus
1641 1984 1694 2012 est
1718 1981 1752 2012 in
1779 1981 1825 2011 A·

1142 2026 1246 2067 pulia.
1675 2055 1679 2058 .
1736 2056 1739 2058 .

1185 2077 1226 2105 78
1248 2075 1415 2114 Atabulus]
1446 2076 1535 2108 Pliu.
1552 2078 1705 2108 xvn.24.
1747 2075 1822 2108 Nec

1142 2123 1315 2160 silendum,
1330 2124 1364 2153 in
1381 2133 1444 2153 uno
1466 2124 1540 2155 cod.
1555 2133 1619 2154 non
1642 2124 1740 2162 malo,
1763 2132 1823 2164 pro

1142 2173 1237 2201 torret
1261 2171 1363 2201 scribi
1389 2175 1493 2210 terret,
1517 2181 1591 2202 meo
1609 2172 1739 2211 judicio
1756 2181 1823 2204 non

1141 2220 1237 2250 male.
1262 2219 1347 2250 Nam
1360 2218 1482 2250 infesta
1495 2229 1569 2260 quae
1582 2225 1669 2256 suut,
1685 2225 1822 2253 terrent.

1142 2269 1281 2298 Torrent.
1331 2267 1497 2308 Atabulus]
1520 2268 1650 2300 Ventus
1666 2268 1821 2310 Appulia:

1141 2315 1295 2348 infestus.

1182 2367 1224 2395 79
1246 2363 1441 2404 Erepsemus]
1477 2365 1656 2407 Nunquam
1680 2367 1822 2407 erepsis-

1139 2422 1259 2452 semus,
1274 2414 1307 2444 id
1322 2419 1383 2452 est,
1401 2415 1678 2446 transivissemus.
1710 2415 1824 2446 Trivici

1145 2462 1242 2502 Vitta]
1278 2463 1390 2502 Negat
1407 2466 1516 2494 autem
1532 2472 1596 2494 uuo
1612 2463 1666 2494 die
1679 2463 1743 2495 iter
1756 2464 1820 2495 Be·

1139 2516 1283 2542 neveuto
1311 2511 1528 2552 Equotutium
1553 2521 1656 2553 usque
1682 2517 1822 2553 propter

1140 2561 1298 2592 montium
1314 2560 1533 2600 asperitatem
1555 2561 1673 2592 confici
1699 2561 1822 2602 potuis-

1140 2620 1188 2649 se,
1219 2610 1279 2640 nisi
1307 2609 1430 2640 Trivici
1458 2613 1723 2650 pernoctassent.
1776 2610 1821 2643 Et

1139 2659 1266 2690 Τύτικον
1289 2659 1423 2699 quidem
1439 2658 1616 2690 Ptolomaei
1641 2658 1763 2690 tabulae
1785 2658 1819 2688 in

1140 2708 1200 2739 boc
1219 2708 1327 2740 Italiae
1341 2711 1449 2739 tractu
1463 2711 1658 2746 agnoscunt.
1699 2707 1819 2739 Faten-

1141 2757 1219 2789 dum
1233 2762 1285 2789 est
1300 2762 1412 2788 tamen
1424 2756 1434 2775 ‘
1447 2755 1701 2796 Equotuticum·
1723 2749 1818 2786 voca-
