1930 3204
519 270 726 303 normru
761 270 1040 302 SERMONUM
1074 270 1169 300 mn.
1200 270 1234 300 1.
1263 259 1302 299 1.

175 367 324 401 illustrat
351 365 543 406 Interpres,
570 365 610 396 L.
638 363 773 396 Cassius
803 363 875 395 No-

176 423 371 456 mentanus,
390 417 447 458 qui
471 414 780 457 ris-septuagesies
795 414 875 454 gula

176 467 418 509 absumpserit,
440 467 603 508 cujusque
627 474 770 506 coquum
794 474 875 496 cen-

176 523 249 550 tum
266 518 415 550 millibus
426 525 594 548 nummum
604 515 785 548 Sallustius
795 525 876 547 con-

177 569 326 601 duxerit.
366 568 507 600 Tou-rent.
561 567 665 609 [Quid
692 577 739 598 me
775 566 877 606 igitur

175 619 256 651 vat.
287 618 398 651 Palat.
426 622 458 650 5.
498 617 632 654 Quidum
654 618 758 656 igitur
788 616 876 648 Rad.

175 668 339 710 Asceus.]

219 722 283 752 102
310 719 354 751 Ut
369 717 595 758 Nomentanus]
627 718 675 750 Ut
690 717 788 749 bomo
803 717 877 749 lux-

175 770 319 802 otiosus.

219 821 280 852 108
307 818 509 860 Componere]
532 817 654 859 Pergis
670 828 724 849 res
741 821 878 850 contra-

174 869 242 902 rias
256 878 468 910 comparare,
487 879 564 910 quae
582 869 691 900 instar
713 867 879 909 gladiato-

173 928 247 951 rum
263 918 429 951 frontibus
448 919 597 950 adversis
615 923 780 959 pugnant.

219 971 289 1002 104
310 968 460 1009 Vappam]
482 969 538 1000 De
548 968 612 1000 hoc
625 968 790 1000 vocabulo
802 977 882 1000 non·

177 1018 260 1050 nihil
286 1018 329 1050 ad
358 1018 516 1050 Suetonii
548 1018 690 1059 August.
708 1028 796 1059 μαψ.
826 1020 880 1050 87.

178 1067 270 1110 apud
292 1077 392 1109 quem
416 1068 541 1108 legitur
563 1070 572 1086 ‘
586 1067 711 1109 vapide
730 1066 883 1109 habere,'

179 1128 240 1159 pro
256 1118 354 1149 ruale-
398 1118 490 1159 Ergo
515 1127 592 1150 cum
619 1123 654 1150 te
682 1128 702 1149 a
726 1117 882 1150 sordibus

180 1168 356 1207 dehortor,
381 1177 447 1199 non
473 1168 590 1199 statim
611 1168 720 1209 jubeo
743 1174 778 1201 te
804 1177 883 1199 con-

180 1218 324 1250 trarium
351 1218 470 1250 vitium
498 1228 679 1259 capessere
704 1223 741 1251 et
768 1218 884 1260 prodi-

179 1277 258 1308 gum
281 1277 379 1300 esse:
415 1278 560 1309 cumque
587 1274 621 1300 te
645 1279 784 1301 avarum
807 1269 884 1301 fieri

179 1323 272 1358 veto,
288 1327 354 1349 non
376 1327 418 1350 eo
439 1319 572 1349 nomine
594 1319 756 1351 continuo
774 1318 884 1359 jubeo

180 1372 215 1398 te
233 1377 392 1408 vappam,
412 1366 557 1406 fatuum,
581 1369 758 1407 insulsum,
782 1368 887 1399 homi-

181 1426 258 1448 nem
274 1427 434 1458 nequam,
445 1417 636 1459 nulliusque
650 1417 749 1449 bonae
765 1417 885 1458 frugis,

178 1467 382 1499 nebulonem
397 1468 511 1498 omnia
525 1467 784 1508 profundentem
799 1467 885 1501 fieri.

178 1516 294 1548 lasbin.
346 1517 484 1558 Voppam
499 1516 609 1557 jubeo]
633 1517 711 1549 Non
721 1517 830 1557 jubeo
848 1522 883 1549 te

178 1567 293 1599 omnia
323 1566 531 1608 profundere
560 1573 596 1599 et
622 1561 769 1609 vappam
796 1568 882 1602 fieri.

179 1615 304 1658 vappa
327 1621 380 1648 est
409 1617 524 1648 vinum
558 1621 760 1659 corruptum
789 1619 881 1661 quod

180 1675 336 1708 saporem
354 1667 504 1706 perdidit
518 1671 554 1699 et
567 1666 769 1700 bonitatem.

222 1720 283 1749 105
325 1717 469 1762 Tanaim,
503 1716 714 1757 socerumque]
759 1717 883 1758 Neque

180 1767 256 1808 quis
272 1766 339 1798 iste
350 1766 606 1807 Tanais‚neque
623 1766 697 1806 quis
709 1766 885 1806 Visellius,

180 1816 323 1856 ejusque
353 1824 451 1846 socer
491 1813 607 1850 fuerit,
643 1819 740 1846 certo
769 1815 884 1847 dicere

181 1873 330 1905 possum.
375 1863 454 1895 Hoc
475 1864 676 1903 notandum,
695 1864 786 1906 quod
815 1869 884 1896 tam

184 1918 325 1944 venuste
342 1917 446 1954 atque
463 1913 605 1950 urbane,
629 1919 667 1943 ut
691 1913 885 1955 Satyricum

183 1962 312 2002 decuit,
334 1962 419 1994 illud
446 1973 466 1994 e
491 1963 715 2004 Philosophia
740 1965 884 1997 astruit:

182 2014 192 2029 ‘
206 2012 324 2044 Virtus
361 2017 414 2044 est
447 2013 595 2044 medium
637 2014 812 2055 vitiorum,
850 2021 887 2048 et

184 2062 356 2103 utrimque
382 2062 588 2094 reductum!
631 2065 694 2095 Est
717 2064 802 2096 inter
825 2065 886 2098 Ta-

181 2113 283 2154 naim]
305 2113 402 2146 Inter
417 2114 621 2146 Maecenatis
637 2114 796 2147 libertum
809 2126 885 2157 spa-

182 2164 317 2204 donem,
346 2163 492 2205 scilieet,
517 2169 554 2196 et
580 2174 735 2196 socerum
752 2166 884 2199 Visellii

180 2214 372 2247 herniosum
388 2214 531 2246 multum
548 2214 704 2247 interest.

226 2267 289 2296 106
311 2264 374 2299 Est
387 2263 512 2304 modus]
534 2265 597 2296 Est
613 2265 844 2299 mediocritas.

226 2316 288 2346 107
313 2312 399 2360 finos
428 2313 529 2354 ultra]
572 2315 674 2346 Ultra
708 2320 770 2346 ant
798 2316 887 2349 citra

184 2373 268 2406 quos
290 2362 388 2396 fines.
431 2363 538 2403 [Quos
558 2364 642 2394 altro
667 2364 805 2404 citroque
826 2375 887 2397 non

186 2416 232 2444 est
247 2412 431 2444 contendere
446 2414 549 2442 tutum
563 2411 648 2443 Vat.
662 2413 762 2444 Rom.
774 2413 843 2454 10.]

229 2464 293 2493 108
316 2460 409 2501 Illuc,
422 2461 503 2492 uude
516 2460 598 2501 abii]
619 2461 723 2494 Brevi
739 2463 887 2504 quadam

187 2509 447 2551 anacephaleosi
481 2510 632 2542 ostendit
665 2510 810 2552 inquieti
846 2523 888 2546 ac

188 2560 254 2592 sibi
276 2568 412 2599 semper
435 2558 648 2600 displicentis
667 2561 769 2592 animi
791 2563 888 2605 aegri-

188 2610 356 2649 tudinem,
377 2609 419 2640 ab
441 2609 511 2649 illa,
527 2618 593 2650 qua
615 2609 742 2643 dictum
758 2617 821 2649 est,
839 2613 889 2645 in-

188 2661 346 2692 satietate
374 2660 565 2700 provenire.
608 2660 799 2701 [amande
812 2664 891 2706 abii]

128 2744 130 2746 ,
189 2712 240 2743 Εο
256 2710 345 2742 unde
360 2719 516 2741 reversus
532 2719 604 2742 sum
622 2717 790 2754 revertor,
801 2723 891 2747 nem·

190 2771 246 2802 pe,
260 2766 297 2792 ut
311 2769 409 2792 nemo
419 2763 513 2791 sorte
522 2769 581 2791 sua
593 2766 772 2794 contentus
787 2764 890 2797 vivat.

193 2810 321 2843 Nemon'
347 2813 382 2842 ut
396 2809 526 2851 avarus]
559 2810 646 2844 Haec
672 2813 774 2846 lectio
798 2821 890 2848 vete—

1514 261 1535 301 1
1543 262 1627 303 595

924 372 997 395 rum
1009 363 1255 404 exemplarium
1267 360 1434 401 suffragiis
1450 364 1628 403 probatur,

924 417 962 444 ut
994 412 1243 453 interrogando
1275 418 1448 453 tamquam
1486 413 1629 446 admira-

923 463 1058 495 bundus
1069 463 1279 504 expostulet,
1289 472 1399 504 usque
1412 462 1455 494 ad
1471 472 1605 495 versum
1619 475 1629 496 ι

925 517 934 532 ‘
946 513 1003 545 Sic
1013 512 1191 545 festinanti
1203 513 1225 552 3’
1240 518 1345 554 atque
1358 513 1495 545 omnino
1507 513 1631 544 subau-

925 563 1087 596 diendum
1104 569 1156 595 est
1173 564 1314 606 aliquid,
1329 569 1366 595 ut
1382 564 1417 595 in
1438 563 1631 605 hujusmodi

925 615 1152 647 locutionibus
1174 613 1249 646 fieri
1274 615 1384 646 solet:
1419 615 1564 656 perinde
1590 624 1631 647 ac

926 665 955 696 si
972 665 1128 697 diceret:
1151 665 1253 697 Itane
1270 664 1321 704 fit,
1345 665 1437 697 itane
1458 675 1632 705 compara-

926 719 997 747 tum
1014 720 1078 751 est,
1101 719 1139 747 ut
1161 725 1262 746 nemo
1285 724 1407 747 avarus
1430 725 1466 747 se
1483 716 1632 756 probet?

926 765 948 798 J
952 775 1003 796 am
1023 774 1103 796 vero
1118 764 1216 804 illud,
1231 764 1273 796 Se
1293 765 1415 806 probet.
1430 774 1497 796 nou
1512 765 1563 796 ita
1579 775 1635 797 ac·

927 816 1018 857 cipio
1034 815 1129 857 quasi
1145 825 1266 847 avarus
1290 815 1356 846 sibi
1371 815 1436 856 ipsi
1453 815 1634 856 displiceat

930 867 964 899 iu
979 877 1022 898 eo
1038 864 1127 909 quod
1139 876 1260 898 avarus
1271 871 1333 901 est,
1349 875 1426 897 cum
1438 865 1520 896 nihil
1533 874 1634 907 aeque

929 923 1033 960 atque
1050 927 1168 949 aurum
1186 917 1375 948 admiretur
1391 925 1430 947 ac
1452 916 1555 952 colat,
1577 925 1635 947 eo-

929 978 995 1011 que
1010 968 1122 1000 studio
1138 967 1279 999 mirifice
1292 967 1467 1008 sejactet‚
1479 966 1539 997 sed
1555 967 1635 1008 quia

930 1019 1009 1051 dum
1037 1018 1174 1050 nimium
1200 1021 1379 1058 properat,
1395 1026 1435 1048 ae
1460 1016 1543 1048 nihil
1569 1017 1637 1057 ipsi

932 1068 1015 1100 satis
1041 1073 1107 1104 est,
1139 1068 1279 1099 aliorum
1316 1067 1587 1107 comparatione,
1615 1077 1636 1099 a

932 1118 1056 1160 quibus
1074 1116 1164 1149 vinci
1187 1126 1224 1148 se
1249 1115 1436 1156 existimat,
1461 1115 1537 1147 illos
1561 1115 1635 1156 ipse

932 1167 1064 1209 laudat,
1079 1175 1115 1198 se
1131 1176 1212 1197 vero
1226 1170 1396 1207 tamquam
1411 1165 1568 1205 ignavum
1585 1170 1637 1196 at-

934 1228 998 1261 que
1014 1218 1187 1250 infelicem
1210 1215 1377 1255 damnat3
1410 1225 1450 1246 ac
1476 1215 1636 1256 denique,

935 1270 944 1287 ‘
955 1269 1151 1300 Immoritur
1167 1266 1289 1298 studiis
1304 1271 1340 1298 et
1355 1276 1471 1298 amore
1486 1266 1637 1298 senescit

934 1318 1109 1350 habendi.’
1135 1318 1279 1349 Torrent.
1328 1317 1457 1348 Nemon’
1471 1320 1507 1348 ut
1525 1325 1638 1347 avarus

934 1368 976 1399 Se
989 1367 1110 1408 probet,
1121 1367 1192 1407 esca]
1211 1365 1317 1399 Quasi
1332 1365 1425 1396 dicat
1439 1376 1447 1395 ε
1465 1365 1567 1396 Itane
1582 1375 1638 1396 ve-

934 1427 973 1449 ro
988 1426 1123 1457 semper
1136 1415 1210 1456 fiet,
1226 1419 1264 1447 ut
1285 1415 1396 1446 nullus
1410 1424 1534 1446 avarus
1550 1414 1582 1445 in
1599 1424 1637 1446 se

934 1466 1136 1506 descendat,
1152 1471 1188 1497 et
1204 1475 1298 1497 suam
1313 1465 1421 1506 ipsius
1438 1465 1542 1496 vitam
1559 1475 1638 1496 exa-

933 1518 1062 1555 minet;
1086 1521 1190 1558 atque
1210 1519 1262 1556 ut,
1278 1515 1370 1546 idem
1395 1513 1523 1546 faciens
1546 1515 1637 1556 quod

934 1567 1053 1599 caeteri
1070 1565 1236 1606 homines,
1260 1570 1297 1596 et
1319 1574 1414 1596 suam
1437 1564 1540 1596 vitam
1560 1574 1638 1596 cum

932 1617 1075 1648 aliorum
1101 1616 1172 1648 vita
1194 1624 1409 1655 comparans,
1431 1623 1492 1645 eos
1518 1614 1639 1646 laudet

932 1666 990 1707 qui
1006 1665 1096 1698 aliud
1123 1666 1201 1696 vitae
1219 1665 1412 1696 institutum
1428 1665 1642 1705 sequuntur?

933 1716 987 1747 Ex
1018 1715 1141 1757 quibus
1171 1713 1404 1753 intelligimus,
1437 1722 1513 1744 eum
1544 1714 1642 1754 queri

934 1765 1024 1806 quod
1049 1765 1167 1796 caeteri
1191 1763 1329 1805 quidem
1353 1763 1386 1794 id
1403 1761 1558 1802 faciaut3
1578 1764 1639 1795 sed

936 1816 992 1856 qui
1008 1820 1085 1846 sunt
1102 1813 1208 1849 avari,
1224 1813 1288 1844 sihi
1304 1813 1339 1844 in
1364 1822 1425 1844 suo
1444 1812 1525 1844 vitae
1547 1814 1643 1846 iusti-

936 1869 1010 1895 tuto
1042 1865 1212 1904 placeant,
1236 1871 1297 1894 suo
1324 1863 1404 1894 vitae
1443 1864 1560 1904 generi
1585 1874 1641 1897 ac-

936 1914 1128 1956 quiescant,
1156 1922 1197 1944 eo
1225 1913 1454 1953 delectentur,
1480 1918 1517 1945 et
1540 1914 1573 1945 in
1598 1924 1641 1946 eo

935 1963 1084 1995 libenter
1109 1961 1198 1994 firmi
1228 1967 1403 1994 maneant.
1448 1962 1528 1994 Nou
1557 1972 1641 2004 ergo

935 2014 1016 2046 illuc
1033 2013 1076 2045 ad
1093 2012 1235 2044 ditiores
1252 2011 1436 2052 respicere,
1453 2013 1511 2044 sed
1529 2013 1640 2053 potius

936 2073 1015 2096 cum
1051 2063 1172 2104 majori
1213 2063 1455 2103 pauperiorum
1501 2073 1642 2095 numero

936 2124 1138 2157 comparare
1166 2124 1203 2146 se
1235 2114 1416 2154 deberent,
1444 2114 1500 2155 qui
1528 2121 1642 2146 tamen

936 2167 1004 2198 suis
1027 2165 1182 2198 contenti
1209 2165 1339 2203 vivunt,
1360 2170 1396 2196 et
1419 2171 1548 2206 quanto
1571 2167 1642 2197 lau.

935 2217 1084 2249 dabilius
1113 2216 1157 2248 sit
1183 2216 1262 2247 vitae
1286 2225 1393 2257 genus
1417 2215 1506 2256 quod
1530 2216 1563 2247 hi
1590 2227 1642 2248 se-

936 2271 1100 2309 quuntur,
1127 2266 1359 2299 considerare.
1404 2267 1642 2308 Repetendum

938 2326 1022 2357 ergo
1047 2321 1101 2348 est
1125 2326 1264 2356 nemone,
1291 2325 1369 2347 cum
1396 2317 1501 2349 verbo
1527 2318 1643 2350 laudet.

938 2365 1058 2405 Steph.

983 2417 1046 2445 109
1068 2414 1109 2445 Se
1121 2414 1245 2455 probet]
1267 2415 1318 2447 Ut
1333 2424 1432 2447 nemo
1447 2426 1484 2446 se
1500 2415 1641 2448 beatum

940 2467 1040 2504 putet
1070 2463 1201 2505 sibique
1226 2465 1383 2504 placeat?
1427 2465 1567 2496 Diversa
1593 2476 1642 2497 se-

939 2512 1082 2553 quentes]
1107 2511 1230 2544 Aliena
1252 2513 1333 2545 vitae
1364 2513 1486 2544 studia.
1543 2514 1641 2555 [Vat-

938 2563 1053 2595 Palat.
1065 2563 1327 2603 3.c‹1pelluferat.
1345 2563 1428 2594 Vat.
1441 2566 1474 2594 8.
1483 2564 1604 2604 probat.
1613 2586 1641 2597 .-

939 2614 1047 2645 laudat
1056 2635 1064 2644 .
1074 2635 1082 2643 .
1093 2635 1101 2644 .
1110 2617 1266 2652 comparat
1279 2635 1287 2644 .
1296 2635 1304 2644 .
1313 2635 1321 2643 .
1330 2612 1478 2653 laborat]

984 2666 1039 2695 111
1071 2662 1236 2704 Tubescat]
1281 2663 1327 2694 Et
1357 2672 1500 2694 moerore
1525 2669 1642 2696 conta·

940 2714 1056 2747 bescat
1073 2712 1162 2754 quod
1175 2713 1298 2750 aliena,
1313 2713 1377 2743 ὅτε.
1409 2712 1544 2754 Majori]
1558 2714 1643 2746 Tur·

940 2764 1019 2796 nebi
1055 2762 1232 2803 exemplar
1261 2763 1378 2794 nwliori
1406 2763 1522 2804 habet,
1550 2766 1640 2806 qnod

941 2823 1003 2857 ego
1016 2822 1179 2856 nusquam
1195 2813 1344 2855 repperi.
1389 2813 1468 2846 Non
1480 2813 1641 2855 displicet
