1916 3262
517 262 726 295 ιιοιιΑτιι
759 261 1034 294 οΑιῑΜιιιυΜ
1073 262 1166 293 ms.
1199 263 1264 292 ιν.
1293 251 1338 292 2.

205 358 340 400 Cypria]
369 358 492 391 Plures
517 357 654 399 quidem
666 355 754 388 libri
781 354 902 396 Cypria

201 410 343 448 habent,
374 409 434 441 sed
461 408 528 440 duo
551 407 708 439 meliores
735 405 853 436 Cieria.
865 410 901 436 et

204 460 325 492 Cirr-ea.
366 459 402 492 Si
419 459 492 501 quis
505 457 652 500 Cypriam
667 456 817 488 retinere
832 465 901 487 ma-

200 510 254 549 lit,
261 508 355 551 (nam
364 509 414 541 sio
423 508 523 550 prisci
531 509 649 548 legunt
661 505 901 547 interpretes,)

202 568 325 591 aeream
354 558 508 591 fortassis
537 557 756 597 interpretari
785 557 901 595 liceat,

201 609 292 651 quod
325 609 460 650 Cyprus
490 617 532 640 eo
565 607 702 639 metallo
739 606 901 639 abundet·

201 658 302 691 Unde
317 661 327 677 ‘
338 669 478 691 oerosam
487 658 496 672 '
509 658 588 690 olim
600 657 806 688 nominatam
818 656 901 688 fuis-

200 719 236 742 se
249 710 355 742 tradit
371 710 502 742 Festus.
546 708 665 741 Addet
685 709 749 741 hoc
766 719 900 751 quoque

200 759 328 801 aliquid
357 760 488 800 grstiae,
509 758 599 801 qirod
624 759 698 791 deae
725 769 767 790 ex
785 760 900 800 Cypro

198 817 306 849 usque
320 808 441 848 insula,
453 808 499 840 illi
514 809 614 848 longe
622 807 828 850 gratissima,
843 819 901 850 pe-

199 856 280 891 titas
294 857 410 890 trabes
423 859 606 899 promittit.
632 859 745 901 Atque
759 859 807 890 ita
819 868 900 891 sane

197 907 421 949 interpretari
446 908 576 948 malim,
598 919 700 950 quam
724 918 786 950 pro
813 908 900 949 sede,

200 958 333 998 qualem
351 959 384 990 iu
401 959 515 1000 Cypro
530 959 700 998 habuerit,
714 964 752 991 ut
767 959 900 1000 quidam

198 1006 342 1040 faciunt.
389 1009 498 1042 citrea
514 1014 626 1042 tamen
643 1010 751 1050 magis
768 1011 899 1050 placet:

201 1057 333 1090 citrum
363 1060 454 1090 enim
484 1064 521 1091 et
550 1060 838 1101 odoratissimam,
866 1065 903 1092 et

201 1107 338 1142 maximi
353 1109 455 1149 pretii
471 1109 561 1150 apud
579 1110 749 1142 Romanos
766 1110 800 1142 in
816 1111 902 1143 deli-

200 1157 257 1188 tiis
286 1156 407 1198 fuisse,
440 1160 577 1201 signant
607 1160 746 1203 tabulae,
773 1162 904 1203 lectuli,

200 1215 327 1240 meusae
342 1208 470 1241 Citreae
489 1210 556 1241 illae
584 1211 836 1250 memorabiles,
858 1211 902 1243 de

202 1257 323 1298 quibus
350 1259 470 1290 Cicero
496 1259 530 1290 in
549 1260 690 1291 Verrem
719 1269 771 1295 vt.
795 1261 903 1293 'rm-n.

199 1314 284 1338 vur.
301 1309 353 1338 15.
371 1307 464 1339 Plin.
482 1317 516 1339 v.
531 1311 560 1340 1.
577 1313 614 1340 et
629 1317 708 1340 xvi.
724 1312 778 1340 43.
793 1311 802 1327 ‘
815 1310 902 1341 Tra·

197 1355 294 1387 bem'
309 1361 425 1387 autem
441 1366 519 1388 cum
534 1357 632 1396 dicit,
654 1357 765 1389 aedem
781 1363 841 1389 aut
856 1368 901 1390 ae-

196 1403 344 1436 diculam
368 1405 492 1436 Veneri
518 1405 714 1437 dedicatam
729 1406 902 1448 significat

199 1453 376 1489 Horatius.
403 1455 492 1487 Torr.
511 1456 608 1497 Cruq.
653 1456 720 1489 Sub
733 1457 824 1489 erube
837 1458 901 1500 Cy-

193 1503 284 1546 pria]
318 1505 359 1537 In
386 1506 517 1548 templo
543 1507 723 1539 arboribus
747 1508 901 1541 odoratis

198 1554 379 1588 aediticato.

239 1608 280 1639 21
297 1606 373 1639 mic
384 1607 536 1650 plurima]
561 1607 638 1640 Illic
653 1607 749 1641 bibes
762 1609 900 1642 naribus

197 1656 344 1698 plurima
359 1666 402 1689 ex
418 1659 517 1690 thure
531 1658 713 1692 sacrificia.

239 1709 283 1739 22
303 1707 544 1750 Berecynthioe]
569 1709 675 1740 Tibiae
691 1708 867 1750 Phrygiae,
883 1719 903 1741 a

197 1761 315 1790 monte
341 1758 573 1799 Berecyntiae,
598 1758 654 1790 ubi
681 1759 827 1799 primum
852 1759 902 1791 in·

199 1812 304 1840 venta
319 1807 446 1841 dicitur
458 1810 557 1841 tibia.
601 1809 737 1850 [Dulce-5
749 1810 902 1843 nonnulli

199 1856 302 1889 codd.
315 1867 372 1898 sp.
386 1857 527 1899 Jaeck.]

242 1909 285 1940 24
303 1907 378 1940 Non
391 1907 596 1950 sinefistulu]
614 1909 694 1941 Tris
708 1910 762 1942 hic
777 1920 903 1952 organa

198 1957 328 1990 musica
353 1965 610 1999 enumerantur,
637 1961 724 2002 lyra,
739 1961 834 2002 tibia,
848 1961 903 1994 fis·

198 2007 289 2041 tuln:
306 2017 397 2049 quae,
406 2014 444 2040 ut
459 2009 550 2041 inter
561 2019 598 2041 se
609 2009 787 2051 differunt,
797 2012 846 2044 ita
859 2012 902 2045 ab

195 2057 271 2089 sliis
297 2062 400 2100 atque
426 2059 502 2091 aliis
531 2059 670 2092 inventa
697 2067 776 2094 sunt
791 2073 800 2093 :
827 2062 904 2103 lyra

198 2107 290 2141 enim
306 2108 348 2140 ab
367 2107 539 2150 Apolline,
550 2120 625 2149 seu,
642 2115 677 2141 ut
696 2111 754 2142 alii
769 2112 904 2149 volunt.

196 2167 216 2190 a
228 2158 424 2198 Mercurio,
415 2169 424 2178 ·
442 2159 527 2192 tibia
541 2170 561 2193 a
577 2161 738 2202 Μαι-ηας
754 2161 868 2194 fistula
882 2170 903 2194 a

198 2209 306 2245 Pane.
318 2209 472 2242 Lambini.

238 2261 280 2290 25
303 2259 366 2290 Bis
377 2261 468 2300 pueri
481 2260 547 2302 die]
569 2261 675 2294 Mane
697 2268 733 2295 et
749 2265 899 2305 vesperi.

240 2303 284 2340 ‘28
297 2309 338 2340 In
353 2319 467 2342 morem
478 2310 617 2352 Salium]
639 2312 683 2344 In
699 2322 827 2346 morem
839 2315 902 2346 Sa·

198 2357 320 2390 liorum
336 2359 460 2390 Martis
475 2361 691 2393 sacerdotum
713 2363 902 2398 saltabunt.

203 2406 264 2438 Ter·
273 2408 414 2448 quatient
429 2408 570 2450 humum]
587 2410 643 2442 Sic
655 2420 711 2444 ιιι.
722 2414 796 2444 17.ι
809 2414 902 2446 Gau-

201 2456 263 2489 det
277 2457 420 2489 invisam
436 2460 609 2499 pepulisse
631 2460 742 2494 fossor
757 2463 828 2495 Ter
844 2474 904 2505 pe-

201 2505 245 2538 de
262 2506 413 2540 terram.’
436 2506 492 2539 Ad
506 2507 603 2548 pedis
618 2510 708 2543 enim
720 2512 825 2544 ictum
840 2513 904 2547 boo

200 2554 418 2587 referendum
435 2561 499 2589 est.

242 2606 286 2637 29
308 2606 365 2637 Me
377 2606 586 2647 necsoemiua]
608 2607 669 2639 Me
684 2617 750 2640 nec
765 2609 905 2643 foemina

196 2655 299 2695 juvat
325 2656 400 2696 hoc,
425 2657 492 2689 διο.
537 2656 784 2697 [Schoenborn.
807 2663 841 2693 2.
867 2671 906 2694 ne

198 2705 306 2747 puer-1

245 2758 288 2787 30
309 2756 436 2797 Mami]
462 2757 511 2788 Ut
534 2761 653 2790 mutuo
675 2768 769 2792 amer
792 2760 836 2793 ab
853 2770 904 2799 ea,

201 2814 300 2848 quam
317 2815 487 2839 amavero-

1540 254 1652 296 1497

994 358 1034 387 31
1061 354 1131 386 Nee
1142 353 1278 394 certare]
1301 354 1378 386 Nec
1395 353 1498 394 juvat
1512 362 1654 388 conteu-

952 404 1035 436 dere
1058 405 1204 445 poculis,
1220 413 1284 435 uec
1299 407 1403 444 caput
1418 404 1452 434 in
1468 404 1578 444 epulis
1598 415 1653 437 co-

951 463 1086 486 tonare.

992 508 1035 537 33
1057 505 1120 537 Sea
1145 515 1202 536 cur
1230 506 1290 537 heu
1314 504 1485 546 Ligurine]
1517 506 1655 540 Quanto

951 555 1060 586 minus
1083 555 1178 587 aetati
1201 565 1272 587 suae
1296 556 1480 586 convenire
1504 565 1654 588 amorem

943 606 1016 647 jam
1045 610 1124 637 ante
1156 605 1258 645 dixit,
1290 611 1388 637 tanto
1424 607 1654 648 potentiorem

950 655 1101 696 Ligurini
1114 655 1210 696 pueri
1224 654 1368 686 formam
1383 664 1457 686 esse
1470 655 1655 696 significat,

951 715 1025 747 quae
1049 705 1103 736 vel
1124 705 1266 737 invitum
1290 706 1415 737 trahat.
1459 707 1512 738 De
1534 707 1655 738 eodem

949 765 1041 793 mox,
1069 755 1140 787 Od.
1169 758 1220 786 11.
1262 756 1352 787 Tor-r.
1411 755 1474 788 Sed
1499 756 1656 796 cur-,lind

952 806 1173 848 Apostrophe
1191 806 1381 847 pathetica,
1397 815 1436 838 ac
1461 806 1488 838 si
1512 806 1657 847 diceret,

950 857 1048 889 Eheu
1078 857 1254 898 Ligurine,
1279 858 1432 898 quamvis
1458 862 1561 889 aetate
1582 858 1656 898 jam

950 907 1165 948 ingravesco,
1177 917 1291 939 amore
1303 914 1418 939 tamen
1436 909 1484 939 tui
1498 909 1656 940 incensus

951 957 991 988 ad
1010 957 1171 998 pristinas
1187 967 1329 990 revocor
1345 958 1513 992 lascivias.

994 1009 1035 1039 34
1058 1007 1173 1039 Manat
1201 1007 1291 1048 rara]
1323 1008 1453 1040 Eadem
1476 1009 1657 1041 vehemen-

952 1058 1074 1089 tissimi
1087 1058 1211 1089 amoris
1229 1058 1364 1097 indicia,
1377 1069 1454 1100 quae
1470 1065 1548 1091 ante
1564 1064 1657 1091 retu-

951 1108 1005 1145 lit,
1023 1116 1048 1139 1.
1068 1107 1138 1140 Od.
1160 1111 1215 1139 22.
1239 1109 1451 1149 repetiturus
1473 1109 1586 1150 Epod.
1602 1118 1658 1141 xi.

953 1159 1097 1191 Tor-rent.
1145 1159 1235 1190 Rara
1249 1169 1332 1191 meas
1352 1160 1510 1201 laelii-ymo
1528 1170 1586 1201 per·
1597 1170 1655 1200 ge-

951 1209 1023 1250 nas]
1047 1209 1235 1251 Lachryms
1254 1210 1416 1251 guttatim
1441 1215 1478 1242 et
1499 1220 1578 1242 raro
1598 1211 1657 1242 de·

951 1257 1072 1300 fluens,
1100 1269 1168 1292 non
1205 1261 1330 1292 amoris
1370 1261 1557 1302 parvitate,
1594 1260 1654 1293 sed

952 1310 1066 1341 aetstis
1094 1310 1328 1342 verecundia:
1363 1320 1442 1342 nam
1472 1315 1574 1353 turpe
1604 1315 1659 1342 est

951 1359 1025 1391 seni
1041 1369 1114 1400 prae
1130 1369 1244 1391 amore
1261 1359 1356 1392 flere.

996 1410 1053 1451 [35
1080 1410 1147 1442 Cur
1159 1409 1310 1448 soecundu
1332 1410 1564 1443 Schoenborn.
1587 1411 1638 1452 2.]

995 1462 1038 1492 36
1059 1460 1151 1492 Inter
1163 1461 1258 1492 verbu
1272 1460 1372 1501 cudit]
1396 1461 1465 1492 Cur
1487 1461 1602 1501 lingua
1622 1461 1656 1492 in

951 1510 1063 1542 medio
1087 1521 1243 1543 sermone
1271 1511 1422 1544 titubat?
1446 1511 1539 1554 quod
1563 1513 1659 1544 nimii

952 1562 1076 1593 amoris
1092 1566 1146 1593 est
1161 1561 1336 1595 indicium.

994 1614 1036 1644 37
1060 1612 1234 1643 Nocturnis
1257 1615 1287 1644 te
1317 1622 1374 1653 ego
1397 1612 1543 1654 somniis]
1576 1613 1655 1646 Quo

952 1661 1094 1703 quisque
1125 1661 1160 1692 in
1187 1662 1300 1694 studio
1330 1662 1420 1693 diem
1446 1662 1596 1694 conterit
1621 1667 1658 1694 et

952 1711 1098 1752 quibus
1089 1720 1123 1742 m
1140 1711 1230 1744 curis
1247 1717 1299 1744 est
1313 1719 1518 1753 occupatus,
1533 1721 1589 1743 eas
1603 1722 1657 1744 res

953 1760 1156 1802 plerumque
1167 1762 1337 1794 somniare
1350 1762 1457 1794 solet:
1473 1762 1569 1803 Virg.
1578 1763 1588 1780 ‘
1600 1762 1658 1795 Αιι

953 1810 1012 1852 qui
1029 1815 1144 1843 amant
1167 1810 1234 1852 ipsi
1256 1811 1320 1843 sibi
1335 1812 1464 1844 somnia
1479 1811 1612 1853 fingunt
1626 1812 1638 1843 ἓ
1650 1811 1659 1824 ’

952 1860 1095 1893 Lambini.
1160 1861 1335 1893 Nocturnis
1363 1872 1421 1902 ego
1451 1865 1482 1894 te
1510 1861 1656 1902 somniis]

953 1912 1029 1952 Ego
1056 1917 1090 1944 te
1114 1911 1235 1954 (quem
1258 1912 1403 1954 vigilans
1428 1913 1549 1954 cupio)
1574 1921 1658 1945 noc·

953 1967 1054 1995 turno
1069 1965 1222 2003 ternpore
1238 1963 1431 2005 plerunque
1446 1963 1588 1996 somnio.

996 2014 1039 2043 88
1058 2012 1171 2052 Teneo,
1178 2011 1264 2053 jum]
1280 2013 1413 2045 Tenere
1429 2013 1560 2046 videor.
1598 2013 1657 2046 Vo-

952 2062 1067 2094 lucrem
1088 2062 1212 2103 sequor]
1234 2063 1283 2095 Te
1306 2073 1350 2095 ex
1373 2073 1449 2095 meo
1473 2064 1657 2104 complexu

952 2113 1143 2144 evolantem
1159 2122 1298 2155 sequor,
1314 2113 1411 2155 quasi
1429 2113 1606 2146 ludentem
1622 2114 1656 2146 in

952 2171 1073 2202 campo
1091 2162 1233 2204 Martio,
1250 2167 1285 2195 te
1301 2173 1426 2204 sequor
1437 2164 1534 2206 quasi
1551 2164 1657 2196 dena·

953 2217 1082 2245 tantem
1099 2213 1134 2246 in
1146 2213 1278 2252 Tiberi,
1289 2214 1345 2256 qui
1362 2213 1438 2247 fluit
1447 2214 1550 2256 juxta
1566 2224 1657 2246 cam·

953 2273 1033 2304 pum
1058 2263 1235 2300 Martium,
1251 2264 1285 2302 in
1312 2273 1380 2305 quo
1395 2265 1562 2306 juventus
1587 2265 1657 2296 Ro-

951 2323 1050 2346 mana
1064 2322 1101 2345 se
1116 2323 1231 2355 cursu,
1244 2313 1349 2350 lucta,
1364 2323 1466 2355 equo,
1481 2314 1657 2346 natatione

952 2363 1148 2396 exercebat.

994 2415 1037 2444 39
1060 2413 1126 2444 Per
1137 2413 1285 2452 gramina
1297 2412 1430 2453 Martii]
1445 2413 1574 2445 Studiis
1590 2413 1656 2444 illis

953 2463 1204 2504 campestribus
1235 2462 1328 2495 forte
1362 2462 1507 2494 Poetaru
1541 2463 1574 2492 in
1605 2463 1656 2493 sui

954 2520 1103 2543 amorem
1117 2515 1335 2552 pertraxerat
1347 2512 1540 2551 Ligurinus,
1551 2520 1656 2551 quare

954 2566 990 2594 et
1018 2561 1199 2593 somnianti
1229 2562 1466 2593 occurrebant.
1513 2561 1656 2594 Tor-rens.

953 2613 1056 2645 Turn.
1073 2620 1213 2644 xxvut.
1230 2613 1284 2644 1⁰.

997 2665 1040 2695 40
1061 2662 1165 2703 Dure]
1181 2661 1213 2693 Ο
1233 2661 1394 2701 Ligurine
1410 2661 1639 2694 inexorabilis.

955 2713 1039 2748 Ona
1063 2721 1105 2745 ιι.
1140 2711 1400 2751 Ἐ-γκωμιαστική.
1446 2711 1508 2744 An
1533 2713 1654 2746 Ioum

999 2762 1215 2802 Au'rounm,
1240 2762 1292 2794 M.
1319 2761 1482 2794 Aurouu
1511 2763 1656 2796 'rmum-

1001 2820 1082 2845 vuu
1098 2819 1241 2845 rmum.
1273 2812 1443 2855 Antiquos
1466 2813 1597 2847 Poetas
1619 2819 1656 2847 et
