1916 3262
494 293 702 325 HORA‘rn
735 292 1010 323 CARMINUM
1045 293 1141 322 Lm.
1175 291 1229 321 11.
1257 281 1298 321 2.

149 392 362 420 mortuorum
387 397 496 424 saera.
521 387 614 428 quod
640 384 760 417 inferis
781 385 848 416 sol-

150 443 283 478 vantur,
311 439 353 471 ad
383 437 569 480 placandos
599 438 734 468 Manes.
788 435 847 467 Sic

150 489 304 521 Pallanti
320 489 412 531 apud
427 489 524 529 Virg.
536 488 683 529 juvenes
701 485 849 518 inferun-

149 542 218 569 tur.
245 538 299 570 Ad
314 538 404 570 bunc
421 539 538 580 itaque
553 546 680 568 morem
697 537 850 576 respexit

149 587 277 620 Horat.
300 597 367 630 quo
389 597 466 619 mox
493 586 628 619 sublato
651 586 849 618 introducta

150 637 379 678 gladiatorum
391 638 498 678 paria,
508 637 564 679 qui
577 641 657 668 ante
669 637 849 677 sepulchra

149 686 375 719 dimicarent:
399 687 489 718 unde
503 691 540 718 et
554 688 564 703 ‘
577 686 743 718 bustuarii
757 686 766 700 ’
790 696 850 727 sp-

149 737 270 777 pellati
293 740 384 769 suut.
408 737 551 768 Tou-rent.
593 735 663 768 Sub
679 735 850 776 Jugurths

149 785 353 818 Annibalem
381 795 517 827 quoque
544 785 690 826 intelligi
718 786 791 817 vult
814 789 850 817 et

149 845 266 868 omnes
278 833 393 867 Afros.

190 887 236 917 29
242 885 327 921 Quis
333 894 396 916 non
405 884 519 917 Latino
526 885 678 925 sanguine
683 883 850 925 pinguior]

149 935 218 968 Qui
239 939 392 976 campus,
414 934 526 968 factus
550 935 710 976 pinguior
727 934 851 966 Roma·

149 994 270 1017 norum
295 984 471 1026 sanguiue,
496 990 532 1016 et
557 984 759 1025 sepulchris,
784 993 851 1016 non

150 1032 300 1066 testatur
307 1034 414 1074 impia
425 1035 553 1074 praelia,
565 1035 598 1065 in
611 1034 732 1075 quibus
742 1034 852 1066 civem

151 1083 236 1115 civis
257 1084 467 1115 trucidavit?
490 1084 587 1124 quasi
604 1084 751 1123 diceret,
768 1083 851 1114 Om-

150 1133 204 1164 nis
220 1143 359 1174 campus
379 1137 434 1165 est
451 1134 609 1174 pinguior
626 1134 852 1165 Romanorum

152 1182 327 1222 sauguine.

187 1233 236 1263 ³1
259 1231 472 1274 Auditumqne
484 1231 604 1271 Medis]
627 1231 792 1263 Auditum
811 1231 855 1263 ab

154 1282 300 1313 extremi
320 1283 412 1314 orbis
429 1283 675 1314 habitatoribus
693 1292 754 1323 pro
770 1288 855 1313 stra-

155 1332 207 1372 gis
224 1334 468 1372 magnitudine.

197 1385 239 1414 32
262 1382 443 1422 Hesperia]
466 1383 599 1414 Italicae
616 1383 734 1413 ruinae.

197 1435 239 1463 88
264 1432 330 1468 Qun·
341 1433 477 1472 gurges]
490 1433 577 1465 Quae
595 1441 761 1473 aquarum
773 1441 854 1462 con-

155 1482 288 1522 gei-ies?
322 1482 385 1513 Est
400 1482 600 1513 lamentatio
619 1482 698 1513 belli
714 1482 854 1512 navalis.

199 1534 240 1563 ³4
263 1531 418 1572 Daunioe]
451 1533 503 1562 Ex
520 1533 656 1563 Daunia
672 1532 744 1563 sive
761 1531 854 1572 Apu·

155 1582 202 1614 lia
217 1581 391 1615 fortissimi
411 1583 490 1614 olim
511 1584 657 1622 milites3
684 1592 790 1623 quare
819 1586 856 1613 et

158 1633 168 1651 ⁶
180 1631 377 1664 militarem'
394 1638 494 1664 vocat
507 1642 608 1673 supra
627 1632 695 1664 od.
710 1634 765 1664 22.
782 1631 856 1663 Cin-

157 1681 219 1712 des
243 1691 326 1714 vero
354 1691 415 1723 pro
441 1692 605 1714 caesoruin
621 1683 767 1714 militum
783 1691 856 1712 san-

158 1731 260 1770 guine
280 1731 398 1762 dicere
414 1732 559 1764 videtur.
583 1732 725 1764 Torrent.
768 1732 858 1763 Dau-

157 1781 235 1821 nia]
260 1781 422 1814 Italorum
446 1783 558 1814 caedes
582 1783 726 1814 Dauniae
742 1782 862 1820 dictae,

160 1836 180 1861 a
195 1832 331 1868 Dauno,
350 1838 431 1872 rege
451 1831 602 1872 Apuliae,
617 1841 692 1872 quae
710 1841 788 1871 pars
806 1836 861 1863 est

162 1879 285 1912 Italia».

203 1931 245 1960 ³5
260 1930 500 1971 Decolor-avere]
516 1929 688 1969 Sanguine
698 1928 862 1966 infecere,

161 1983 197 2010 et
213 1988 233 2010 a
249 1980 387 2020 proprio
402 1980 516 2011 colore
529 1984 718 2011 mutavere.
735 1980 861 2012 Lucan.

162 2033 170 2046 ¹
183 2029 266 2060 Tum
290 2029 434 2069 primum
455 2029 572 2061 rubuit
587 2029 680 2061 civili
696 2030 863 2070 sanguine

164 2077 324 2110 Nereus.’

203 2130 244 2160 8⁷
268 2128 332 2160 Sed
345 2137 384 2159 ne
398 2128 516 2160 relictis
529 2129 623 2160 Musa
635 2139 754 2170 procax
765 2129 864 2172 jocis]

160 2177 374 2216 Postumum
391 2178 557 2218 tragicum
573 2179 705 2217 laudat,
717 2179 789 2219 ipse
803 2189 862 2220 pe.-

161 2237 204 2259 ne
219 2227 370 2268 tragicus
381 2227 491 2260 factus
507 2233 582 2261 est:
600 2235 740 2260 revocat
758 2229 863 2268 igitur

162 2286 256 2309 snam
280 2277 417 2309 Musam
443 2287 464 2308 a
486 2278 583 2309 luctu
599 2283 634 2309 et
648 2278 804 2309 lamentis
819 2277 862 2309 ad

163 2335 218 2357 res
245 2335 408 2367 amoenas,
434 2331 470 2359 et
497 2327 690 2364 amatorias,
720 2327 863 2360 carmini

164 2375 273 2416 lyrico
299 2377 463 2417 aptiores.
507 2377 603 2409 Ordo
629 2382 665 2409 et
691 2378 864 2409 sententia

165 2425 283 2457 horum
298 2426 480 2458 verborum
493 2427 569 2459 baec
585 2431 660 2459 est:
683 2428 751 2459 Sed
775 2432 826 2468 tu,
844 2437 863 2458 ο

167 2483 311 2515 procax,
331 2475 367 2507 id
393 2481 458 2516 est,
475 2476 669 2518 (petulans)
684 2478 798 2518 Musa,
821 2487 864 2509 ne

168 2525 293 2555 iterum
305 2529 434 2556 tractes
445 2526 587 2566 lugubre
596 2535 746 2566 carmen,
756 2528 865 2567 primo

167 2574 342 2605 inventum
359 2583 379 2606 a
392 2574 566 2606 Simonide
582 2575 684 2615 poeta
699 2576 732 2606 in
750 2577 866 2608 Insula

169 2623 239 2656 Cea
251 2628 343 2660 nato,
352 2623 441 2664 jocis
455 2623 508 2664 (id
521 2628 589 2664 est,
601 2625 700 2655 rebus
713 2625 866 2667 lascivis)

169 2674 316 2706 relictis:
334 2683 448 2716 quaere
461 2683 593 2704 mecum
605 2674 722 2705 modos
734 2674 787 2715 (id
799 2680 866 2716 est,

170 2722 303 2764 versus)
317 2722 462 2755 faciliori
478 2723 568 2764 stylo
589 2722 652 2754 sub
671 2727 768 2754 antro
784 2724 866 2755 Dio-

170 2782 246 2805 naeo
273 2773 324 2813 (id
351 2778 416 2815 est,
443 2773 507 2804 sub
531 2776 629 2804 antro
642 2772 817 2815 Venereo)
832 2774 865 2806 in

1490 282 1601 324 1397

902 393 970 425 quio
982 393 1036 416 res
1053 384 1144 415 leves
1158 387 1195 414 et
1206 383 1374 414 venereae
1387 386 1467 414 sunt
1479 392 1602 416 canen-

901 433 966 464 die.

951 486 993 516 88
1033 485 1106 516 Ceae
1134 486 1286 515 retractes
1315 491 1446 514 ηικπονα
1473 483 1604 523 mnia]

899 534 1054 566 Turneb.
1084 542 1163 565 xx1.
1190 535 1246 565 2⁷.
1290 532 1434 574 Noeniae]
1466 531 1604 572 Naenia,

900 593 1036 616 carmen
1047 588 1102 615 est
1113 583 1272 624 lugubre,
1283 582 1375 623 quod
1388 591 1465 614 cum
1478 582 1604 613 lamen-

901 633 1033 666 tatione
1046 637 1237 665 extremum
1252 637 1357 674 atque
1374 631 1529 663 ultimum
1544 631 1604 663 de-

900 683 1031 715 functis
1046 684 1192 715 canitur.

942 736 986 766 40
1010 734 1151 775 Plectra]
1176 733 1365 768 Plectrum,
1383 731 1507 763 Latine
1524 740 1606 772 pec-

904 788 976 823 ten,
991 787 1046 815 est
1061 783 1322 815 instrumentum
1334 781 1526 820 citharoedi,
1537 790 1605 822 quo

902 833 987 865 fides
1003 834 1212 874 plectuntur,
1229 833 1263 864 id
1276 836 1341 872 est,
1353 831 1607 872 percutiuntur,

904 895 925 918 a
950 885 1095 927 πλήττει»,
1130 885 1283 927 percutio.
1350 883 1478 925 [Codd.
1513 882 1606 924 apud

903 938 1024 978 Jaeck,
1046 939 1172 970 meliore
1188 936 1334 978 plectro]

906 989 991 1021 Ona
1011 998 1055 1020 ιι.
1086 986 1341 1030 timpanum-ndi.
1388 985 1446 1017 An
1463 985 1503 1016 C.
1519 985 1607 1016 SAL-

947 1047 1106 1071 msoeimu
1142 1039 1322 1070 Cunerum.
1385 1035 1606 1067 Proculeium

949 1089 1066 1120 laudat
1092 1088 1136 1119 ob
1163 1087 1404 1119 liberalitatem
1420 1085 1453 1116 in
1470 1083 1607 1115 fratres.

949 1139 1176 1179 Contemptus
1193 1136 1348 1178 pecuniae
1363 1133 1609 1174 cupiditatum-

947 1198 1014 1229 que
1032 1187 1228 1218 refraenatio
1244 1186 1351 1217 solum
1368 1193 1485 1224 regem
1501 1182 1610 1214 efficit

949 1243 984 1269 et
1001 1237 1152 1268 beatum.

950 1291 967 1319 1
993 1288 1111 1322 Nullus
1132 1290 1263 1326 argento
1285 1285 1383 1325 color]
1415 1284 1610 1316 Pulcherri-

906 1347 996 1368 mum
1009 1337 1146 1377 quidem
1158 1345 1276 1366 aurum
1288 1340 1323 1366 et
1333 1339 1524 1374 argentum,
1533 1343 1608 1374 quae

907 1386 984 1416 duae
1011 1385 1140 1416 metalli
1167 1385 1312 1424 species,
1338 1383 1532 1424 splendoris
1557 1383 1609 1414 sui

907 1435 1014 1467 veluti
1035 1434 1152 1474 radiis,
1177 1433 1383 1464 intuentium
1400 1432 1516 1463 oculos
1532 1441 1612 1473 per-

907 1484 1094 1523 stringunt,
1117 1482 1178 1514 sed
1204 1482 1318 1523 perire
1343 1481 1490 1512 colorem
1517 1481 1610 1511 illum

906 1534 1120 1574 nitoremque
1136 1531 1309 1573 significat
1330 1530 1510 1570 Horatius,
1534 1539 1611 1561 cum

907 1584 1033 1614 nullum
1065 1582 1144 1613 inde
1174 1581 1252 1612 vitae
1282 1579 1432 1612 fructum
1462 1590 1610 1612 commo-

908 1633 1058 1674 dumque
1089 1632 1297 1673 accipimus;
1329 1629 1545 1670 splendorem
1577 1629 1610 1659 in

910 1692 970 1714 usu
993 1683 1081 1723 ipso,
1102 1691 1168 1712 non
1193 1680 1339 1711 materia
1352 1679 1543 1710 consistere
1560 1677 1611 1709 af-

908 1733 1066 1765 firmans:
1083 1741 1201 1764 carere
1216 1732 1306 1762 enim
1320 1730 1424 1761 satius
1436 1734 1611 1769 est‚quam

909 1793 977 1814 non
1003 1783 1055 1814 uti
1080 1791 1157 1813 cum
1183 1780 1321 1811 habeas,
1345 1780 1436 1810 Torr.
1494 1778 1612 1808 Nullus

908 1830 1056 1870 argento]
1079 1829 1175 1861 Ordo
1190 1834 1264 1860 est:
1286 1828 1319 1859 Ο
1337 1828 1459 1868 Crispe
1471 1828 1612 1862 Salusti,

909 1881 1046 1912 inimice
1069 1880 1203 1918 lamnae,
1224 1879 1276 1919 (id
1299 1882 1363 1917 est,
1388 1876 1539 1918 lamina‘)
1567 1878 1612 1909 ab

911 1931 1021 1962 avaris
1048 1930 1082 1961 in
1108 1929 1208 1961 terris
1232 1927 1374 1965 abditae,
1396 1932 1432 1959 et
1454 1926 1614 1967 defossse,

911 1981 1023 2012 nullus
1038 1984 1092 2012 est
1106 1981 1211 2019 color,
1234 1979 1287 2010 vel
1313 1977 1477 2018 splendor
1492 1987 1614 2018 argeu-

911 2035 962 2065 to,
975 2027 1026 2070 (id
1041 2033 1108 2068 est,
1123 2032 1301 2069 argentum
1320 2026 1402 2057 niliil
1420 2026 1522 2058 habet
1539 2027 1613 2068 pul-

912 2076 1141 2118 chritudinis‚)
1150 2077 1246 2118 cujus
1259 2076 1371 2107 nullus
1382 2081 1435 2106 est
1450 2085 1529 2106 usus
1543 2086 1613 2107 rno-

911 2128 1064 2159 deratus.
1082 2126 1214 2159 Tur-neb.
1230 2134 1266 2157 x.
1282 2127 1336 2157 21.
1382 2123 1450 2155 Alii
1467 2125 1532 2166 leg.
1547 2125 1613 2157 Ab·

911 2178 989 2210 dito.

953 2231 974 2260 2
999 2228 1130 2259 Inimice
1153 2226 1281 2267 lamna]
1315 2227 1402 2258 Cum
1430 2225 1613 2257 Salustium

909 2279 1084 2310 inimicum
1101 2278 1224 2309 lamuae
1245 2276 1331 2308 dicit
1347 2277 1446 2308 terris
1473 2275 1614 2310 abditae,

913 2328 957 2360 nd
979 2328 1160 2360 ‘laminam
1175 2325 1426 2367 Salustianam‚’
1450 2326 1522 2357 sive
1542 2327 1552 2343 ‘
1567 2334 1614 2356 aes

913 2376 1163 2410 Salustiauum'
1179 2377 1283 2417 vulgo
1297 2376 1441 2414 dictum,
1464 2375 1537 2406 sine
1553 2375 1614 2406 du-

913 2428 971 2460 bio
986 2427 1124 2459 allusit:
1149 2426 1239 2467 quod
1265 2426 1299 2456 in
1327 2426 1531 2456 centn-orum
1554 2423 1615 2455 Al-

915 2478 996 2518 pino
1011 2481 1128 2508 tractu
1141 2476 1271 2516 primus
1287 2472 1405 2505 effodit
1420 2472 1615 2510 Sallustius,

914 2527 957 2558 de
974 2535 1041 2567 quo
1058 2525 1149 2557 Plin.
1165 2532 1300 2555 xxxiv.
1315 2526 1347 2554 2.
1373 2532 1450 2553 cum
1475 2521 1520 2552 de
1547 2520 1613 2551 ori-

914 2577 1032 2607 chalco
1046 2574 1128 2614 agit.
1149 2573 1314 2603 Heinsius.

958 2627 977 2655 3
1003 2623 1114 2663 Crispe
1129 2621 1266 2661 Salusti]
1294 2621 1362 2652 Qui
1379 2619 1422 2650 ad
1437 2619 1475 2650 C.
1487 2619 1616 2651 Sallus-

915 2675 1001 2706 tium
1031 2673 1202 2712 Crispum,
1239 2679 1350 2701 rerum
1387 2669 1615 2700 Romanarum

915 2728 1104 2760 auctorem,
1119 2727 1256 2751 carmen
1272 2719 1335 2749 hoc
1351 2718 1515 2759 scriptum
1535 2716 1614 2749 fuis-

915 2782 953 2804 se
969 2772 1190 2810 arbitrantur,
1212 2767 1302 2810 quod
1322 2767 1528 2808 interpretes
1544 2777 1614 2799 om-
