1916 3262
641 291 704 322 nu
740 289 873 320 An're
909 272 1135 319 eonfricA'.
1500 275 1614 319 1329

151 389 381 432 vesanum
404 388 597 441 tetigisse
618 385 775 426 timent
789 384 1050 436 fugiuntque
1071 380 1263 449 poetam,
1450 387 1457 391 '
1526 383 1612 422 455

154 458 246 509 Qui
266 458 471 513 sapiunt3
501 455 669 508 agitant
688 453 829 507 pueri,
850 450 1109 504 incautique
1130 451 1382 503 sequuntur.

154 525 262 576 Hic,
282 526 387 567 dum
408 523 613 566 sublimis
635 534 791 563 versus
811 523 1023 567 ructatur,
1044 522 1090 559 et
1108 520 1238 566 errat,

154 593 203 635 Si
224 593 364 634 veluti
384 591 562 633 merulis
581 591 775 632 intentus
796 587 960 630 decidit
978 579 1146 639 auceps

154 659 208 701 In
231 665 408 714 puteum
428 659 674 703 foveamve,
694 658 817 706 licet,
838 654 1106 703 succurrite,
1129 652 1306 704 longum

153 727 343 778 Clamet,
367 726 419 768 Io
440 726 586 767 cives!
619 737 709 766 non
730 726 788 766 sit
809 724 887 778 qui
907 723 1063 765 tollere
1084 724 1234 762 curet:
1527 719 1613 760 460

153 794 203 836 Si
223 798 346 835 curet
365 794 467 848 quis
487 805 618 847 opem
637 793 765 842 serre,
786 796 832 834 et
853 790 1082 832 demittere
1104 788 1268 836 funem,

153 860 245 912 Qui
265 860 357 902 scis
377 873 433 901 an
453 859 646 914 prudens
663 859 751 902 huc
769 873 817 901 se
834 857 1062 912 dejecerit,
1077 859 1211 909 atque

151 982 275 1019 missus,
289 987 320 1016 et
335 984 444 1015 Diana
458 982 596 1022 infesto;
615 983 661 1014 sic.-
672 983 794 1024 poe'tum
809 982 951 1013 insanum
965 982 1145 1020 contingere
1158 980 1348 1019 formidant,
1362 983 1455 1020 atque
1469 987 1613 1010 acerum·

152 1029 225 1058 tur:
245 1027 338 1067 pueri
350 1036 423 1058 vero
438 1031 468 1058 et
484 1027 694 1067 imprudentes
709 1028 934 1056 consectantur.
981 1025 1016 1055 Ιε
1030 1026 1104 1054 dum
1119 1034 1223 1055 versus
1236 1024 1373 1054 excelsos
1388 1023 1568 1055 meditatur.
1583 1025 1613 1051 et

151 1067 290 1110 «omae,
304 1070 333 1100 si
347 1069 434 1110 quasi
447 1079 559 1110 auceps
573 1070 614 1100 ad
629 1069 764 1099 merulas
776 1069 947 1108 captandas
962 1070 1112 1106 attentus,
1123 1066 1156 1096 in
1170 1070 1296 1106 puteum
1317 1070 1371 1097 aut
1386 1064 1514 1102 fot-enm
1528 1067 1614 1102 runt,

152 1119 241 1141 nemo
254 1114 430 1152 reperietur
442 1113 496 1152 qui
510 1111 676 1144 extrahere
690 1111 828 1149 studeat,
845 1110 984 1151 quamvis
997 1109 1052 1140 diu
1066 1108 1254 1146 vociferetur
1264 1119 1274 1139 .·
1299 1108 1402 1146 Heus,
1420 1107 1511 1145 cives,
1522 1106 1613 1137 avexi-

153 1152 231 1183 lt'um
240 1155 322 1186 dole.
351 1154 442 1189 Quod
456 1155 486 1186 si
499 1154 614 1196 aliquis
628 1153 704 1186 velit
718 1153 891 1193 subvenire,
903 1152 1053 1191 etfunem
1066 1153 1273 1192 praetenotere,
1285 1151 1387 1182 dicam
1397 1161 1407 1181 .·
1429 1150 1518 1180 Unde
1532 1149 1617 1179 nosti

767 1246 1005 1259 oooooooooooo

154 1311 474 1352 Hellm.sigiuntve
498 1313 575 1345 Vat.
598 1315 736 1345 5.-457
762 1313 828 1343 Hic
853 1313 927 1343 dum
954 1311 1100 1342 sublimes
1127 1311 1256 1342 Heller.
1288 1316 1367 1342 octo
1390 1311 1489 1342 codd.
1520 1311 1614 1349 Fen»,

154 1354 261 1386 Aldd.
280 1358 308 1386 1.
323 1359 355 1387 2.
371 1358 403 1386 3.
427 1355 527 1392 Junt.
547 1357 639 1386 1503.
655 1360 691 1386 et
717 1354 796 1384 inde
818 1354 890 1384 fere
906 1363 1021 1384 omnes
1038 1353 1118 1384 edd.
1155 1353 1202 1385 H.
1218 1355 1250 1383 ‹I-
1264 1353 1403 1383 sublimis
1418 1359 1563 1393 quatuor
1579 1359 1614 1385 et

153 1397 274 1437 viginti
302 1397 404 1428 codd.
429 1397 522 1433 Feae,
554 1397 651 1427 Harl.
669 1399 698 1427 l.
715 1399 746 1427 2.
763 1398 794 1428 3.
810 1398 840 1426 4.
857 1399 889 1426 6.
906 1398 937 1426 7.
971 1399 1038 1426 tres
1064 1395 1177 1426 Pulm.
1206 1404 1322 1426 omnes
1351 1395 1455 1435 Cruq.
1487 1395 1615 1434 Acron,

154 1438 323 1480 Porphyr.
349 1439 540 1471 Comment.
568 1438 671 1479 Crnq.
701 1439 818 1470 Zarot.
843 1437 987 1476 Medipl.
1005 1440 1212 1470 1476.1477.
1245 1438 1388 1469 venen.
1405 1440 1500 1470 1477.
1520 1440 1614 1470 1478.

152 1483 247 1512 1479.
274 1483 371 1512 1481.
396 1483 492 1513 1483.
518 1484 613 1513 1486.
638 1483 733 1512 1490.
757 1483 852 1512 1492.
879 1482 974 1511 1509.
1001 1483 1098 1511 1514.
1124 1487 1160 1512 et
1177 1481 1328 1512 Florem.
1347 1483 1441 1512 1482.
1457 1479 1614 1511 defendit

153 1523 295 1557 eumer.
310 1525 399 1556 Nov.
417 1524 513 1556 Lect.
531 1533 580 1555 iv.
596 1526 648 1555 12.
688 1523 847 1555 Gifanius
866 1523 941 1554 ind.
962 1524 1062 1554 Lucr.
1082 1532 1113 1555 v.
1136 1524 1145 1540 ⁴
1161 1523 1312 1562 Strata;'
1333 1523 1484 1554 restituit
1498 1523 1616 1554 Pitho-

152 1575 271 1607 poeus3
297 1567 376 1598 inde
403 1567 508 1598 Baxt.
534 1567 650 1598 Bentl.
668 1576 768 1598 anon.
795 1566 889 1606 Traj.
908 1566 948 1596 ad
973 1566 1080 1598 Rlien.
1099 1569 1192 1599 1713.
1223 1566 1331 1598 Gesn.
1348 1567 1477 1598 valan-t.
1495 1566 1615 1597 Comb.

151 1608 548 1650 Bipont.Wakef.Wet2.
560 1609 667 1642 Zeun.
677 1609 744 1640 Kid
751 1609 782 1641 d.
795 1609 877 1647 Fea,
889 1609 1144 1647 Boiue‚Jaeck‚
1156 1614 1191 1640 et
1203 1609 1360 1647 Doering.
1374 1619 1481 1640 versus
1494 1613 1614 1640 eructat

150 1651 310 1693 Angelic.
324 1655 356 1684 2.
384 1662 404 1683 a
418 1662 462 1683 m.
483 1662 553 1684 sec.
575 1661 682 1684 versus
696 1655 846 1692 ruptulur
870 1651 1102 1683 Schoenborn.
1121 1654 1260 1683 1.-458
1283 1651 1339 1683 Sic
1354 1651 1451 1682 veluti
1465 1651 1614 1682 Schoen-

152 1693 251 1726 boru.
272 1697 302 1726 1.
330 1695 428 1727 Harl.
446 1698 477 1727 1.
493 1697 526 1726 4.
541 1698 573 1726 6.
589 1695 657 1726 dno
674 1695 807 1726 Bersm.
824 1694 947 1734 aliique
965 1693 1066 1725 codd.
1083 1704 1139 1734 ap.
1159 1694 1272 1725 Feam.
1294 1695 1418 1725 decidat
1432 1694 1528 1724 Van.
1544 1697 1571 1724 1.
1585 1697 1616 1723 5.

153 1739 233 1776 7.,9.
247 1736 384 1778 quidam
397 1737 498 1770 codd.
514 1737 683 1773 Lambini,
698 1736 931 1768 Schoenborn.
948 1739 979 1768 4.
997 1741 1031 1766 et
1048 1742 1194 1776 quatuor
1211 1737 1301 1776 apud
1318 1737 1559 1766 vinam—459
1577 1736 1615 1766 In

148 1788 184 1820 p.
200 1779 386 1820 severumque
402 1780 554 1811 nonnulli
571 1779 673 1810 codd.
685 1788 739 1818 ap.
751 1780 864 1810 Feam.
882 1777 1071 1808 Sua-currere
1083 1778 1322 1809 Hellen—460
1338 1779 1462 1809 Clamat
1473 1801 1480 1808 .
1492 1800 1501 1809 .
1511 1782 1615 1809 ,curat

155 1820 287 1853 Heller.
308 1831 348 1852 ne
371 1822 415 1853 eit
441 1821 575 1853 Schelle
602 1831 644 1852 ex
670 1821 928 1859 ingenim—461
947 1820 986 1851 Si
1004 1824 1109 1851 curret
1133 1821 1248 1851 Zau-ot.
1293 1821 1416 1860 Siquis
1431 1823 1518 1850 curet
1534 1820 1615 1850 Val-

151 1863 246 1900 iicel.
264 1866 294 1894 1.
317 1863 420 1895 Aldd.
436 1866 465 1894 1.
482 1867 514 1894 2.
531 1866 562 1894 3.
583 1863 682 1897 Junt.
710 1865 804 1894 1503.
829 1863 956 1893 Venet.
983 1872 1038 1902 ap.
1066 1862 1175 1894 Zenn.
1200 1863 1362 1894 Glarean.
1381 1869 1415 1893 et
1441 1862 1519 1893 iude
1536 1862 1615 1893 edd.

156 1905 230 1935 aliae
255 1906 386 1937 multae.
417 1905 576 1937 dimittere
597 1905 748 1936 nonnulli
774 1904 876 1936 codd.
903 1905 997 1943 Feae,
1013 1909 1049 1935 et
1065 1904 1296 1936 Schoenborn.
1314 1908 1343 1936 l.
1360 1907 1504 1936 4.-462
1530 1905 1616 1941 Quid

154 1947 218 1978 ucis
231 1948 311 1979 Vat.
324 1951 356 1980 4.
379 1948 458 1979 Vnt.
476 1948 574 1979 Rom.
590 1952 621 1978 5.
645 1957 663 1978 a
680 1957 723 1979 m.
739 1957 808 1978 sec.
826 1952 859 1978 et
878 1956 963 1977 nnus
979 1946 1092 1978 Achil.
1109 1947 1198 1978 Stat.
1225 1948 1305 1982 Quis
1329 1949 1390 1978 scie
1413 1948 1492 1978 Vnt.
1513 1949 1562 1978 17.
1580 1953 1615 1978 et

155 1989 282 2021 Venet.
299 1992 394 2022 1514.
429 1991 494 2026 Qui
508 1990 568 2021 scit
584 1990 667 2022 vat.
685 1993 735 2021 14.
760 1990 839 2020 Vat.
857 1989 954 2020 Rom.
970 1992 1002 2020 2.
1025 1989 1122 2020 Vatt.
1142 1989 1238 2020 Rom.
1255 1992 1286 2020 3.
1302 1995 1338 2020 et
1354 1992 1386 2020 9.
1412 2000 1429 2020 a
1449 1999 1491 2020 m.
1513 1999 1563 2029 pr.
1579 1995 1615 2021 et

155 2031 335 2063 Barberin.
361 2035 393 2063 2.
427 2033 492 2068 Qui
515 2033 595 2064 sciat
616 2033 759 2072 Cuning.
785 2042 828 2063 ex
854 2031 1004 2071 ingenio.
1046 2031 1210 2071 projecerit
1235 2031 1335 2063 Harl.
1365 2035 1394 2063 Ι.
1422 2032 1613 2073 quindecim
1662 2034 1664 2036 '

155 2074 258 2106 codd.
286 2075 383 2115 Feae,
403 2075 540 2118 quidam
568 2074 738 2114 Lambini,
764 2074 914 2115 quinque
942 2073 1134 2109 Pnimanni,
1160 2074 1337 2105 sexdecim
1369 2074 1501 2105 Vatari.
1528 2084 1614 2105 unns

817 2170 846 2202 N
855 2170 959 2202 0¹1·AE

154 2245 190 2277 in
216 2244 304 2276 fanis
329 2245 453 2286 stipem
477 2245 674 2286 corradant,
690 2246 744 2278 vel
767 2245 856 2286 quod
955 2244 1106 2277 Sublimis
1131 2245 1307 2287 [sublimes]
1343 2246 1517 2286 Opinione
1544 2247 1616 2287 qni-

155 2294 191 2326 in
220 2294 327 2326 sacris
357 2295 440 2326 locis
477 2294 591 2328 fui-ant
623 2303 659 2328 et
691 2302 858 2328 vexentur
912 2295 990 2327 dem
1016 2297 1166 2336 propria,
1193 2301 1229 2327 et
1257 2305 1344 2327 vana
1374 2297 1615 2328 aestimatione.

156 2346 316 2384 maxime,
339 2345 598 2378 obversantibus
618 2347 730 2378 animo
753 2347 857 2378 inani·
913 2346 978 2378 Alii
996 2347 1063 2386 leg.
1077 2346 1229 2386 sublimis,
1244 2346 1318 2386 pari
1329 2356 1442 2377 sensu.

157 2392 221 2424 bun
238 2393 496 2433 phantasmati&
521 2397 615 2428 Talis
630 2396 698 2429 fuit
713 2397 858 2429 Orestes
958 2394 1073 2435 Errat]
1112 2396 1236 2428 Animo
1265 2396 1364 2426 simul
1391 2402 1426 2427 et
1451 2405 1615 2436 corpore:

158 2443 202 2474 ob
230 2442 446 2476 interfectam
473 2450 615 2478 matrem
639 2447 859 2488 Clytaemnes·
913 2445 1146 2478 adulatoribus
1160 2447 1300 2477 nimium
1316 2446 1488 2477 credulus.

159 2498 245 2525 tram
262 2492 359 2523 furiis
375 2494 540 2534 agitatus,¹
956 2499 1020 2526 458
1044 2496 1174 2527 Decidit
1192 2497 1376 2535 inswemn,
1389 2495 1458 2534 350]
1483 2494 1616 2525 Alludit

203 2543 360 2574 [racundo
378 2542 502 2582 Diana]
526 2543 613 2576 Haec
635 2545 859 2585 lymphaticos
914 2547 956 2577 ad
978 2547 1009 2577 id
1029 2547 1117 2587 qnod
1148 2547 1299 2578 refertur
1320 2548 1441 2577 Thales
1460 2546 1615 2576 Milesius

159 2592 296 2625 efficere
325 2594 469 2624 credita.
513 2594 570 2624 Sic
599 2594 686 2635 Ajax
715 2594 859 2626 furiosus
914 2596 1027 2627 sidera
1043 2601 1203 2636 spectans
1220 2596 1253 2627 in
1277 2602 1415 2636 puteum
1433 2595 1613 2628 decidisse.

160 2643 277 2677 extitit
294 2643 383 2684 apud
400 2643 613 2684 Sophoclem.
660 2645 732 2676 Pan
757 2645 859 2676 etiam
916 2645 1074 2677 Lai-:ttius
1091 2646 1124 2676 in
1141 2646 1212 2686 ejus
1230 2646 1310 2677 vita.
1346 2646 1444 2677 Plato
1459 2646 1490 2676 in
1502 2647 1616 2677 Thea·-

158 2693 302 2726 infestus
332 2693 534 2725 habebatur.
586 2693 687 2724 Unde
718 2699 726 2711 ⁸
746 2695 859 2734 panici
915 2699 1079 2735 teto‚&c.

160 2744 328 2777 terrores'
345 2745 441 2775 dicti.
956 2749 1020 2777 460
1046 2748 1180 2784 Clamet,
1207 2747 1241 2777 10
1264 2746 1370 2779 eirea!
1391 2747 1460 2787 εμπ]
1487 2747 1571 2778 Vide
1590 2757 1612 2780 1.

201 2798 266 2827 457
290 2795 368 2836 Hic,
396 2796 470 2826 dum
497 2795 575 2827 subl.
596 2794 668 2836 ξω]
704 2795 860 2828 Vesanus
915 2796 1026 2838 Epist.
1043 2799 1094 2828 17.
1112 2797 1174 2829 sub
1189 2797 1302 2829 finem.
1485 2814 1487 2817 ·

161 2845 219 2878 ille
235 2845 421 2887 poetasteiu

245 2898 362 2940 Delph.
375 2902 407 2930 et
427 2899 502 2930 Var.
517 2899 604 2931 Clas.
740 2910 747 2914 ·
839 2899 957 2932 Horat.
1456 2904 1473 2932 4
1500 2901 1528 2932 P
