1930 3204
367 265 476 307 1508

299 389 301 391 -
366 368 432 404 est,
445 373 541 396 nemo
555 363 655 395 fidem
670 363 770 395 fallit.

407 416 449 444 22
471 413 542 444 Mos
575 416 604 443 et
640 412 706 451 lex]
738 413 831 443 Beue
865 411 1050 452 conjunxit.

367 461 457 495 Quid
474 462 560 492 enim
583 462 672 500 leges
693 461 763 492 sine
786 460 934 493 moribus
950 459 1049 500 proti·

366 511 481 542 ciunt?
507 511 610 549 legem
627 513 737 540 autem
749 510 873 541 Juliam
889 509 932 540 de
947 508 1051 539 Adul-

367 559 458 590 teriis
471 562 505 588 et
515 557 686 588 Pudicitia
701 557 864 597 intelligo,
878 566 976 597 quam
992 556 1049 586 alii

365 615 541 647 perperam
555 606 632 637 divo
647 606 740 638 Julio
755 605 950 637 attribuere.
963 604 1049 635 Vide

363 656 502 686 Sueton.
526 654 694 694 Augusto,
719 664 794 694 cap.
822 656 874 685 34.
908 654 1048 684 Torreat.

363 704 436 734 Mos
448 706 479 734 et
499 702 564 742 lex]
587 703 670 734 Boni
687 712 808 740 mores,
825 706 860 733 et
880 703 934 732 lex
955 702 1047 734 Julia

364 752 406 782 de
423 751 595 782 adulteriis
619 751 815 782 coercendis
842 752 1047 782 sustulerunt

363 803 474 839 turpe,
489 803 524 830 et
538 800 742 830 immundum
762 799 866 830 nefas,
909 800 1046 829 Macula-

361 849 442 887 sum]
473 848 520 879 Ut
549 849 681 879 macula
709 848 883 888 turpitudo
911 852 976 884 est,
1001 847 1047 876 ita

361 897 544 926 maculosum
571 895 752 935 sordidum,
775 900 886 934 turpe,
910 895 1046 925 immuu-

362 942 453 974 dum.
469 944 565 982 Cruq.

401 993 442 1021 23
465 991 645 1022 Laudentur
661 991 771 1030 simili]
794 991 868 1022 Filii
896 996 972 1022 sunt
989 1001 1045 1031 pa-

361 1038 511 1069 rentibus
548 1039 683 1070 similes.
728 1041 805 1070 Nou
846 1044 1046 1079 generantur

359 1085 476 1125 spurii.
519 1086 622 1116 Simili
639 1086 736 1126 prole]
760 1087 902 1119 Qualem
918 1088 1045 1118 Manlio

359 1135 527 1174 Torquato
543 1134 636 1165 nasci
663 1135 859 1165 mollissimis
877 1135 1045 1166 versiculis

358 1188 455 1222 optat
481 1182 651 1213 Catullus:
675 1183 685 1199 ‘
702 1183 767 1215 Qui
797 1183 896 1214 facile
933 1184 1044 1215 inseiis

359 1231 556 1263 Noscitetur
578 1232 621 1262 ab
650 1231 816 1270 omnibus,
843 1233 887 1262 Et
915 1233 1044 1271 pudici-

359 1279 438 1310 tiam
469 1287 536 1310 suae
569 1280 687 1310 Matris
717 1279 845 1310 indicet
873 1280 956 1311 ore.'
1001 1281 1045 1311 Et

357 1327 505 1358 Martial.
524 1335 573 1358 vt.
588 1330 640 1358 27.
662 1328 672 1344 ‘
685 1328 746 1357 Est
766 1327 839 1366 tibi,
853 1337 928 1367 quae
943 1329 1044 1367 patrii

356 1375 505 1414 signatur
514 1376 657 1415 imagine
669 1376 906 1416 vnltns,¹l¹estis
922 1381 1044 1407 mater-

360 1432 412 1454 nae
428 1427 506 1453 nata
522 1422 716 1462 pudicitiae:

396 1474 439 1503 24
463 1472 695 1511 Culpampoena,
708 1471 775 1511 ψη]
799 1471 885 1502 Vide
900 1480 956 1503 ιιι.
974 1472 1041 1503 Od.

356 1523 388 1552 2.
410 1520 445 1550 in
467 1519 546 1552 fine.
591 1521 667 1551 Hoc
690 1526 800 1550 autem
822 1525 888 1559 est,
907 1521 995 1561 quod
1023 1531 1043 1552 a

354 1569 611 1602 Jurisconsultis
627 1569 784 1607 traditur,
801 1578 889 1606 eum,
914 1570 968 1609 qui
985 1569 1042 1599 de-

353 1618 482 1658 linquit,
500 1617 606 1648 tacito
629 1617 770 1657 quodam
799 1626 963 1648 consensu
984 1617 1042 1648 ad-

353 1666 487 1696 mittere
506 1673 649 1704 poenam,
665 1669 766 1703 atque
787 1664 829 1694 ad
846 1673 918 1694 eam
935 1665 1039 1704 quod-

355 1713 507 1744 ammodo
529 1722 570 1743 ex
597 1717 771 1743 contractu
792 1712 972 1750 obligatum
989 1716 1039 1743 te·

352 1762 436 1794 neri.
470 1761 608 1791 Turrem.
656 1760 784 1799 Culpam
810 1769 901 1798 poena
927 1760 1040 1798 premit

351 1809 463 1848 comes]
487 1809 541 1840 Sic
567 1809 679 1839 valent
705 1809 808 1847 leges,
823 1812 859 1838 ut
875 1817 972 1848 poena
986 1817 1040 1838 ce-

351 1859 470 1890 leriter
486 1861 645 1899 sequatur
659 1858 802 1897 culpam.

394 1909 434 1937 25
468 1907 547 1942 Quis
573 1906 726 1937 Parthum
753 1904 879 1944 paveat]
918 1905 1038 1936 Parthi

350 1955 445 1994 signa
467 1955 638 1994 militaria,
657 1963 731 1994 quae
747 1954 866 1984 Crasso
883 1957 917 1984 et
933 1953 1037 1984 Anto-

352 2004 407 2034 nio
419 2004 624 2041 ademerant,
635 2003 785 2042 poscenti
799 2002 952 2042 Augusto
965 2003 1037 2033 red-

352 2050 523 2082 diderunt.
565 2050 715 2090 Scythae,
729 2050 863 2081 virtutis
888 2051 1038 2081 modera-

353 2097 520 2136 tionisque
537 2098 610 2136 ejus
630 2097 720 2128 fama
741 2098 910 2135 commoti,
925 2099 1037 2129 amici·

352 2144 433 2175 tiam
445 2145 534 2175 ultro
547 2145 751 2184 petiverunt.
786 2144 971 2175 Germanos
987 2146 1035 2175 ul-

352 2197 406 2222 tra
421 2191 534 2222 Albim
548 2190 683 2222 fluvium
709 2192 898 2230 summovit,
912 2192 1036 2232 Hispa-

350 2239 440 2270 niam
457 2239 642 2270 universam
658 2238 800 2278 subegit,
836 2239 962 2270 Merito
977 2240 1036 2280 igi·

351 2290 406 2318 tur
420 2295 572 2318 securum
590 2287 690 2326 jubet
705 2295 780 2317 esse
797 2288 952 2327 populum
970 2289 1036 2320 Ro-

350 2344 483 2367 manum
499 2335 673 2366 Horatius.
695 2335 838 2366 Tora-ent.
862 2335 940 2370 Quis
954 2337 1034 2366 Par-

349 2384 436 2415 thum
445 2384 568 2424 paueat]
591 2384 686 2415 Bella
702 2384 774 2423 jam
796 2389 930 2415 cessant
944 2386 1035 2416 salvo

351 2433 499 2463 Caesare.
524 2433 632 2464 Nemo
646 2432 733 2462 enim
749 2432 940 2463 extimescit
955 2433 1036 2463 Par-

351 2480 438 2519 thos,
459 2482 523 2512 ὅτε.
567 2480 710 2511 Gelidum
731 2479 880 2521 Scythen]
899 2480 1036 2520 Scythia

351 2530 458 2559 multo
473 2528 595 2568 frigore
611 2532 647 2559 et
660 2527 793 2559 nivibus
809 2533 860 2559 est
877 2527 1008 2568 frigida.

393 2579 435 2608 26
458 2577 548 2616 Quis,
571 2576 752 2615 Germania]
774 2577 856 2609 Quis
880 2577 1035 2607 extimes-

353 2630 408 2654 cat
430 2624 539 2665 foetus,
553 2625 586 2656 id
602 2630 666 2660 est,
682 2626 830 2657 homines
853 2635 934 2667 quos
961 2626 1035 2656 bor·

352 2671 422 2702 rida
437 2673 619 2704 Germania
635 2674 791 2714 parturit.

394 2721 435 2750 28
458 2720 581 2761 Iberioe]
603 2723 779 2755 Bellicosae
806 2723 990 2764 Hispaniae,
1013 2733 1032 2754 a

809 274 946 304 NOTAE
979 273 1234 304 VARmRUM
1268 274 1318 304 IN

1097 362 1230 394 flumine
1247 364 1357 395 Ibero.

1138 414 1179 443 29
1203 413 1313 443 Condit
1342 412 1466 452 quiaque
1492 413 1573 444 diem
1599 412 1722 444 comba·
1742 414 1778 447 {a

1095 461 1172 500 setis]
1195 462 1343 502 Quisque
1366 462 1453 493 diem
1474 462 1549 494 finit
1570 462 1604 493 in
1619 463 1776 503 operibus

1097 511 1241 541 rusticis.

1137 561 1178 589 30
1206 558 1321 591 Viduas
1345 561 1444 600 ducit]
1465 559 1516 590 Ad
1539 560 1657 599 ulmos,
1671 568 1778 600 popa-

1096 607 1155 644 los,
1166 611 1201 637 et
1216 608 1337 638 similes
1353 609 1500 644 arbores,
1512 617 1585 649 quae
1599 608 1712 640 viduae
1728 608 1778 639 di-

1096 658 1227 690 cuntur,
1242 660 1415 696 antequam
1427 657 1613 696 junguntur
1625 656 1758 688 vitibus·

1137 705 1176 733 31
1200 703 1319 735 Alteris
1353 705 1394 735 Te
1428 705 1548 744 mensis,
1582 704 1650 744 ξω]
1685 705 1778 736 Nihil

1096 750 1184 781 aliud
1213 751 1314 791 poeta
1340 753 1508 792 intelligit,
1530 763 1629 793 quam
1653 752 1779 792 δαίμονα

1094 799 1218 838 ἀγαθὸν,
1231 810 1329 841 quem
1353 802 1503 833 secundis
1526 802 1648 832 mensis
1662 801 1777 834 Graeci

1095 849 1306 880 adhibebant.
1339 851 1425 881 Nam
1441 849 1600 881 confecto
1608 850 1680 889 jam
1697 859 1780 890 epu-

1094 897 1139 934 lo,
1175 897 1283 927 vinum
1320 898 1609 937 exquisitissimum
1645 906 1776 937 prome-

1096 944 1176 974 bant
1189 954 1197 974 :
1221 953 1319 984 quam
1333 946 1500 984 potionem
1511 945 1628 983 ἆγαθοῦ
1638 945 1777 983 δαίμονος

1094 992 1271 1022 vocabant.
1313 993 1362 1022 Eo
1387 991 1519 1022 nomine
1544 992 1776 1030 intelligebant

1095 1040 1201 1070 Deum
1214 1049 1280 1071 non
1295 1041 1569 1079 cannamomum,
1579 1046 1689 1080 neque
1703 1049 1776 1071 eer-

1094 1091 1162 1119 tum
1180 1089 1334 1128 aliquem,
1347 1089 1405 1119 sed
1428 1097 1525 1128 quem
1550 1088 1690 1128 quisque
1711 1088 1776 1119 sibi

1095 1137 1273 1176 propitium
1298 1138 1441 1176 volebat,
1455 1141 1512 1168 aut
1526 1145 1622 1177 quem
1636 1136 1776 1177 quisque

1094 1195 1162 1225 prae
1181 1187 1314 1217 caeteris
1330 1186 1474 1218 colebat.
1517 1185 1679 1216 Horatius
1694 1194 1776 1226 ergo

1093 1234 1148 1265 hic
1173 1235 1254 1265 nibil
1278 1235 1367 1266 aliud
1391 1234 1507 1271 voluit,
1530 1243 1629 1274 qnam
1644 1233 1776 1274 Augus-

1095 1287 1163 1312 tum
1181 1283 1360 1322 Caesarenn,
1381 1282 1496 1321 ἀγαθὸν
1516 1282 1642 1321 δαίμονα
1655 1283 1775 1314 Roma-

1093 1330 1141 1359 nis
1160 1340 1244 1367 esse,
1271 1335 1305 1361 et
1327 1340 1448 1362 mensae
1472 1331 1628 1362 secundae
1652 1331 1774 1362 Deum.

1093 1378 1253 1409 Heinsius.
1294 1379 1413 1408 Alter-is
1429 1378 1471 1408 Te
1491 1379 1614 1414 mensis,
1627 1378 1696 1417 &cd
1719 1378 1773 1409 Li-

1093 1425 1150 1455 bet
1165 1425 1218 1455 hic
1235 1425 1425 1456 adscribere
1440 1434 1493 1465 ea,
1508 1434 1581 1465 quae
1597 1424 1638 1455 ad
1653 1424 1773 1464 optimi

1091 1472 1262 1511 cujusdam
1278 1473 1354 1503 libri
1369 1473 1550 1512 marginem
1566 1477 1683 1504 notata
1698 1482 1772 1513 rep-

1091 1520 1182 1559 peri:
1208 1521 1217 1538 ‘
1233 1519 1454 1561 Antiquornm
1475 1521 1680 1551 consuetudo
1695 1520 1773 1556 fuit.

1090 1572 1139 1606 ut,
1161 1568 1289 1599 sublata
1315 1569 1418 1608 prima
1440 1577 1565 1608 mensa,
1591 1573 1772 1608 poneretur

1089 1617 1255 1647 secunda:
1279 1621 1380 1657 atque
1403 1617 1435 1647 iu
1451 1626 1492 1647 ea
1508 1617 1626 1656 positis
1650 1617 1771 1657 pomis,

1089 1662 1261 1703 infusoque
1278 1664 1365 1701 vino,
1381 1664 1542 1695 libaretur
1566 1665 1667 1696 Diis?
1707 1665 1771 1696 His

1089 1719 1233 1741 consona
1245 1715 1336 1750 sum,
1357 1721 1432 1751 quae
1453 1711 1571 1742 scribit
1583 1712 1718 1744 Servius
1733 1713 1769 1744 in
1811 1722 1815 1725 ’

1088 1757 1169 1788 illud
1204 1758 1332 1791 AEneid.
1361 1767 1385 1789 1.
1421 1760 1430 1776 ‘
1448 1759 1631 1799 Postquam
1665 1762 1772 1800 prima

1088 1807 1180 1847 quies
1190 1808 1310 1847 epulis,
1322 1816 1509 1848 mensasque
1518 1808 1677 1840 remotas?
1692 1810 1771 1852 Non

1087 1856 1192 1886 solum
1221 1856 1294 1887 Diis
1326 1857 1486 1896 libabant,
1520 1867 1632 1889 verum
1669 1860 1771 1890 etiam

1086 1905 1212 1940 amicis,
1232 1905 1425 1940 absentibus
1451 1906 1606 1938 maxime.
1629 1904 1770 1939 ibn-rm.

1087 1952 1206 1983 Alteris
1236 1953 1278 1983 Te
1303 1953 1428 1992 mensis]
1455 1953 1619 1986 Secundis
1647 1956 1768 1987 mensis

1089 1999 1150 2031 tibi
1178 2001 1283 2031 bonor
1311 2002 1492 2032 exhibetur
1520 2003 1614 2034 cultu
1641 2003 1767 2035 divino.

1085 2048 1242 2087 Veteres,
1253 2049 1359 2088 prima
1370 2058 1485 2079 mensa
1496 2049 1639 2087 sublata,
1649 2058 1767 2080 secun-

1085 2095 1160 2126 dam
1175 2096 1349 2136 eleganter
1362 2101 1555 2136 apparatam
1570 2097 1605 2128 in
1619 2098 1766 2129 Deorum

1084 2142 1240 2173 honorem
1254 2143 1469 2174 exhibebant·

1126 2194 1166 2222 83
1191 2193 1232 2222 Te
1245 2193 1439 2232 prosequitur
1458 2193 1554 2234 mero]
1574 2193 1647 2225 Tibi
1662 2195 1766 2226 sacri·
1788 2225 1791 2228 ,

1084 2239 1174 2271 ficat.
1218 2240 1342 2282 [Codd.
1357 2251 1412 2281 ap.
1428 2242 1548 2282 Jaeck‚
1558 2244 1766 2283 prosequimur

1083 2288 1192 2328 meren]

1126 2338 1166 2366 34
1191 2335 1310 2374 Defuso
1320 2335 1451 2376 pateris]
1471 2335 1528 2367 sie
1550 2336 1699 2369 Lambin.
1714 2347 1766 2370 re-

1085 2383 1233 2414 stituisse
1255 2393 1291 2414 se
1314 2385 1374 2423 ait,
1389 2393 1465 2415 cum
1488 2383 1570 2416 libb.
1585 2394 1713 2426 omues,
1728 2393 1766 2419 ut

1084 2431 1203 2473 inquit,
1228 2431 1342 2472 diffuso
1370 2432 1524 2464 habeant.
1550 2433 1638 2472 Ego
1660 2435 1766 2472 defuso

1085 2481 1117 2510 in
1144 2484 1287 2520 quatuor
1313 2480 1556 2521 exemplaribus
1585 2481 1708 2522 iuveni,
1728 2487 1766 2514 et

1085 2529 1133 2558 sie
1160 2528 1290 2560 omnino
1311 2529 1500 2569 legendum.
1543 2529 1629 2560 Nam
1648 2531 1764 2572 diffun-

1083 2577 1153 2607 dere
1165 2577 1262 2618 longe
1279 2577 1367 2608 aliud
1382 2582 1446 2608 est.
1473 2577 1610 2608 Tment.
1648 2579 1763 2617 Desunt

1082 2625 1213 2664 pateris]
1235 2625 1323 2656 Vino
1335 2626 1376 2655 de
1392 2625 1518 2664 pateris
1531 2625 1617 2656 fuso.
1644 2627 1687 2657 Ει
1701 2627 1762 2658 Ia-

1067 2697 1070 2700 <
1083 2675 1169 2705 ribus
1182 2674 1282 2714 tuum]
1304 2674 1453 2715 Quisque
1464 2675 1576 2706 colens
1593 2676 1705 2713 Lares,
1718 2675 1759 2704 si-

1083 2723 1152 2754 mul
1178 2728 1212 2755 et
1238 2729 1328 2755 tuum
1355 2733 1473 2755 nomen
1502 2724 1591 2756 colit.
1629 2722 1761 2754 Lar-'bus
