1930 3204
600 267 823 300 -ΗοιιΑτιι
855 267 998 299 Eron-
1028 267 1134 298 xvt.
1477 260 1589 301 1573

141 367 321 404 stupretur
335 362 451 395 milvio
466 373 474 394 :
499 371 576 394 nam
598 363 608 380 ‘
622 361 816 394 adulterare
830 362 839 376 '

142 413 244 445 etiam
261 422 338 445 cum
354 417 476 454 quarto
490 421 571 444 casu
580 411 744 452 jungitur.
770 411 837 442 Ex-

141 463 254 504 empla
270 462 395 503 passim
419 462 531 502 obvia,
545 461 760 493 ‘adulterare
778 471 837 492 no-

141 511 304 549 vercam‚’
333 511 554 551 ‘matronas,'
581 514 727 542 ‘uxores
757 510 836 543 alie.

141 562 227 595 nas.’
269 561 488 602 Adulteretur]
510 562 555 593 Et
569 560 725 593 columba
738 560 837 593 coelat

141 621 217 650 cnm
241 611 368 644 milvio.
412 610 542 651 Milvio]
575 610 666 642 Libri
692 620 838 643 manuss·

141 671 258 694 omnes
272 662 368 694 miluo
383 662 552 702 scribunt,
565 665 604 693 ut
625 661 836 701 trisyllabum

139 713 198 744 sit.

182 764 224 793 38
249 760 400 800 credula]
422 761 463 793 In
478 761 542 793 hoc
557 760 703 800 scilicet,
718 765 756 793 ut
770 770 838 793 non

139 811 286 843 timeant
299 811 428 842 leones.
459 809 654 852 Necflutos]
669 811 839 852 Cruquius

137 859 319 900 legendum
335 865 454 892 censet
468 870 579 897 ravon
613 861 665 893 vel
683 870 703 892 a
723 861 838 893 colore

138 908 291 951 leonum,
306 909 365 951 qui
380 909 513 941 medius
528 914 582 942 est
604 910 694 942 inter
714 908 838 942 flavum

142 963 179 990 et
205 959 365 991 cassium:
406 959 459 991 vel
489 959 532 990 ab
561 959 669 990 oculis
695 959 839 990 illorum.

143 1008 280 1040 Credula
295 1018 352 1040 nec
363 1007 485 1049 flatos]
515 1007 660 1042 Quando
685 1013 841 1040 armenta

142 1055 228 1087 adeo
243 1055 372 1089 fuerint
393 1057 544 1098 credula,
559 1063 598 1089 ut
613 1067 679 1089 non
694 1058 841 1091 timeant

142 1105 272 1138 leones.

183 1157 227 1187 84
248 1156 402 1198 Amelque
414 1157 498 1189 salsa
512 1157 601 1189 loevis
622 1158 730 1190 hircus
740 1168 841 1199 oequo-

141 1204 194 1244 ra]
232 1205 309 1237 Duo
333 1206 419 1237 mira
445 1206 635 1247 conjungit,
662 1212 699 1239 ut
728 1207 842 1239 hircus

139 1254 226 1286 levis
242 1255 299 1292 sit,
316 1255 441 1287 animal
457 1256 599 1296 pilosum
615 1260 718 1297 atque
733 1257 842 1288 hirsu-

141 1307 212 1336 tum
224 1308 358 1344 natura,
370 1309 407 1336 et
418 1315 439 1336 a
450 1305 622 1338 montibus
633 1305 841 1347 rupibusque

139 1353 174 1384 in
203 1363 297 1386 mare
325 1353 554 1394 transmigret.
603 1353 699 1384 Levis
726 1359 841 1386 autem

139 1411 204 1443 per
218 1413 236 1434 e
251 1412 351 1444 quam
362 1412 391 1433 ιε
403 1401 506 1434 scribi
521 1402 647 1438 malim.
667 1402 762 1434 Levis
775 1403 842 1434 hir·

139 1451 210 1492 cus]
233 1451 360 1483 Hircus
374 1451 447 1483 sine
462 1450 557 1483 setis.

182 1504 224 1533 3⁵
248 1501 382 1541 Hac-,et
404 1500 490 1541 quoe]
523 1501 596 1533 Tali
621 1502 840 1534 execratione

140 1561 218 1584 cum
233 1556 310 1584 tota
333 1552 452 1587 Roma,
468 1551 523 1583 vel
539 1561 616 1592 pars
633 1552 766 1592 melior,
788 1557 842 1584 est

139 1611 212 1642 nst,
228 1606 300 1634 tum
313 1611 442 1634 eamus.
469 1600 675 1642 Abscindere]
689 1602 842 1634 Abcidere

139 1651 258 1692 etiam,
273 1655 309 1683 et
320 1650 478 1683 abscidere
499 1651 638 1691 legitur,
654 1651 688 1682 in
706 1660 772 1683 uno
786 1651 840 1683 ab·

137 1701 290 1734 scindere.
334 1701 578 1742 Repetendum
606 1705 743 1732 autem:
777 1702 841 1734 Sea

134 1750 277 1789 juremus
300 1751 335 1781 in
358 1750 436 1786 hac,
451 1750 516 1780 hoec
541 1752 573 1780 et
591 1759 660 1789 quoe
681 1752 842 1790 paler-unt,

138 1801 192 1839 ξε.
213 1799 375 1841 Torrent-

185 1850 228 1880 8⁷
259 1848 327 1880 Aut
348 1857 424 1888 pars
447 1847 576 1879 indocili
600 1847 708 1879 melior
730 1847 843 1889 grege]

142 1898 152 1916 ⁶
166 1896 355 1929 Indocilem
371 1906 510 1938 gregem
522 1896 532 1910 '
556 1896 705 1937 ignobile
723 1898 842 1938 vulgus

143 1947 313 1988 appellat,
327 1951 364 1979 et
387 1946 516 1988 alioqui
537 1945 712 1978 historiam
735 1948 844 1989 respi-

141 1996 212 2035 cit;
240 2005 318 2028 nam
341 2001 377 2028 et
394 1996 619 2028 Phocaeorum
641 1996 730 2028 bona
752 2007 843 2038 pars,

141 2044 279 2077 domum
300 2055 451 2087 reversa,
465 2046 548 2077 alios
567 2045 728 2078 deseruit.
770 2047 843 2078 Me-

116 2093 203 2126 lior
226 2093 342 2136 grege]
378 2095 506 2127 Melior
539 2096 640 2136 vulgo
672 2096 844 2138 imperito.

141 2143 254 2175 Mollis
277 2148 311 2176 et
332 2144 456 2185 exspes]
491 2144 620 2176 Contra
649 2146 842 2187 quicunque

140 2193 254 2226 mollis
283 2196 319 2225 et
353 2194 497 2235 ignavus
535 2199 604 2235 est,
639 2204 842 2238 omnemque

142 2251 239 2284 spem
265 2242 404 2284 abiecit,
422 2243 481 2276 ille
507 2243 581 2276 haec
604 2244 699 2276 urbis
721 2245 840 2278 Romae

139 2291 219 2325 loca
234 2297 395 2334 tanquam
410 2293 537 2326 cubilia
562 2293 714 2326 infausta
733 2299 769 2327 et
792 2295 843 2326 in-

143 2343 297 2374 ominata
319 2346 485 2382 perpetuo
500 2347 648 2383 premat.
669 2349 705 2374 et
725 2344 842 2376 Romae

142 2391 331 2425 miserrime
340 2396 507 2424 aeternnm
519 2392 713 2425 delitescat.
728 2393 842 2426 hubin.

146 2439 279 2472 Eadem
293 2439 368 2472 fere
391 2441 523 2472 ratione
538 2441 638 2482 Virg.
651 2451 686 2474 v.
714 2442 725 2460 ‘
737 2443 844 2475 Tran-

144 2491 300 2523 scribunt
311 2490 386 2522 urbi
399 2495 539 2530 matres,
549 2492 777 2534 populumque
786 2503 843 2525 vo-

143 2541 274 2573 lentem
290 2540 492 2580 Deponunt,
505 2540 636 2572 animos
651 2542 698 2573 nil
714 2552 843 2583 magnas

144 2590 256 2623 laudis
280 2589 444 2631 egentes)
495 2590 725 2631 Navigaturus
753 2593 843 2624 enim

144 2642 181 2673 in
207 2640 344 2673 Italiam
370 2639 508 2678 AEueas‚
529 2640 662 2672 turbam
688 2642 844 2674 inutilem

145 2691 297 2733 rellquit,
324 2699 365 2722 ac
395 2690 500 2721 veluti
525 2691 693 2722 sarcinam
719 2691 846 2732 majora

143 2741 341 2783 capessenti
376 2749 512 2782 gravem
540 2740 694 2782 deponit.
738 2742 847 2775 Mollis

145 2795 177 2825 et
187 2790 313 2833 exspes]
338 2789 386 2824 At
402 2799 496 2833 vero,
507 2800 583 2832 quae
600 2801 679 2833 pars
694 2791 844 2825 civitatis

888 362 998 394 mollis
1013 362 1080 393 erit
1101 365 1139 393 et
1160 360 1233 392 siue
1254 369 1328 400 spe,
1352 360 1438 391 male
1462 362 1588 393 omina-

890 409 1158 447 tos,etinfelices
1170 410 1316 442 lectulos
1330 414 1501 451 perpetuo
1512 419 1588 451 pre.

889 463 971 491 mat.
1018 457 1024 463 '

929 512 972 541 38
994 509 1190 551 Per-primm]
1221 509 1384 550 Segnitiae
1408 508 1588 541 assiduitas

886 564 1047 592 notatur:
1075 569 1134 600 per
1155 559 1259 599 enim,
1282 560 1442 600 junctum
1470 559 1590 596 verbo,

885 609 1003 641 nescio
1015 609 1097 650 quid
1114 612 1224 641 totum
1238 610 1479 651 integrumque
1491 608 1591 648 signi·

886 661 990 700 ficat3
1013 667 1051 693 ut
1076 666 1084 680 ¹
1099 665 1304 703 pernoctare
1328 666 1432 692 extra
1447 660 1568 691 urbem
1581 660 1589 674 ’

886 711 1131 752 intelligendus
1168 716 1233 748 est,
1266 710 1323 753 qui
1360 711 1454 742 nulla
1490 716 1590 751 parte

886 761 997 793 noctis
1013 761 1048 792 in
1064 761 1148 792 urbe
1164 765 1227 793 est.

930 812 972 842 39
1004 809 1192 841 Muliebrem
1227 807 1329 840 tollite
1357 807 1489 848 luctum]
1533 808 1591 839 Ita
1614 823 1621 831 ·

887 859 972 892 Mss.
989 865 1027 891 et
1041 859 1198 901 impressi
1223 867 1353 890 omnes.
1398 857 1446 889 At
1468 857 1590 890 Lamb.

882 910 989 950 pellite
1011 910 1154 950 mavult,
1177 914 1281 950 atque
1307 909 1356 940 ita
1378 917 1447 940 non
1471 918 1538 940 uno
1555 909 1591 940 in

887 959 1006 992 codice
1023 959 1090 1001 legi
1105 959 1274 998 affirmat;
1300 968 1342 990 an
1358 968 1451 998 vere,
1464 959 1590 991 nescio.

887 1009 1134 1051 [Schoenborn.
1147 1013 1178 1042 2.
1194 1009 1319 1040 condite
1331 1007 1479 1048 vultum-J

931 1063 974 1092 40
998 1061 1135 1091 Etrusca
1153 1062 1272 1099 proeter
1289 1062 1320 1089 et
1339 1059 1442 1089 volate
1466 1057 1591 1098 littora]

889 1109 1153 1149 Praetervolare,
1169 1108 1203 1139 id
1220 1111 1286 1147 est,
1307 1107 1486 1147 praeterire
1505 1107 1593 1148 Tyr-

889 1160 1030 1192 rhenum
1047 1168 1154 1191 mare.
1197 1157 1365 1199 [Guelph.
1384 1160 1503 1198 praeter
1523 1167 1593 1190 evo-

891 1208 981 1249 luta]

931 1261 972 1290 41
999 1258 1066 1290 Nos
1080 1261 1183 1290 manet
1195 1257 1354 1298 Oceanus]
1379 1257 1451 1289 Nos
1467 1266 1592 1298 expec-

890 1311 943 1340 tat
979 1308 1139 1339 Oceanus
1175 1305 1530 1347 praeternavigandus,
1558 1307 1592 1336 in

891 1367 958 1399 quo
974 1361 1056 1388 sunt
1070 1357 1187 1387 insnloe
1204 1355 1403 1387 fortunatas.
1451 1355 1593 1386 Oceanus

888 1407 1116 1448 circumvagam]
1137 1405 1206 1438 Hic
1218 1405 1397 1446 distinguit
1408 1404 1593 1436 Lambinus

889 1456 1078 1496 epithetum
1085 1455 1312 1494 circumvagos,
1318 1463 1493 1495 exponens
1501 1454 1593 1495 quod

889 1506 964 1538 orbi
981 1509 1148 1537 terrarum
1169 1503 1394 1536 circumfusus
1415 1504 1473 1536 sit.
1516 1504 1594 1535 Me-

888 1555 953 1587 lius
982 1554 1141 1596 antiquus
1166 1554 1351 1595 interpres,
1377 1554 1595 1593 circumvagus

888 1614 965 1637 «mm
981 1605 1083 1644 beata,
1097 1608 1136 1636 ut
1158 1604 1202 1636 de
1217 1607 1315 1636 certa
1336 1603 1457 1636 oceani
1479 1607 1594 1644 parte,

890 1664 958 1696 qua
972 1654 1100 1686 insulas
1123 1653 1314 1685 fortunatas
1337 1653 1456 1692 ambit,
1477 1653 1595 1694 loqu·-

890 1707 948 1735 tur
970 1702 1094 1734 Poeta.
1150 1703 1230 1734 Vid.
1257 1702 1409 1735 Turneb.
1434 1710 1516 1734 xtv.
1538 1705 1595 1734 21.

894 1752 1142 1791 Circmnvagus:
1175 1762 1263 1787 arva,
1290 1752 1397 1793 beuta]
1429 1751 1498 1785 Qui
1520 1751 1596 1782 uni-

891 1810 1024 1832 versam
1039 1806 1165 1833 terram
1181 1802 1466 1842 circumvagatur.

935 1853 977 1883 42
1012 1850 1142 1882 Diuites
1163 1853 1195 1881 et
1223 1850 1356 1891 insulas]
1400 1851 1595 1892 synonyma

892 1903 972 1932 sunt
985 1910 1063 1932 arou
1083 1899 1184 1936 beata,
1205 1900 1322 1932 divites
1337 1900 1460 1933 insuloe.
1504 1900 1595 1931 vide

892 1959 944 1981 ιν.
971 1949 1043 1982 od.
1072 1952 1104 1981 7.
1130 1949 1190 1980 ubi
1216 1958 1298 1980 vero
1324 1954 1491 1982 terrarum
1513 1949 1597 1989 sint,

892 1999 1056 2031 hactenus
1070 1999 1334 2039 incompertum.

935 2051 978 2081 48
1003 2050 1147 2080 Cererem
1161 2049 1252 2079 tellus
1263 2048 1406 2089 inarata]
1443 2047 1594 2081 Messem

892 2098 1080 2138 copiosam.

935 2150 979 2179 44
1002 2146 1269 2188 Imputatofloret
1284 2154 1381 2186 sasque
1394 2144 1501 2185 vinea]
1534 2145 1595 2176 Vi—

892 2205 957 2228 nea
972 2205 1039 2228 non
1055 2199 1189 2237 putata,
1211 2205 1279 2228 non
1301 2195 1445 2237 praecisa
1460 2205 1596 2237 semper

891 2244 1005 2280 floret.

934 2299 976 2328 45
1003 2296 1127 2327 Termes
1141 2294 1247 2334 olivae]
1262 2295 1389 2326 Ramus
1402 2295 1593 2336 olivae,tam

892 2343 1017 2384 fidelis,
1033 2349 1071 2375 ut
1085 2353 1178 2384 spem
1193 2344 1322 2376 domini
1338 2353 1508 2386 nunquam
1531 2343 1596 2376 ful-

891 2395 951 2427 lat.

935 2446 979 2476 46
1000 2443 1099 2475 Suam
1111 2442 1267 2485 arborem]
1302 2443 1474 2475 Arborem
1497 2446 1594 2474 natu-

893 2494 1012 2533 ralem,
1028 2502 1095 2524 non
1115 2493 1262 2524 insitam.
1308 2492 1398 2524 Nam
1421 2493 1455 2523 in
1477 2491 1594 2522 insulis

893 2541 1080 2574 fortunatis
1094 2542 1206 2573 omnia
1221 2542 1292 2572 sine
1307 2546 1382 2572 arte
1397 2545 1596 2573 nascuntur.

893 2592 1048 2632 Suamque
1076 2592 1163 2632 pulla
1192 2591 1290 2623 Ficus
1318 2593 1412 2622 ornae
1438 2590 1594 2631 arborem]

895 2642 967 2674 Aut
981 2650 1044 2682 ego
1058 2640 1170 2682 fallor,
1183 2645 1243 2672 aut
1263 2641 1366 2681 longe
1388 2640 1479 2672 aliud
1495 2641 1596 2672 intel·

893 2692 981 2724 lexit
996 2691 1160 2722 Horatius
1172 2700 1212 2722 ac
1228 2689 1454 2731 Interpretes.
1474 2689 1593 2721 Scien-

895 2741 976 2773 dum
991 2740 1082 2772 enim
1099 2740 1237 2772 Latinos
1250 2739 1406 2772 arborem
1425 2739 1592 2781 pullulan-

897 2796 978 2828 tem,
1009 2790 1052 2824 ob
1088 2799 1144 2822 eas
1180 2799 1256 2832 quae
1289 2798 1334 2821 ex
1356 2798 1398 2821 ea
1427 2798 1590 2822 enascun-
