1930 3204
371 282 481 324 1628

417 385 476 414 131
508 382 601 414 Viciis
628 379 746 419 teneor]
784 379 959 411 Obnoxius
988 388 1060 411 sum

373 431 517 463 fortasse
534 431 620 462 vitiis
639 430 748 469 parvis
765 433 799 460 et
817 429 934 469 quibus
950 430 1060 469 ignos-

374 490 452 512 cere
468 480 582 510 debes.
626 477 737 517 Istinc]
753 477 806 508 Ab
822 477 869 507 liis
889 478 977 508 vitiis
994 485 1061 508 me-

374 528 554 560 diocribus.

420 579 480 607 132
503 575 611 613 Longa
636 574 726 614 oetas]
754 574 894 605 Placida
915 573 1004 605 enim
1028 577 1063 605 et

376 624 555 665 tranquilla
582 628 737 654 senectus
764 628 828 658 est,
844 623 1006 664 juventus
1029 632 1062 653 a-

377 674 466 705 crior
489 673 777 714 concitatiorque;
800 677 901 714 atque
924 673 967 702 ob
991 681 1062 702 sau-

378 723 485 762 guinis
503 721 669 753 fervorem
696 730 794 761 paeue
819 721 941 752 furiosa
957 730 996 750 ac
1013 729 1064 750 ra-

379 771 457 802 bida
473 772 504 801 in
520 770 727 810 appetendo.
771 770 872 800 Unde
889 769 1065 809 injuveni-

378 820 438 851 bus
464 819 617 858 audacia,
640 819 672 849 in
697 819 831 849 senibus
858 819 942 848 ratio
960 818 1065 857 viget,

380 875 482 909 atque
498 869 698 899 intellectus.
715 863 779 909 q'ua
796 867 836 898 de
853 877 887 898 re
904 868 996 907 plura
1011 875 1065 897 ιιι.

381 918 446 949 Od.
460 921 511 948 14.
534 918 543 934 ‘
560 918 635 948 Non
651 926 712 956 ego
728 917 790 947 hoc
804 916 926 947 ferrem
940 916 1067 946 calidus

374 966 540 1007 juventa.’
585 966 680 996 Isiber
699 966 829 1004 arnicas]
855 966 920 996 Res
937 975 1001 1005 quo
1018 975 1068 995 ra-

382 1016 460 1051 rior,
476 1024 516 1044 eo
533 1013 994 1053 pretiosior,optabiliorque3
1012 1022 1069 1044 ne-

383 1072 448 1103 que
465 1062 551 1092 enim
567 1061 644 1092 duci
662 1062 729 1092 vita
744 1061 815 1092 sine
839 1062 988 1092 amicitia
1011 1071 1069 1102 po-

383 1116 464 1148 test,
487 1120 595 1150 neque
615 1110 763 1141 amicitia
780 1110 992 1150 appellanda,
1015 1110 1071 1141 cui

383 1161 521 1191 libertas
549 1159 646 1190 desit.
697 1159 817 1199 Itaque
843 1158 1011 1190 inimicum
1037 1168 1071 1189 a·

384 1219 476 1240 crem
502 1218 540 1240 ac
565 1207 730 1239 fervidum
752 1207 874 1238 habere
897 1208 941 1239 sit
954 1207 1072 1246 satius,

384 1267 482 1298 quam
511 1257 652 1288 amicum
679 1257 711 1287 in
734 1255 943 1287 admonendo
959 1255 1072 1287 remis-

384 1317 456 1338 sum
485 1316 523 1337 ac
546 1315 693 1345 segnem.
736 1306 859 1336 Versus
876 1309 926 1336 est
946 1305 1073 1345 perele-

387 1364 469 1394 gans
497 1354 666 1394 Euripidis
693 1354 725 1384 in
752 1353 949 1384 Alcestide:
981 1352 1074 1384 Φίλαν

386 1403 459 1444 πρὸς
482 1402 575 1443 ἄνδρα
600 1403 661 1443 χρὴ
686 1401 792 1441 λέγειν
819 1402 989 1443 ἐλευθέρως.
1032 1402 1072 1434 Id

387 1458 453 1492 est,
477 1453 539 1483 Cui
562 1452 603 1483 sis
625 1452 740 1483 amicus
765 1452 858 1483 libere
872 1453 1075 1483 admonendus

387 1505 444 1533 est.
466 1501 624 1532 Torrent.
677 1500 769 1531 Liber
784 1499 914 1538 amicus]
938 1499 1074 1531 Amicus

388 1550 493 1581 libere
511 1550 589 1580 vitia
604 1553 718 1579 nostra
733 1549 832 1579 etiam
852 1549 1076 1579 occultissima

389 1598 551 1638 exagitat.
605 1598 769 1637 [Largiter
782 1597 961 1628 abstulerint
977 1597 1076 1628 codd.

391 1657 444 1687 ap.
461 1647 582 1685 Jaeck,
597 1646 678 1686 Fea,
693 1652 727 1676 et
744 1646 879 1685 Bothe]

434 1697 494 1726 133
530 1695 697 1725 Consilium
720 1695 892 1734 proprium]
926 1694 1025 1726 Quod
1058 1703 1079 1725 a

391 1748 487 1775 recta
503 1743 630 1774 ratione
657 1742 851 1774 sumendum
867 1746 931 1781 est,
947 1747 983 1772 ut
1000 1742 1078 1773 nihil

391 1793 582 1823 inconsulto
603 1791 849 1832 aggrediamur,
865 1791 945 1821 nihil
961 1791 1077 1830 praeci-

392 1843 544 1882 pitanter
559 1851 598 1873 ac
615 1846 751 1872 temere.
795 1842 886 1874 Quin
902 1846 937 1872 et
951 1841 985 1871 in
1001 1849 1080 1872 cou-

393 1892 533 1931 sulendo
549 1891 576 1922 is
597 1891 678 1921 ordo
703 1889 865 1921 tenendus
883 1894 946 1926 est,
959 1894 997 1921 ut
1013 1900 1032 1921 a
1043 1898 1080 1920 se

394 1941 534 1981 quisque
564 1940 715 1980 incipiat,
747 1948 783 1970 se
813 1939 1010 1980 interroget,
1045 1948 1081 1969 se

395 1990 561 2028 consulat,
579 1989 770 2028 priusquam
784 1988 907 2018 amicos
923 1989 957 2018 in
973 1987 1081 2019 consi-

396 2039 475 2069 lium
500 2042 609 2068 vocet.
635 2038 775 2067 Torreat.
822 2036 991 2067 Consilium
1014 2045 1082 2075 pro-

393 2085 508 2125 prium]
532 2085 727 2123 Consilium,
755 2084 842 2124 quod
870 2084 1006 2123 quisque
1032 2094 1084 2114 su-

397 2138 477 2172 apte
495 2137 614 2171 sponte
635 2132 737 2170 capit.
782 2131 892 2170 Neque
916 2132 995 2161 enim
1015 2141 1084 2162 cum

398 2182 538 2221 lectulus]
564 2180 727 2211 Ostendit
750 2180 915 2220 quomodo
930 2189 968 2210 ac
982 2189 1084 2220 quan-

398 2230 441 2261 do
455 2239 567 2260 secum
585 2229 655 2268 ipse
681 2229 817 2268 loquens
840 2228 1014 2259 consilium
1030 2237 1084 2258 ca-

399 2279 482 2319 piat.
515 2279 590 2310 Quo
607 2277 792 2316 respexisse
807 2275 1008 2306 crediderim
1024 2276 1085 2307 eti-

401 2338 452 2358 am
463 2326 653 2366 Virgilium,
662 2335 719 2355 seu
733 2333 972 2365 quemcumque
985 2326 1086 2356 alium

401 2376 556 2407 carminis
582 2374 624 2404 de
649 2373 732 2404 Viro
762 2373 858 2404 Bono
892 2377 1085 2404 auctorem:

400 2428 409 2444 ‘
430 2426 502 2457 Nec
518 2424 608 2464 prius
632 2423 665 2453 in
686 2421 816 2453 dulcem
833 2421 981 2452 declinat
995 2422 1087 2453 lumi-

402 2484 444 2505 na
461 2481 624 2512 somnum,
645 2470 767 2503 Omnia
787 2479 884 2512 quam
911 2471 1020 2510 longae
1037 2480 1088 2502 re.-

403 2523 573 2565 putaverit
590 2526 668 2553 acta
683 2520 774 2552 diei.’
804 2520 950 2560 Egregie
965 2521 1090 2552 Seneca

403 2574 446 2604 de
480 2573 535 2604 Ira
562 2571 621 2602 lib.
651 2579 707 2602 ιιι.
751 2568 942 2607 ‘Auimus,'
971 2569 1091 2610 inquit,

404 2624 413 2639 ‘
429 2623 574 2662 quotidie
588 2620 628 2650 ad
644 2620 804 2650 rationem
819 2618 1021 2649 reddendam
1034 2627 1090 2649 vo-

407 2671 532 2700 candus
561 2674 624 2700 est.
669 2667 827 2698 Faciebat
860 2667 920 2698 lioc
945 2668 1092 2707 Sextius,

409 2723 445 2750 ut
461 2722 685 2749 consummato
706 2717 774 2752 die,
796 2726 871 2747 cum
897 2726 932 2748 se
957 2717 998 2747 ad
1014 2726 1091 2750 noc‘

411 2772 541 2798 turnam
559 2766 705 2806 quietem
732 2765 930 2805 recepisset,
954 2765 1092 2798 interro-

816 289 954 321 NOTAE
986 289 1244 320 VARIORUM
1278 289 1327 319 IN

1108 384 1202 420 garet
1231 380 1374 411 animum
1412 389 1528 411 snum:
1567 378 1665 413 Quod
1693 378 1792 411 bodie

1108 431 1230 461 malum
1247 435 1341 461 tuum
1358 429 1501 460 sanasti?
1524 428 1578 460 cui
1598 428 1679 460 vitio
1692 427 1794 460 chuti-

1109 479 1205 511 tisti?
1227 489 1292 520 qua
1308 483 1405 519 parte
1421 479 1539 510 melior
1554 478 1612 509 es?
1624 480 1634 494 '
1653 477 1711 509 Sic
1724 477 1795 509 ille.

1114 529 1252 561 Tor-rent.
1294 528 1438 558 Lectulus
1465 530 1519 558 aue
1543 525 1605 566 me]
1627 526 1738 558 Quum
1760 525 1795 556 in

1111 578 1234 609 lectulo
1251 577 1363 617 jaceo,
1388 577 1439 611 vel
1463 576 1497 607 iu
1523 575 1655 616 porticu
1684 573 1798 606 deum-

1111 626 1202 658 bulo.

1156 678 1216 706 134
1239 675 1355 706 Desum
1370 674 1462 714 mihi]
1485 673 1520 704 Is
1537 677 1649 704 autem
1661 681 1727 703 non
1741 671 1800 703 de-

1113 734 1187 755 esse
1202 724 1262 755 sibi
1283 723 1404 755 dicitur
1429 722 1485 763 qui
1509 731 1633 758 secum,
1654 719 1733 761 quid
1749 719 1800 751 sui

1114 774 1156 804 sit
1172 772 1286 812 officii,
1309 772 1388 813 quid
1406 775 1536 802 mature
1552 770 1643 801 facto
1657 778 1740 810 opus
1754 770 1801 800 sit

1115 822 1255 862 cogitat.
1279 822 1374 861 (ἔτ-νᾳ.
1412 821 1528 852 Desum
1541 818 1632 858 mihi]
1656 817 1801 857 Negligo

1115 870 1203 910 quod
1217 870 1280 900 mei
1296 874 1348 900 est
1370 867 1482 900 officii.
1525 867 1655 899 Rectius
1669 867 1723 898 hoc
1737 865 1800 906 eet]

1116 919 1201 949 Haec
1213 917 1336 948 tacitus
1353 926 1481 947 mecum
1497 916 1627 956 loquor.

1161 969 1219 997 135
1242 965 1296 996 Sic
1309 965 1404 996 dulcis
1418 964 1539 1004 amicis]
1559 964 1629 1003 Sic,
1643 963 1683 1004 id,
1699 968 1763 1002 est,
1775 963 1803 994 si

1117 1014 1197 1046 illud
1210 1013 1344 1052 faciam,
1354 1016 1416 1044 διο.
1459 1013 1554 1053 [Duo
1568 1013 1665 1044 Vatt.
1679 1015 1716 1043 et
1730 1011 1801 1043 An-

1118 1064 1216 1105 gelic.
1232 1065 1264 1094 2.
1278 1062 1384 1093 melius
1399 1059 1526 1100 vivam]

1162 1114 1224 1143 136
1246 1111 1315 1142 Hoc
1329 1110 1452 1150 quidam
1462 1119 1522 1140 non
1533 1107 1622 1149 belle]
1644 1108 1721 1140 Hoc
1734 1109 1807 1150 qni-

1120 1161 1195 1192 dam
1210 1170 1276 1192 non
1293 1160 1375 1191 fecit
1390 1159 1488 1190 belle.
1528 1158 1700 1198 Numquid]
1726 1158 1807 1190 Plu-

1123 1221 1175 1242 res
1191 1210 1288 1242 codd.
1328 1210 1412 1241 Num
1425 1208 1496 1250 quid
1511 1207 1703 1248 disjunctim
1720 1207 1806 1238 Can-

1121 1266 1214 1292 terus
1245 1261 1340 1291 Lect.
1365 1268 1416 1290 ιν.
1445 1261 1498 1290 12.
1529 1257 1669 1288 Tomnt.
1711 1255 1807 1297 [vat-

1122 1311 1218 1341 Rom.
1249 1311 1280 1340 9.
1306 1317 1326 1339 a
1351 1317 1396 1340 ιιι.
1423 1317 1473 1348 pr.
1498 1315 1662 1347 numquam
1686 1314 1744 1344 ego
1767 1313 1804 1336 ne
1834 1322 1841 1329 ·

1122 1359 1197 1399 illi]

1165 1409 1226 1438 137
1249 1405 1429 1446 Imprudens
1441 1403 1528 1443 olim]
1553 1402 1687 1436 Faciam
1708 1401 1808 1434 insci-

1123 1456 1203 1487 ens?
1259 1455 1318 1486 Dii
1358 1453 1569 1494 prohibeant.
1626 1451 1808 1492 [Impudem

1122 1505 1202 1536 Vat-
1217 1504 1315 1534 Rom.
1330 1504 1361 1532 2.
1375 1511 1395 1532 a
1409 1511 1453 1533 m.
1467 1500 1551 1541 sec-J

1166 1554 1227 1583 138
1252 1549 1438 1590 Compressis
1461 1548 1564 1589 agito]
1587 1547 1672 1579 Hoec
1687 1546 1810 1579 tacitus

1125 1609 1252 1631 mecum
1271 1599 1373 1638 agito.
1405 1596 1614 1638 [Comprensie
1624 1595 1704 1630 Vnt.
1713 1596 1810 1628 Rom.

1125 1653 1156 1680 9.
1181 1648 1362 1688 Compositis
1373 1646 1528 1677 vallicel.
1543 1645 1591 1686 1.]

1170 1700 1231 1728 139
1253 1698 1356 1728 Illudo
1369 1695 1501 1734 chartis]
1523 1695 1592 1726 Pro
1613 1695 1662 1726 ita
1685 1693 1811 1726 cuntis

1127 1745 1260 1780 maudo.
1283 1750 1439 1784 tanquam
1461 1743 1592 1774 lusurus
1613 1751 1764 1782 operam,
1778 1746 1814 1774 et

1129 1795 1320 1836 perditurus
1355 1792 1520 1832 laborem,
1559 1791 1636 1832 quin
1674 1791 1814 1830 Satyrus

1128 1843 1240 1875 scribo
1251 1849 1286 1874 et
1295 1852 1370 1874 meo
1382 1842 1515 1882 ingenio
1529 1840 1682 1880 indulgeo
1691 1850 1702 1872 ι
1726 1838 1817 1880 quod

1129 1893 1156 1923 si
1173 1892 1326 1923 vitiosum
1348 1895 1398 1922 est
1424 1890 1458 1921 id
1484 1890 1586 1921 etiam
1611 1897 1768 1930 agnosco,
1782 1890 1818 1918 et

1130 1941 1209 1972 mihi
1245 1940 1370 1981 ignosci
1409 1939 1519 1979 cupio.
1553 1937 1673 1969 Fabric.
1716 1936 1816 1967 Iliada

1130 1988 1261 2028 chartis]
1283 1987 1411 2018 Mando
1432 1986 1537 2016 literis
1560 1991 1595 2017 et
1617 1983 1817 2016 ludibundus

1130 2038 1271 2077 satyras
1295 2037 1416 2068 scribo.
1458 2034 1619 2076 [Incumbo
1642 2031 1741 2066 codd.
1761 2041 1818 2072 ap.

1131 2086 1260 2124 Feam.]

1175 2135 1236 2164 14⁰
1259 2133 1427 2162 concedere
1437 2130 1530 2170 nolis]
1551 2130 1745 2170 Ignoscere.

1174 2183 1230 2212 141
1258 2180 1361 2210 Multa
1382 2179 1551 2219 poetarum,
1576 2177 1646 2217 εγὼ]
1666 2176 1817 2209 anneb.

1132 2232 1217 2262 ιι.2.
1234 2229 1314 2261 Gui.
1336 2229 1513 2266 Canterus,
1539 2227 1626 2258 Nov.
1647 2227 1744 2258 Lect.
1764 2235 1817 2258 lv.

1135 2281 1185 2309 12.
1210 2278 1314 2308 Multa
1322 2276 1588 2317 poetarumveniat
1598 2285 1717 2315 manus,
1725 2276 1818 2307 mi-

1133 2326 1174 2357 lio
1195 2325 1278 2366 quoe]
1300 2325 1480 2356 Innumera
1503 2323 1685 2354 Poetarum
1709 2322 1822 2356 multi.-

1134 2375 1214 2406 tudo
1227 2374 1340 2404 venire
1354 2372 1456 2404 debet
1471 2371 1565 2403 nohis
1575 2371 1710 2403 auxilio.

1179 2425 1239 2454 142
1263 2422 1364 2453 Multo
1374 2422 1477 2462 plures
1489 2419 1606 2461 sumus]
1619 2419 1740 2452 Sumus
1754 2420 1821 2451 val·

1137 2471 1178 2502 de
1194 2471 1300 2502 multi.
1730 2489 1735 2493 .

1156 2528 1159 2530 ’
1181 2521 1241 2551 143
1263 2519 1369 2550 Judaei
1398 2527 1538 2556 cogemus
1562 2518 1596 2550 in
1623 2517 1700 2549 hanc
1722 2527 1824 2549 conce·

1137 2570 1222 2610 dere]
1245 2567 1356 2600 Judaei
1385 2567 1447 2597 snb
1470 2566 1610 2606 imperio
1633 2566 1823 2606 Octaviani,

1139 2620 1253 2649 Romae
1269 2616 1432 2656 cogebant
1447 2616 1567 2646 multos
1582 2614 1616 2645 in
1632 2622 1724 2646 stiam
1749 2614 1823 2646 reli·

1139 2669 1268 2708 giouem
1290 2666 1442 2697 transire.
1486 2663 1525 2695 In
1539 2661 1765 2703 humina-bam]
1781 2661 1820 2694 In

1140 2717 1225 2747 hanc
1239 2714 1420 2746 Poetarum
1436 2713 1692 2744 multitudinem.

1142 2767 1224 2796 SA‘r.
1250 2773 1282 2795 v.
1306 2763 1377 2794 Iter
1408 2770 1502 2794 suum
1531 2761 1572 2793 ab
1605 2759 1687 2792 urbe
1716 2758 1820 2791 Roma
