1916 3262
413 285 526 328 1348

410 387 544 420 vocavit
558 387 659 419 etiam
681 388 832 421 Tibullus
851 398 909 422 ιιι.
936 393 969 422 2.
993 394 1002 409 ·
1017 391 1102 423 Post

410 438 483 469 haec
498 437 664 468 carbaseis
687 438 856 470 humorem
873 440 992 471 tollere
1008 440 1102 476 velis,

410 486 525 526 Atque
541 486 575 517 in
589 497 778 518 marmorea
795 498 920 528 ponere
937 490 1027 521 sicca
1044 490 1102 520 do-

410 534 488 567 mo!
533 535 630 566 Pedo
651 536 684 566 iu
699 536 936 569 Consolatione
953 538 995 569 ad
1012 538 1102 568 Livi-

410 594 488 617 am:
513 585 523 602 ‘
540 584 696 615 Claudite
718 586 790 625 jam
819 586 940 617 Parcae
964 587 1101 617 nimium

410 637 562 663 reserata
599 634 788 673 sepulchra,
824 635 995 672 Claudite,
1027 636 1101 676 plus

403 682 499 722 justo
512 683 583 722 jam
599 683 716 714 domus
733 683 800 715 ista
815 685 937 725 patet.'
950 686 1100 724 Rutgers.

410 733 532 773 Exilis]
564 734 691 765 Domus
713 734 834 770 tenuis,
863 739 899 766 et
926 744 1027 775 parva
1052 735 1100 767 sic

409 783 502 816 dicta
517 784 559 815 ob
575 794 686 816 manes
701 785 804 816 exiles
817 785 886 817 illic
898 786 1100 823 habitantes,

408 833 468 872 qui
489 837 662 873 aspectum
687 834 860 866 oculorum
875 834 1021 875 fugiunt,
1037 844 1099 866 nec

407 886 548 921 possunt
562 881 805 914 circumscribi.
837 883 906 919 Quo
917 883 1010 915 simul
1019 893 1099 915 mea·

406 929 469 968 ris]
493 928 545 960 Ad
572 939 670 970 quam
696 930 829 962 domum
852 931 951 963 simul
976 942 1015 964 ac
1037 932 1099 963 mi-

410 979 571 1019 graveris.

451 1030 493 1059 18
525 1027 594 1058 Nec
616 1029 728 1068 regna]
758 1029 835 1060 Non
866 1029 932 1061 eris
961 1028 1099 1060 bibendi

407 1074 580 1114 magister,
614 1076 669 1106 cui
699 1076 918 1107 constituenti
945 1077 1038 1117 leges
1065 1077 1099 1108 in

379 1121 382 1123 ’
407 1123 569 1154 conviviis
594 1133 709 1154 omnes
725 1133 846 1164 parere
861 1134 999 1156 necesse
1023 1126 1101 1158 erit.

408 1171 523 1210 Regna
531 1171 659 1202 sortiere
678 1172 764 1211 talis]
785 1173 794 1190 ‘
811 1173 933 1204 Sortiri
944 1173 1101 1213 judices,'

410 1219 421 1237 ‘
434 1220 646 1261 provincias-¹
676 1221 820 1253 Romani
835 1222 1009 1262 dicebaut,
1025 1233 1101 1256 cum

407 1270 464 1309 qui
480 1270 615 1309 judices
632 1279 670 1301 ac
692 1271 934 1310 provinciarum
952 1276 1099 1303 rectores

406 1317 510 1348 futuri
524 1322 648 1357 essent,
661 1323 751 1349 sorte
767 1319 980 1358 legebantur.
1016 1321 1099 1350 Earn

406 1366 442 1396 in
466 1366 599 1406 Repub.
627 1367 903 1398 consuetudinem
927 1367 969 1398 ad
985 1368 1099 1399 convi-

407 1414 535 1445 viorum
565 1415 770 1454 magisteria,
796 1419 954 1456 tanquam
982 1416 1026 1447 de
1062 1426 1098 1448 re

407 1471 530 1502 magna
544 1463 751 1503 loqueretur,
763 1464 937 1502 eleganter
952 1469 1099 1496 transtu-

405 1511 448 1542 lit
465 1512 640 1543 Horatius.
679 1513 780 1553 Talis]
803 1513 959 1544 Talorum
978 1514 1097 1554 jactu:

408 1560 552 1592 Veneris
578 1561 664 1593 enim
683 1562 799 1603 jactus
820 1571 932 1603 regem
948 1563 1014 1593 vini
1030 1562 1099 1594 effi-

410 1609 536 1640 ciebat.

451 1661 492 1689 19
507 1659 655 1700 Lycidam
668 1660 832 1700 mirabere]
855 1661 1002 1703 Puer-Jsm
1018 1662 1100 1692 mol-

409 1709 488 1747 lem,
500 1712 535 1740 et
545 1708 774 1740 delicatulum.
812 1711 881 1745 Quo
892 1710 984 1750 calet]
997 1710 1100 1750 Cujus

410 1758 676 1797 amorejuvenes
691 1767 780 1789 nunc
794 1758 923 1789 ardent.

451 1808 494 1837 20
509 1807 590 1836 Mox
604 1805 758 1846 virgines]
781 1806 848 1837 Ubi
865 1805 1008 1847 Lycidas
1023 1806 1101 1838 ado-

408 1853 545 1893 leverit,
567 1853 714 1894 virgines
741 1854 815 1894 ejus
841 1855 1018 1895 complexu
1043 1865 1101 1886 cu-

409 1902 505 1943 pient
517 1903 629 1942 potiri.
671 1903 816 1942 Virgines
829 1903 986 1944 tepebunt]
1002 1903 1101 1936 Amo·

408 1951 455 1981 ris
482 1949 602 1981 ardore
618 1951 780 1990 paulatim
796 1950 1101 1984 inflammabuntur.

409 1998 521 2029 Lubin.
561 1998 635 2037 Vel,
669 2003 708 2029 ut
739 1999 905 2040 Cruquius
937 2000 1099 2040 explicat,

409 2046 604 2085 frigidiores
633 2051 745 2083 erunt,
774 2057 872 2088 quam
901 2051 939 2078 nt
969 2052 1003 2078 te
1026 2049 1098 2088 jam

410 2095 504 2125 senio
520 2104 625 2134 prope
640 2099 676 2126 et
689 2094 814 2135 frigore
828 2094 1020 2127 confectum
1043 2105 1098 2127 ac·

409 2143 555 2174 cendere
592 2153 651 2174 suo
679 2144 792 2174 calore
821 2145 984 2184 poterint.
1033 2144 1099 2176 Vel

410 2192 556 2231 ‘tepere
573 2190 582 2204 ’
619 2190 713 2226 dicit,
750 2191 793 2223 ob
823 2201 923 2223 sexus
951 2191 1099 2224 faeminei

410 2239 656 2271 verecundiam.

412 2287 496 2320 Ona
505 2298 539 2320 v.
551 2289 804 2329 Προσφωνητικὴ.
828 2289 1099 2322 ΑοΡιτιιιιιιΑΜ.

452 2338 614 2369 Horatius
629 2348 670 2368 ex
685 2339 824 2378 Pyrrhae
839 2339 1099 2378 illecebris,tan-

419 2414 422 2418 .
453 2395 552 2426 quam
564 2395 582 2416 e
595 2385 770 2427 naufragio
783 2391 995 2427 enataverat,
1004 2388 1099 2428 cujus

452 2444 565 2466 amore.
579 2435 727 2466 irretitos
749 2434 892 2467 affirmat
908 2444 980 2467 esse
1001 2436 1100 2467 mise·

455 2492 522 2514 ros.
798 2496 800 2498 ·

453 2534 471 2562 1
497 2532 577 2567 Quis
591 2531 702 2572 multa]
726 2533 757 2564 Ο
774 2533 916 2572 Pyrrha,
928 2533 1000 2575 quis
1017 2543 1100 2575 puer

410 2585 542 2620 tenero,
557 2585 591 2612 et
601 2581 718 2621 gracili
733 2590 886 2622 corpore,
899 2582 934 2613 id
949 2587 1014 2622 est,
1027 2583 1099 2624 quis

410 2630 607 2662 adolescens
622 2630 718 2662 aetati
731 2631 852 2671 puerili
868 2631 1045 2671 proximus,
1063 2637 1098 2664 te

412 2679 524 2709 multis
550 2679 584 2710 in
609 2680 691 2710 rosis
718 2685 829 2720 urget,
853 2680 890 2711 id
915 2685 980 2719 est,
1003 2686 1098 2713 arcte

412 2726 576 2767 avideque
590 2729 829 2768 amplectitur?
858 2729 997 2760 Gracilis
1007 2730 1098 2771 puer]

411 2775 540 2807 Tenere
564 2778 774 2819 molliterque
793 2779 968 2819 educatus,
991 2778 1099 2820 impu-

868 299 1008 330 NOTAE
1040 299 1302 332 vAR10RUM
1339 301 1390 331 ΙΝ

1150 391 1220 431 bes,
1244 401 1355 424 rerum
1374 392 1564 434 imperitus,
1585 393 1696 436 decipi
1717 395 1837 431 facilis.

1149 441 1189 470 In
1203 442 1299 472 multa
1317 442 1402 483 rosa]
1430 442 1469 474 Iu
1495 443 1654 475 odoribus
1674 445 1718 476 ad
1742 446 1836 478 lasci-

1150 489 1238 520 viam
1254 491 1510 530 provocandam.
1555 492 1720 524 Fortassis
1739 493 1838 526 intel-

1149 537 1226 577 ligit
1248 538 1422 577 ῥοδουντίαν
1445 538 1579 580 λοπάδα,
1603 539 1638 571 id
1653 545 1718 581 est,
1734 551 1838 582 genus

1149 585 1282 618 odorati
1307 587 1410 619 edulii
1435 593 1470 620 et
1495 589 1701 629 scitameuti,
1722 590 1837 632 inquo

1150 644 1236 666 rosae
1251 636 1375 668 intritae
1399 638 1433 668 in
1451 638 1520 669 olla
1534 638 1576 669 ad
1592 647 1738 670 mensam
1750 639 1837 671 fere-

1149 682 1282 719 bantur.
1294 684 1336 715 de
1352 694 1416 726 qno
1432 685 1556 718 Athen.
1570 686 1630 717 lib.
1643 695 1722 718 vm.
1740 688 1836 729 Cruq.

1191 733 1212 761 2
1243 731 1391 771 Perfusus
1415 734 1554 774 liquidis]
1576 735 1757 768 Delibntus
1779 747 1837 768 un-

1150 781 1296 821 guentis,
1317 791 1392 823 quae
1415 783 1536 815 odores
1561 783 1749 817 effundunt.
1780 786 1838 820 Li-

1149 828 1251 868 quidis
1273 830 1429 871 odoribus]
1453 832 1691 872 Unctionibus,
1715 833 1836 876 quihus

1150 881 1256 908 totum
1271 887 1361 918 saepe
1371 888 1492 919 corpus
1499 879 1753 921 obliuisolebat‚
1761 891 1837 923 quae

1148 925 1364 965 διαπλάσματα
1388 929 1652 961 nominabantur.
1701 931 1838 972 Liquidi

1150 984 1232 1007 vero
1255 976 1375 1008 odores
1401 977 1498 1008 siccis
1519 977 1687 1019 aridisque
1711 980 1838 1020 opponi

1150 1027 1303 1063 possunt,
1317 1033 1390 1065 quae
1405 1025 1600 1064 διαπάσματα
1616 1032 1750 1058 vocant.

1192 1074 1211 1102 3
1235 1072 1352 1112 Antro]
1375 1073 1415 1104 In
1439 1073 1580 1114 fornice,
1598 1075 1651 1106 vel
1675 1076 1840 1116 lupanari,

1151 1120 1207 1151 ubi
1221 1122 1416 1153 meretrices
1427 1123 1606 1164 aliquando
1621 1123 1784 1164 latebant,
1799 1129 1839 1155 ut

1149 1169 1273 1201 alienos
1282 1171 1395 1202 oculos
1403 1171 1435 1202 in
1445 1181 1480 1202 re
1492 1172 1651 1211 pudenda
1661 1170 1816 1212 fugerent
1829 1183 1837 1203 :

1149 1219 1330 1260 aliquando
1360 1221 1558 1261 prostabant
1593 1221 1761 1262 impudice
1795 1221 1839 1253 ad

1149 1269 1350 1309 captandam
1366 1269 1525 1311 praedam.
1560 1286 1566 1290 »

1189 1320 1210 1348 4
1235 1318 1295 1349 Cui
1312 1318 1448 1358 flavam]
1471 1319 1574 1360 Cujus
1598 1320 1709 1360 gratia
1729 1319 1839 1351 crines

1148 1365 1250 1396 flavos
1264 1367 1368 1398 babes
1383 1369 1551 1406 religatos,
1566 1373 1602 1399 ut
1613 1369 1644 1399 ei
1660 1370 1806 1409 placeas.

1188 1417 1208 1444 5
1223 1414 1364 1454 Simplex
1377 1416 1552 1456 munditiis]
1562 1417 1748 1448 Munditias
1761 1427 1837 1457 pro-

1147 1463 1219 1503 prie
1248 1468 1356 1499 vocat,
1382 1473 1456 1504 quae
1484 1463 1526 1495 ad
1551 1467 1700 1504 corporis
1722 1474 1836 1496 curam

1147 1516 1320 1552 spectant;
1333 1513 1452 1554 quibus
1468 1513 1631 1553 Pyrrham
1647 1522 1716 1544 suae
1733 1513 1836 1545 confi-

1147 1571 1217 1592 sam
1241 1561 1356 1593 formae
1378 1562 1524 1602 simplici
1551 1571 1641 1593 usam
1657 1562 1837 1603 significat.

1147 1611 1286 1651 Simplex
1300 1611 1475 1651 munditiis]
1498 1611 1650 1651 Simplici
1671 1611 1837 1642 munditie

1148 1663 1323 1698 contenta,
1338 1659 1462 1700 absque
1475 1664 1671 1700 sumptuoso
1686 1659 1836 1699 corporis

1149 1708 1257 1738 cultu.
1313 1708 1386 1738 Heu
1409 1708 1538 1748 quoties]
1566 1707 1748 1739 Pathetica
1777 1717 1836 1739 ex-

1148 1755 1306 1786 clamatio
1332 1756 1367 1786 in
1399 1756 1648 1787 adolescentem
1668 1756 1838 1796 miserum,

1149 1812 1248 1843 quem
1263 1804 1396 1843 Pyrrha
1411 1813 1499 1835 nunc
1514 1804 1582 1834 suis
1597 1804 1764 1835 illecebris
1779 1805 1838 1836 de-

1147 1852 1235 1883 tinet
1256 1853 1448 1893 captivum;
1473 1853 1640 1893 tantisper
1666 1853 1699 1884 ei
1724 1854 1837 1885 suavis

1148 1904 1185 1932 et
1202 1901 1354 1941 jucunda
1377 1901 1588 1943 benignaque
1611 1901 1736 1942 futura,
1756 1902 1835 1934 dum

1147 1949 1261 1987 habet,
1277 1949 1366 1990 quod
1381 1949 1506 1980 donare
1522 1950 1636 1989 possit.
1649 1950 1745 1990 Cruq.
1779 1951 1838 1982 Fi-

1146 1998 1229 2038 dem]
1252 1997 1423 2030 Promissa
1437 1998 1470 2028 in
1485 1998 1670 2038 levitatem,
1684 2002 1720 2029 et
1735 1998 1834 2038 perfi-

1147 2046 1234 2077 diam
1249 2049 1390 2079 mutata.

1188 2096 1209 2124 6
1232 2094 1318 2124 Deos
1340 2093 1449 2134 flebit]
1476 2094 1641 2125 Venerem
1665 2103 1740 2125 cum
1764 2095 1833 2125 suis

1146 2142 1365 2182 pedissequis,
1379 2142 1510 2173 scilicet
1525 2142 1670 2183 Gratiis,
1691 2144 1834 2184 risu,jo-

1146 2199 1198 2230 co,
1212 2191 1344 2231 osculis,
1367 2191 1508 2232 aliisque
1531 2191 1731 2231 hujusmodi,
1755 2201 1831 2232 quae

1146 2240 1231 2270 tales
1243 2249 1373 2271 amores
1387 2239 1551 2278 comitari,
1573 2238 1743 2280 facileque
1761 2249 1831 2272 mu-

1146 2289 1211 2320 tari
1236 2290 1354 2321 solent.
1405 2289 1525 2328 Aspera
1545 2289 1662 2329 nigris]
1683 2289 1833 2329 Synchu-

1146 2340 1210 2369 sis:
1234 2347 1294 2377 pro
1309 2347 1444 2378 aequora
1461 2337 1558 2377 nigra
1574 2337 1680 2370 ventis
1695 2339 1834 2378 asperis.

1147 2387 1192 2418 Et
1217 2395 1277 2417 cur
1298 2386 1400 2425 nigris
1420 2386 1541 2417 ventis?
1583 2385 1635 2416 Au
1655 2385 1733 2427 quia
1747 2391 1831 2418 tem-

1147 2439 1311 2476 pestates,
1338 2444 1412 2475 quae
1441 2443 1461 2464 a
1489 2434 1598 2465 ventis
1628 2435 1833 2474 excitantur,

1147 2485 1252 2524 nigrae
1267 2484 1365 2515 sunt?
1387 2483 1513 2515 idcirco
1529 2484 1783 2523 tempestatibus
1795 2490 1831 2516 et

1146 2533 1259 2573 hyemi
1286 2532 1382 2572 nigra
1411 2541 1513 2572 pecus
1532 2532 1730 2564 immolatur.
1782 2534 1831 2565 Ut

1146 2582 1242 2622 Virg.
1256 2581 1328 2612 AEn.
1343 2589 1400 2612 ιιι.
1419 2582 1428 2598 ‘
1443 2580 1582 2621 Nigram
1602 2581 1710 2621 hyemi
1732 2589 1830 2621 pecu-

1147 2629 1320 2670 dem,’&c.
1363 2628 1418 2661 An
1438 2630 1515 2670 quia
1537 2630 1634 2671 nigra
1650 2629 1759 2662 omnia
1773 2629 1830 2660 de-

1145 2678 1263 2711 formia
1277 2685 1313 2710 et
1328 2679 1510 2719 injucunda
1519 2680 1619 2710 sunt?
1639 2679 1746 2710 Lamb.
1767 2679 1827 2709 As-

1143 2729 1235 2769 pera]
1252 2728 1419 2768 Allegoria
1433 2733 1485 2759 est
1493 2727 1595 2759 ducta
1606 2737 1624 2758 a
1633 2727 1829 2758 mariventis

1145 2778 1286 2818 agitato,
1303 2776 1493 2818 significans
1507 2776 1718 2808 meretricum
1735 2775 1828 2808 blan-
