1930 3204
367 263 483 359 1535'2'

364 394 573 436 ‹lisparseris]
606 393 779 426 Posterior
806 393 922 424 Lamb.
946 390 1072 424 editio*

365 444 472 484 dispar
491 453 588 483 genus
612 442 807 480 substituit:
842 446 877 473 at
903 443 993 482 prior
1014 447 1049 474 et

365 492 444 523 libri
474 491 693 532 manuscripti
723 500 850 529 omnes,
868 491 952 528 seris
985 500 1048 521 non

363 551 461 579 genus
481 541 618 580 legunt;
652 548 715 570 nec
741 539 889 579 dubium,
914 540 992 580 quin
1008 539 1050 570 ad

365 599 457 620 oram
471 589 610 629 alicujus
626 588 700 620 libri
716 588 924 628 adscriptum
938 587 978 618 τὸ
995 598 1050 627 ge-

365 647 434 675 nus,
450 647 509 677 pro
521 637 752 668 declaratione
768 637 920 668 vocabuli
936 637 1052 677 dispar.

367 687 507 717 scribam
545 686 729 726 deceperit.
783 686 970 718 Glareanus
1005 685 1052 717 sic

366 735 506 774 exponit
515 746 525 766 e
551 735 672 775 Neque
684 743 825 776 unquam
837 734 890 765 hic
905 743 974 765 mos
985 732 1052 764 fuit

366 782 446 813 feris
461 783 625 823 leonibus,
641 783 704 814 nisi
721 784 754 814 in
770 783 880 822 dispar
894 792 1008 822 genus.

340 847 344 850 >
378 859 382 862 .
410 834 449 863 18
466 832 603 863 Furor-ne
617 830 729 870 coecus]
754 833 832 862 Duo
849 831 1052 871 exemplaria

366 891 459 911 coecos
481 880 617 920 habent,
638 890 701 911 nec
716 880 886 920 displicet.
931 882 1052 911 Recte-

368 939 435 970 que
450 935 626 960 enumerat
642 929 761 960 Horat.
787 939 862 959 uam
886 934 945 959 ant
966 929 1054 960 Deo·

367 988 439 1008 rum
461 977 511 1008 ira
526 977 704 1018 fatalisque
727 979 910 1009 necessitas
934 982 971 1009 ut
995 979 1053 1009 im-

370 1026 464 1066 peria
479 1031 651 1056 mutentur
667 1036 675 1056 :
700 1030 758 1057 aut
780 1027 934 1067 proprius
950 1025 1055 1067 furor,

369 1075 439 1105 sive
455 1075 567 1114 culpa,
580 1079 616 1105 et
638 1074 669 1106 ei
693 1075 808 1106 debita
823 1084 932 1115 poena,
948 1085 1005 1106 nos
1022 1076 1057 1106 in

369 1123 492 1154 bellum
509 1123 658 1154 trallunt.
701 1123 907 1164 Quamquam
929 1133 990 1154 nec
1010 1123 1058 1154 di-

369 1173 479 1202 vinam
501 1172 701 1202 sentiremus
724 1173 820 1212 itam,
838 1173 901 1202 nisi
927 1173 1059 1203 scelera

369 1222 459 1252 illam
490 1227 604 1253 nostra
634 1228 867 1263 provocarent.
922 1223 1062 1254 Fur-orne

368 1271 481 1311 coecus]
499 1271 687 1311 Insaniaue,
700 1281 740 1302 an
753 1273 857 1312 major
870 1272 931 1311 vis,
941 1271 1060 1313 (utpote

361 1320 476 1357 fatalis
491 1320 671 1361 necessitas)
698 1330 738 1351 an
765 1321 866 1360 culpa
885 1330 986 1351 causa
1007 1325 1060 1352 est

370 1369 476 1399 civilis
493 1369 634 1400 furoris?
678 1369 926 1409 [Schoenborn.
952 1373 984 1400 2.
1005 1373 1060 1400 aut

371 1419 479 1458 rapit]

415 1470 452 1498 15
479 1468 606 1508 Tacent]
628 1468 717 1499 Talis
738 1468 794 1499 ille
810 1469 904 1508 Virg.
921 1477 1056 1498 versus:

373 1517 383 1534 ‘
398 1517 483 1548 Haec
498 1516 602 1548 effata
617 1517 706 1556 silet,
726 1518 831 1557 pallor
846 1517 941 1547 simul
958 1526 1057 1547 occu-

373 1570 430 1605 pat
448 1566 530 1597 ora.’
576 1566 716 1598 Qualem
742 1565 874 1596 scilicet
896 1565 1058 1595 scelerum

373 1614 576 1645 conscientia
591 1615 740 1645 excitare
760 1614 856 1644 solet.
900 1613 1059 1653 [Schoen-

375 1663 472 1693 born.
489 1666 520 1693 2.
535 1662 615 1692 color
625 1662 739 1702 albam]

429 1713 468 1741 16
505 1710 698 1750 Mentesque]
750 1709 885 1740 Mentes
927 1709 1062 1740 sceleris

375 1759 580 1791 conscientia
613 1767 775 1798 percussae
806 1758 1063 1797 obstupuerunt.

373 1808 398 1847 [‘
413 1808 558 1848 Cuning.
569 1807 754 1846 exingeuio
769 1806 900 1843 audaci.
913 1805 1066 1846 perculsi,-

376 1861 413 1888 ut
425 1866 487 1887 nec
498 1855 607 1886 sensui
624 1854 830 1896 praecedenti
843 1855 1065 1895 respondean

377 1907 556 1948 utrobique
586 1906 846 1946 subintelligitur
876 1909 884 1923 ¹
901 1905 1062 1936 eorum.”

384 1957 473 1996 Fea.]

387 2028 390 2029 ν
420 2007 460 2036 17
484 2005 609 2044 Sicest]
646 2005 700 2036 Sic
717 2008 832 2043 est‚ut
849 2004 907 2034 Dii
924 2003 999 2034 irati
1022 2003 1063 2034 ob

377 2054 487 2083 scelus
502 2053 634 2084 Romuli
658 2053 732 2093 (qui
757 2053 895 2083 fratrem
924 2053 1062 2082 Remum

378 2101 570 2131 dominandi
590 2110 693 2131 causa
715 2099 906 2139 interemit)
922 2100 1063 2130 immise-

378 2153 456 2180 runt
484 2149 517 2179 in
546 2149 708 2179 Romanos
734 2149 804 2178 lia’c
833 2149 919 2178 bella
944 2148 1064 2178 civilia.

378 2197 595 2237 Acerbafala]
634 2197 728 2227 Duos
749 2196 815 2226 vidi
842 2196 988 2235 codices,
1010 2196 1065 2236 qui

370 2249 462 2286 fucta
475 2247 667 2277 habebant:
691 2245 780 2286 quod
795 2245 984 2285 improbare
1001 2254 1066 2275 non

380 2306 538 2338 possum;
561 2302 599 2326 ut
622 2296 774 2329 Romani,
802 2299 837 2325 et
859 2304 919 2325 sua
944 2299 980 2325 et
1004 2295 1068 2325 Ro-

380 2348 462 2378 muli
477 2346 623 2377 auctoris
639 2345 687 2375 sui
710 2345 820 2383 culpa,
835 2344 876 2374 ad
900 2354 990 2375 arma
1013 2354 1067 2376 ve-

381 2396 505 2427 nerint.
550 2395 657 2427 Quale
679 2393 773 2432 illud,
793 2395 802 2410 ‘
818 2392 943 2423 delicta
968 2393 1069 2433 majo·

382 2444 480 2484 rum,'
495 2447 556 2476 &c.
604 2443 680 2475 Nec
697 2452 775 2474 sane
790 2442 801 2460 ‘
814 2443 975 2473 scelestos
988 2442 996 2455 ’
1013 2452 1069 2473 vo-

383 2504 463 2526 care
478 2493 606 2529 debuit,
621 2501 760 2533 qnorum
776 2492 867 2523 nulla
881 2492 924 2523 sit
939 2492 1047 2532 culpa.

429 2546 465 2574 [9
484 2543 525 2574 Ut
547 2540 748 2580 immerentis]
772 2541 954 2582 Postquam
970 2550 1070 2572 cruor

383 2591 574 2624 innocentis
584 2591 678 2622 Remi
688 2589 811 2621 effusus
819 2594 872 2621 est
885 2591 919 2621 in
937 2594 1071 2620 terram.

427 2645 469 2672 20
491 2641 585 2672 Sacer
598 2639 757 2680 nepotibus
771 2639 875 2679 cruor]
891 2640 999 2670 Cruor
1015 2649 1072 2670 ne-

386 2690 519 2729 potibus
535 2699 644 2729 sacer,
657 2689 690 2720 id
706 2693 771 2728 est,
785 2688 997 2727 execrabilis,
1019 2689 1071 2718 vel

387 2737 592 2776 perniciosus
608 2738 766 2777 posteris,
781 2738 839 2778 qui
863 2747 976 2778 poenas
1002 2738 1071 2768 lue-

388 2789 463 2815 rent
479 2785 628 2824 ejusdem
644 2786 790 2818 sceleris.

823 280 961 332 mim
996 298 1253 332 vitumnus-1
1286 299 1338 332 ιΝ

1102 393 1216 424 Eron.
1229 401 1310 424 vm.
1340 392 1396 423 An
1413 400 1518 423 Anum
1533 393 1782 426 meromonte-

1143 442 1253 473 Lubet
1268 441 1459 472 adscribere
1473 441 1593 472 incerti
1609 442 1783 472 Commen-

1103 492 1224 522 tatoris
1240 491 1315 521 huic
1332 490 1475 522 Carmini
1493 490 1725 531 praescriptum
1742 490 1785 521 ti·

1104 540 1229 570 tulum:
1254 539 1292 570 In
1307 549 1396 570 anum
1417 539 1621 578 libidinosam,
1641 539 1788 580 prostitu-

1103 591 1179 625 tam,
1189 588 1337 627 putidam,
1356 588 1556 624 Gratidiam,-
1578 597 1670 628 quam
1680 597 1785 628 asper-

1103 639 1206 673 natur,
1230 637 1316 675 cujus
1339 638 1416 668 vitia
1443 637 1578 678 commis
1605 638 1792 670 detestatio-‚⁴

1105 685 1786 724 UsqueadeomiseraillaGratidiaGram-

1105 734 1234 764 maticis
1257 743 1358 765 exosa
1379 738 1441 765 est.
1485 735 1555 776 [Aa
1573 744 1665 766 anum
1685 733 1787 772 desor-

1104 793 1182 821 men,
1191 785 1239 815 vel
1249 785 1282 815 in
1294 785 1471 816 Gratidiam
1487 795 1571 815 unus
1586 785 1713 826 Vatum]

1117 850 1119 852 >
1149 835 1163 863 1
1189 833 1314 872 Rogare
1325 833 1430 873 longo]
1460 833 1567 864 Poeta
1588 834 1693 864 iratus
1715 842 1790 865 ora-

1107 881 1231 911 tionem
1263 890 1328 912 non
1361 881 1492 921 profert
1522 882 1700 922 integram,
1728 881 1788 912 sed

1108 929 1282 969 praecisam
1299 939 1307 959 ε
1331 933 1384 960 est
1399 930 1500 969 igitur
1513 930 1792 970 subaudiendum,

1108 983 1116 995 ‘
1129 977 1287 1017 oportet,'
1308 978 1317 995 ‘
1330 977 1452 1017 decet:
1474 979 1485 996 ‘
1495 988 1625 1019 aeqtium
1634 972 1716 1020 'ests
1730 984 1791 1012 ant

1108 1027 1227 1059 simile.
1271 1026 1348 1057 Non
1376 1030 1411 1056 te
1437 1027 1542 1066 pudet
1561 1027 1726 1068 putidam,
1755 1028 1791 1058 id

1109 1081 1173 1112 est,
1197 1081 1459 1106 marcescentem
1486 1076 1587 1117 longa
1613 1081 1716 1108 aetate
1739 1085 1795 1110 „ro-

1111 1133 1190 1164 gare
1206 1133 1269 1163 me,
1285 1124 1366 1164 quid
1382 1125 1468 1156 vires
1482 1134 1574 1156 meas
1589 1125 1747 1158 debilitet
1757 1130 1794 1157 et

1111 1173 1152 1203 ad
1163 1173 1328 1204 Venerem
1352 1174 1483 1214 ineptas
1503 1174 1646 1206 reddat?
1687 1175 1794 1213 Longo

1110 1223 1249 1262 putidam
1273 1227 1303 1254 te
1323 1223 1446 1263 saeculo]
1470 1223 1618 1255 Soeculam
1631 1222 1704 1255 fere
1719 1233 1796 1255 cen-

1114 1276 1183 1302 tum
1206 1282 1364 1303 annorum
1385 1277 1456 1311 est3
1481 1273 1541 1303 sed
1557 1277 1668 1304 tamen
1684 1277 1719 1304 et
1733 1281 1793 1312 pro

1113 1322 1250 1361 triginta
1275 1326 1311 1353 et
1335 1332 1394 1363 pro
1409 1323 1499 1354 mille
1514 1332 1672 1354 annornm
1687 1323 1794 1363 spatio

1112 1380 1202 1410 saepe
1219 1371 1381 1411 accipitur
1396 1382 1406 1409 3
1427 1372 1482 1403 hic
1495 1381 1574 1403 vem
1600 1371 1798 1412 simpliciter

1113 1429 1172 1459 pro
1189 1429 1260 1450 aevo
1275 1429 1332 1450 seu
1350 1429 1408 1459 pro
1424 1424 1535 1453 aetate.
1699 1440 1702 1442 v

1154 1470 1172 1497 3
1198 1468 1240 1498 Ει
1262 1468 1350 1506 rugis
1365 1467 1466 1506 metm]
1490 1469 1622 1500 Etcum
1637 1473 1792 1500 senectus

1111 1515 1254 1546 frontem
1270 1517 1329 1546 tibi
1344 1525 1496 1555 rugosam
1512 1516 1677 1549 effecerit.
1699 1517 1796 1557 [eum

1111 1565 1153 1595 sit
1166 1568 1233 1594 ater
1245 1564 1304 1594 tibi
1318 1565 1392 1595 dens
1405 1565 1630 1598 Sclioenborn.
1645 1566 1695 1607 2.]

1154 1615 1174 1643 4
1197 1613 1343 1643 Frontem
1355 1617 1492 1644 senectus
1511 1615 1632 1654 exaret]
1657 1615 1798 1655 Elegan-

1116 1667 1168 1693 ter
1194 1668 1290 1694 vetus
1310 1663 1528 1694 Scholiastes:
1549 1664 1559 1680 ‘
1572 1664 1612 1695 Id
1628 1669 1692 1702 est,
1708 1664 1798 1704 rugis

1118 1714 1285 1750 tamquam
1309 1711 1410 1741 sulcis
1445 1712 1660 1750 proscindat.¹
1703 1713 1798 1752 Virg-

1120 1759 1192 1790 AEn.
1210 1768 1271 1789 vn.
1288 1760 1354 1792 {Et
1365 1759 1507 1790 frontem
1518 1761 1694 1792 obscenam
1709 1762 1799 1801 rugis

1119 1808 1217 1839 arat.'

1160 1862 1178 1888 5
1203 1858 1338 1897 Hietque
1353 1857 1468 1898 turpis]
1484 1858 1634 1899 Cumque
1650 1858 1802 1890 dehiscat

1117 1907 1222 1946 turpis
1238 1907 1360 1947 podex,
1377 1907 1479 1938 veluti
1493 1907 1602 1946 podex
1613 1907 1801 1947 bovis‚quoe

1116 1955 1282 1986 cruditate
1306 1955 1447 1994 laboret,
1464 1955 1552 1986 unde
1576 1955 1687 1986 cibum
1714 1955 1801 1986 male

1116 2005 1308 2044 concoquit,
1336 2009 1438 2043 atque
1464 2004 1539 2034 ideo
1562 2003 1665 2034 cruda
1687 2012 1802 2034 excre-

1117 2054 1340 2093 mentaejicit.
1362 2052 1800 2092 [Hiatqueschoenborn.2.]

1158 2104 1178 2131 6
1204 2103 1316 2131 Cmdoe
1331 2101 1428 2140 bovis]
1449 2103 1523 2139 Ego
1538 2101 1585 2131 sic
1600 2100 1726 2131 dictum
1743 2108 1799 2130 ex-

1117 2150 1240 2187 istimo,
1256 2155 1292 2179 ut
1303 2159 1359 2180 ιιι.
1371 2149 1438 2179 Od.
1456 2152 1504 2179 11.
1517 2149 1560 2178 de
1576 2157 1673 2188 equa,
1684 2148 1694 2165 ‘
1705 2147 1799 2186 Nup-

1119 2197 1238 2228 tiarum
1270 2206 1405 2236 expers,
1440 2202 1476 2228 et
1511 2196 1618 2227 adhuc
1641 2201 1801 2237 protervo

1121 2245 1234 2278 Cruda
1246 2245 1391 2277 marito!

1161 2298 1180 2326 7
1204 2295 1267 2326 Sed
1281 2295 1407 2335 incitat]
1429 2294 1495 2325 Sed
1513 2298 1631 2335 pectus
1645 2297 1738 2325 tuum
1752 2294 1802 2325 in-

1120 2344 1206 2375 citat
1233 2353 1286 2374 me
1311 2343 1353 2374 ad
1379 2343 1560 2379 Venerem,
1581 2345 1645 2374 &c.
1690 2342 1805 2375 Ironia

1121 2398 1174 2424 est
1209 2392 1424 2423 amarissima.
1466 2392 1580 2423 Incitat
1611 2401 1659 2422 me
1682 2391 1803 2431 motus]

1122 2443 1268 2474 Perinde
1281 2442 1371 2472 enim
1382 2451 1421 2473 ac
1435 2442 1475 2472 de
1488 2441 1625 2481 Phryne
1638 2441 1696 2472 illa
1711 2439 1804 2471 nobi·

1122 2494 1247 2524 lissima
1255 2492 1431 2523 meretrice
1441 2492 1613 2523 locuturus
1621 2490 1741 2531 incipit
1749 2499 1760 2528 ς
1771 2494 1809 2522 at·

1122 2541 1288 2581 flagitiose
1313 2540 1450 2572 desinit.
1495 2540 1623 2580 Patres]
1649 2539 1805 2570 Mammoe

1124 2590 1294 2631 pendulae,
1309 2598 1375 2620 non
1391 2594 1577 2630 turgentes,
1601 2593 1640 2620 ut
1662 2588 1696 2620 in
1712 2587 1808 2628 puel-

1124 2640 1176 2670 lis.
1616 2652 1621 2657 ’

1164 2691 1184 2720 8
1199 2689 1311 2724 Quales
1325 2687 1431 2727 ubera]
1442 2687 1538 2718 Tales
1553 2695 1714 2725 mammas,
1726 2691 1804 2726 qaa-

1123 2738 1165 2768 lia
1180 2743 1258 2768 sunt
1273 2737 1394 2777 equina
1405 2737 1516 2767 ubera.

1166 2790 1186 2817 9
1213 2787 1382 2826 Venterqae
1395 2785 1511 2826 mollis]
1529 2785 1655 2814 Venter
1669 2788 1803 2820 rugosus
