1930 3204
491 305 701 337 nous'ru
735 304 1019 336 sessionum
1056 304 1152 334 mn.
1186 303 1215 332 1.
1245 292 1289 332 ⁶2.

153 400 411 442 unguentarios,
440 399 653 438 venenarios,
680 401 854 436 unctores,

154 451 412 492 pigmentarios,
436 450 671 490 tinctoresque
691 446 775 478 licet
797 455 855 477 an-

154 509 339 531 numeres:
377 500 492 532 Mimis
522 498 641 534 ludios,
670 497 856 536 choraulas,

155 550 376 590 citharoedos,
393 550 559 589 tibicines,
574 553 677 589 atque
698 546 732 578 id
750 556 856 587 genus

155 603 303 632 ceteros.
358 599 406 631 At
437 596 656 631 ‘Mendicos’
688 597 856 638 appellari

154 649 312 681 existimo
336 649 471 683 Isiacos,
489 658 530 680 ac
552 647 683 689 Gallos,
699 647 858 679 sacerdo·

155 703 209 730 tes
224 698 383 740 Cybeles,
399 699 524 740 stipem
537 698 700 739 colligere
717 698 857 737 solito-13

156 748 248 790 quod
264 749 427 789 astrologi
452 757 598 790 quoque,
613 752 649 779 et
670 757 756 789 quos
781 757 857 788 per-

156 807 274 839 peram
296 798 554 830 mathematicos
573 797 705 838 dixere,
720 796 860 829 factita-

156 848 252 888 bant,
267 858 307 880 ac
323 848 462 880 vaticini
479 858 609 880 omnes.
641 848 802 880 Ceterum
817 847 859 878 ad

158 898 360 930 Balatrones
390 898 478 940 quod
517 898 656 938 attinet,
686 908 753 929 non
792 903 860 929 tam

156 953 253 980 certa
267 949 340 989 ejus
358 948 515 981 vocabuli
537 949 624 980 ratio
646 952 711 979 est.
755 948 861 979 Puta-

158 998 220 1030 rim
236 1002 351 1030 tamen
368 1009 502 1030 scurras
519 998 693 1039 praecipue
709 1007 749 1029 ac
766 1007 863 1038 para·

158 1046 240 1078 sitos
262 1056 304 1078 eo
324 1048 506 1086 contineri,
531 1047 659 1088 quippe
685 1047 863 1079 vilissimos

160 1097 326 1136 homines,
348 1099 404 1139 qui
424 1099 552 1129 ventris
574 1107 695 1129 caussa
713 1098 865 1139 quamvis

161 1147 263 1179 etiam
285 1148 527 1179 contumeliam
551 1157 618 1179 non
646 1147 743 1179 inviti
770 1153 865 1188 pate-

161 1202 292 1229 rentur.
336 1198 406 1229 Alii
430 1199 529 1230 unius
550 1199 657 1230 literae
680 1199 865 1230 mutatione

163 1257 184 1278 a
207 1247 348 1279 Baratro
371 1247 439 1280 dici
464 1248 596 1288 malint,
618 1257 681 1280 nec
707 1249 809 1288 male,
831 1249 866 1279 ni

161 1297 281 1337 fallor;
295 1299 348 1328 vel
358 1299 447 1339 quod
462 1299 569 1329 ventri
584 1306 755 1340 tamquam
769 1300 866 1331 bara-

164 1352 219 1380 tro
236 1348 348 1379 omnia
363 1348 504 1387 donent,
522 1349 574 1379 vel
589 1349 678 1390 quod
695 1349 788 1389 digni
801 1350 868 1380 sint

165 1398 222 1439 qui
241 1398 273 1430 in
293 1398 466 1430 baratrum
490 1398 681 1438 mittantur,
703 1403 741 1430 ut
763 1399 795 1430 in
820 1400 866 1430 lo-

162 1457 238 1480 cum
252 1449 300 1480 sic
315 1448 446 1480 dictum
459 1447 603 1479 Athenis
616 1449 695 1479 olim
709 1448 868 1488 malefici,

163 1501 223 1528 aut
253 1497 287 1528 in
317 1497 470 1528 latomias
499 1497 687 1537 Syracusis.
715 1497 866 1530 Turneb.

163 1546 224 1579 lib.
242 1556 296 1580 xx.
312 1547 454 1579 Tor-rent.
495 1547 758 1588 Pharmacopoloe]
774 1548 867 1580 Olim

160 1593 274 1628 'rerum
302 1596 419 1628 vilium
447 1601 676 1628 ostentatores
700 1602 810 1637 erant,
831 1601 868 1629 et

163 1647 294 1688 populo
307 1645 414 1678 verba
425 1645 564 1678 dabant.
587 1646 758 1687 [Qnatuor
766 1647 867 1679 codd.

165 1707 221 1739 ap.
238 1698 354 1736 Feam,
369 1697 483 1737 mimi]

208 1750 229 1779 2
245 1746 450 1787 Balatrones]
469 1746 634 1777 Homines
650 1746 816 1778 luxuriosi
833 1750 869 1777 et

168 1796 310 1837 perditi,
324 1796 374 1826 sic
386 1795 469 1826 dicti
482 1805 501 1826 a
512 1795 660 1826 Servilio
671 1796 870 1827 Balatrone.

212 1848 232 1876 3
255 1845 386 1885 Tigelli]
420 1844 530 1884 Hujus
554 1845 658 1876 etiam
682 1845 755 1876 Sat.
781 1848 814 1876 3.
837 1850 873 1876 et

167 1888 246 1928 Sat(
271 1897 324 1926 10.
353 1904 418 1926 non
448 1895 629 1927 incelebris
659 1895 700 1928 fit
735 1897 874 1928 mentio.

171 1947 384 1987 Quamquam
401 1944 444 1976 de
460 1945 596 1976 nomine
612 1955 678 1977 non
695 1947 780 1978 satis
794 1956 874 1978 con-

172 1996 278 2028 venit.
293 2005 368 2026 nam
389 1999 424 2026 et
443 1995 593 2034 Tigillius
607 2000 643 2027 et
661 1996 814 2035 Tigellius
828 1997 875 2028 le-

174 2046 278 2087 gitur,
300 2049 336 2077 et
358 2045 435 2077 hinc
454 2045 622 2085 Tigillinm
637 2051 672 2078 et
689 2047 873 2086 Tigellinus.

174 2097 290 2130 Quare
305 2101 341 2128 et
356 2095 444 2127 bunc
459 2100 635 2127 cantorem
651 2100 805 2128 nostrum
819 2097 874 2128 Ti-

173 2147 312 2188 gellium
325 2146 438 2187 potius
452 2146 676 2187 appellemus,
686 2151 723 2177 et
737 2146 875 2187 quidem

173 2196 282 2228 tribus
297 2196 463 2236 insignem
479 2196 670 2228 nominibus
684 2207 692 2228 :
707 2196 874 2238 siquidem

174 2251 313 2278 veteres
350 2245 574 2278 Grammatici
605 2246 657 2279 M.
693 2246 874 2287 Tigellium

174 2296 427 2337 Hermogenem
443 2301 581 2328 vocant.
611 2295 661 2328 At
675 2296 786 2330 Poeta
799 2307 875 2328 nos·

177 2351 231 2379 ter
260 2346 364 2378 etiam
394 2346 514 2386 patriae
542 2355 664 2377 nomen
695 2347 879 2387 expressit,

180 2407 256 2430 cum
273 2397 335 2435 ait,
358 2401 366 2414 ⁶
378 2396 505 2428 Sardus
521 2396 670 2428 habebat
687 2396 752 2428 Ille
767 2397 878 2438 Tigel-

178 2447 244 2478 lius
259 2445 349 2478 hoc!
393 2446 510 2476 Fuisse
531 2450 645 2477 autem
661 2447 779 2478 volunt
795 2446 878 2478 artis

183 2495 322 2527 musicae
362 2494 619 2536 peritissimum,
650 2495 741 2527 vocis
776 2496 880 2528 etiam

183 2546 354 2577 suavitate
370 2545 454 2576 mire
477 2549 713 2586 praestautem,
729 2545 880 2578 facetum

183 2601 355 2638 praeterea
367 2600 472 2636 atque
488 2596 522 2626 in
539 2595 696 2627 convictu
709 2596 883 2636 jucundis-

185 2648 319 2679 simum.
345 2646 488 2678 Torrent.
536 2643 666 2685 Tigelli]
689 2645 811 2677 Musici
828 2656 884 2687 pe·

187 2698 339 2731 ritissimi
354 2702 390 2729 et
403 2696 497 2728 vocis
510 2696 657 2728 eximiae.

230 2751 251 2779 4
273 2747 438 2786 Benignus
451 2745 536 2786 erat]
573 2746 626 2777 Ex
651 2745 808 2786 opinione
829 2755 884 2777 eo-

188 2807 260 2830 rum
277 2797 396 2839 quibus
406 2796 556 2828 donabat
570 2796 804 2837 Tigellius‚sic
818 2797 885 2828 Po-

190 2848 248 2880 eta
263 2848 435 2889 loquitur:
467 2847 518 2879 his
539 2847 627 2879 enim
643 2847 822 2888 benignus,
836 2847 885 2879 his

1497 293 1608 334 1597

906 396 1116 438 magnificus,
1141 396 1194 427 his
1222 393 1375 426 liberalis
1405 392 1497 424 visus
1523 393 1610 434 fuit;

906 450 1021 489 reipsa
1052 457 1133 479 vero
1165 446 1329 478 decoctor
1365 449 1402 476 et
1439 443 1613 485 prodigus,

906 507 970 529 nec
987 497 1167 539 quicquam
1187 497 1296 528 minus
1318 505 1419 537 qnam
1441 494 1611 535 benignus

906 559 950 580 ex
973 548 1259 589 Philosophorum
1284 546 1496 578 definitione.
1531 544 1615 576 Gel-

907 598 971 629 lius
986 607 1082 629 xvn.
1096 602 1130 629 5.
1156 598 1302 628 Torreat.
1347 595 1514 634 Benignus
1528 594 1613 634 erat]

909 648 1131 680 Perliberalis
1155 654 1240 680 erat.
1286 647 1367 688 Hic]
1403 646 1502 678 Alius
1526 645 1615 677 scili-

909 703 965 732 cet
982 709 1104 730 avarus
1119 703 1276 734 metuens
1292 707 1347 735 ne,
1361 699 1427 728 διο.

951 752 972 780 6
995 748 1176 790 Depellere]
1210 748 1389 788 Propellere
1408 746 1536 778 habent
1552 755 1615 777 nec

911 800 1090 841 pauciores
1116 808 1181 830 nec
1212 798 1404 830 deteriores
1433 797 1517 828 libb.
1547 797 1616 828 Ms.

914 850 1002 882 Torr.

954 902 974 931 7
998 899 1095 931 Hunc
1108 899 1138 930 si
1148 899 1352 940 perconteris]
1382 897 1509 934 Alium,
1523 906 1617 928 nem-

913 959 956 991 pe
973 950 1166 991 prodigum.

955 1003 976 1032 S
1004 1000 1201 1031 Proeclarum
1225 999 1370 1039 ingrata]
1403 999 1618 1030 Praeclarum

915 1049 1158 1091 patrimonium
1185 1060 1206 1081 a
1229 1049 1416 1090 majoribus
1442 1047 1505 1079 sibi
1521 1048 1620 1079 relic-

916 1104 1000 1131 tum.
1045 1099 1208 1139 Stringat]
1230 1099 1271 1130 In
1292 1107 1359 1130 uno
1383 1102 1487 1138 atque
1510 1097 1620 1128 altero

915 1150 992 1181 cod.
1009 1149 1146 1188 frangat
1169 1149 1334 1190 scriptum
1358 1147 1510 1189 repperi,
1527 1150 1562 1178 ut
1576 1155 1620 1178 n.

915 1200 988 1232 Sat.
1015 1202 1047 1231 3.
1079 1199 1287 1241 ‘Postquam
1315 1208 1368 1230 res
1395 1208 1471 1229 mea
1496 1197 1620 1230 Janum

917 1249 973 1282 Ad
988 1249 1137 1282 medium
1150 1249 1260 1281 fracta
1275 1248 1351 1280 est.'
1397 1248 1493 1279 Nihil
1505 1253 1622 1279 tamen

918 1301 1082 1332 immuto:
1116 1301 1126 1318 ‘
1140 1300 1332 1340 stringere'
1355 1300 1447 1330 enim
1469 1298 1569 1337 dixit,
1583 1302 1623 1329 ut

918 1360 996 1381 mox
1012 1351 1022 1368 ‘
1036 1360 1105 1382 rem
1122 1351 1230 1391 patris
1246 1348 1435 1386 oblimare‚’
1456 1358 1520 1388 pro
1535 1351 1621 1379 atte-

919 1409 996 1431 rere
1012 1399 1083 1430 sive
1099 1404 1290 1431 attenuare.
1328 1397 1429 1432 Quod
1446 1397 1490 1428 de
1506 1397 1623 1438 epulo-

917 1449 1017 1480 nibus
1033 1453 1126 1480 recte
1142 1449 1279 1481 dicitur.
1327 1449 1405 1479 Nec
1420 1447 1507 1478 male
1522 1446 1623 1478 etiam

920 1498 1038 1530 Lamb.
1067 1499 1125 1540 qui
1153 1499 1248 1530 ‘rem
1276 1497 1468 1539 stringere:
1499 1507 1562 1538 pro
1589 1498 1623 1529 in

918 1558 1076 1587 massam,
1096 1548 1168 1580 sive
1191 1548 1294 1589 pilam
1319 1552 1378 1580 aut
1403 1548 1546 1589 pilulam
1572 1556 1626 1578 co-

919 1608 1000 1639 gere
1020 1599 1266 1639 interpretatus
1294 1602 1359 1634 est,
1389 1596 1481 1639 quod
1509 1597 1625 1629 Graeci

919 1649 1038 1680 dicunt
1075 1650 1211 1690 σφαῖραν
1246 1649 1372 1685 ποιῆσαι
1407 1646 1468 1684 τὴν
1503 1645 1623 1678 οὐσίαν·

920 1708 1022 1739 quam
1040 1698 1215 1738 videlicet,
1242 1703 1280 1728 ut
1301 1696 1477 1736 catapotia
1501 1695 1626 1736 aegroti

921 1747 1046 1786 solent,
1065 1747 1208 1787 gulones
1226 1746 1274 1777 illi
1296 1746 1384 1777 male
1409 1744 1550 1786 perditi,
1566 1744 1626 1776 de-

921 1795 1098 1836 glutiendo
1126 1805 1194 1826 non
1221 1796 1336 1835 edant,
1362 1794 1422 1825 sed
1449 1794 1627 1826 devorent.

923 1845 1094 1886 Cruquius
1105 1855 1185 1876 vero
1195 1845 1256 1885 ait,
1265 1844 1357 1886 quod
1368 1845 1378 1862 ‘
1387 1843 1572 1884 stringere'
1581 1844 1628 1875 sit

923 1895 1121 1926 cumulatim
1139 1895 1227 1926 bona
1241 1895 1367 1935 omnia,
1383 1894 1476 1936 quasi
1492 1894 1526 1925 in
1538 1904 1628 1925 mas-

923 1955 995 1976 sam
1022 1944 1174 1985 redacta,
1197 1945 1342 1976 strictim
1367 1954 1511 1976 vorare:
1536 1944 1627 1986 quod

925 1994 1051 2027 Graece
1065 1995 1132 2026 dici
1151 1999 1277 2036 potest,
1292 1995 1442 2036 δαπανᾷν.
1487 1995 1496 2012 ‘
1509 1993 1627 2035 Ingra-

925 2044 1014 2076 tam'
1039 2050 1153 2076 antem
1179 2050 1279 2076 vocat
1310 2045 1510 2086 ingluviem,
1537 2045 1628 2087 quod

925 2094 1108 2136 majoribus
1124 2095 1248 2135 ingrati
1272 2096 1354 2135 sint,
1376 2097 1433 2137 qui
1456 2096 1553 2127 bonis
1577 2096 1628 2136 ip-

924 2155 1036 2177 sorum
1061 2144 1259 2186 frugalitate
1283 2146 1405 2186 partis,
1427 2150 1496 2176 tam
1521 2146 1630 2186 turpi-

927 2200 979 2227 ter
989 2200 1025 2227 et
1035 2196 1256 2237 ignominiose
1266 2195 1463 2227 abutantur.
1483 2195 1629 2227 Tor-rent.

926 2245 1075 2286 Stringat
1091 2245 1207 2286 malus]
1226 2246 1296 2278 Cur
1311 2246 1456 2277 devoret
1470 2245 1543 2276 sine
1561 2245 1630 2276 ulla

927 2300 1027 2337 grata
1040 2296 1214 2328 satietate.

970 2349 991 2376 9
1016 2346 1186 2377 Condat-tis
1210 2346 1364 2387 comens]
1399 2346 1554 2377 Nummis
1569 2345 1631 2376 foe-

927 2395 1002 2426 nori
1017 2396 1184 2436 acceptis,
1197 2405 1259 2437 pro
1274 2396 1394 2437 quibus
1411 2405 1543 2427 merces
1566 2395 1631 2426 sol·

928 2445 1031 2476 vitur.
1316 2475 1319 2477 ,

973 2497 1015 2526 10
1031 2495 1131 2526 Parvi
1140 2495 1234 2536 nolit]
1250 2496 1328 2528 Non
1339 2495 1448 2536 parvi,
1460 2495 1520 2527 sed
1538 2504 1631 2536 mag-

931 2553 970 2577 ni
981 2553 1095 2576 animi.

978 2597 1014 2625 ll
1039 2593 1092 2625 Ab
1105 2593 1170 2634 his]
1191 2593 1262 2625 Alii
1286 2594 1483 2626 laudabunt.
1529 2594 1578 2626 Ab
1593 2595 1631 2626 ie-

932 2644 987 2685 lis]
1012 2643 1081 2675 Alii
1098 2644 1354 2684 vituperabunt.

976 2697 1017 2725 12
1040 2693 1200 2736 Fufidius]
1238 2694 1332 2725 Male
1359 2699 1461 2726 antea
1483 2693 1632 2726 Fusidius

933 2745 1120 2785 legebatur.
1167 2744 1255 2775 Nam
1276 2744 1421 2785 Fufidius
1442 2744 1632 2775 Romanum

935 2799 998 2835 est,
1014 2795 1104 2826 sicut
1130 2798 1167 2826 et
1194 2793 1323 2833 Fufius,
1346 2793 1483 2826 utifere
1498 2798 1632 2825 veteres

935 2845 1138 2878 membrauae
1154 2844 1320 2886 scribunt,
1332 2844 1385 2877 vel
1398 2844 1556 2881 Fufidius,
1572 2844 1632 2875 im-
