1916 3262
450 295 660 329 HORATH
693 294 966 326 CARMINUM
1000 295 1098 326 Lm.
1130 295 1203 326 111.
1232 284 1302 327 14.

155 391 215 433 qui
229 390 272 423 ad
291 389 518 432 Monogamiae
538 389 672 421 laudem
687 387 854 422 referant.

161 441 306 473 Tot-rent.
339 441 439 473 Unico
450 438 710 481 gaudens-mlier
724 437 854 479 morito]

157 491 320 523 Matrona
334 495 433 523 casta
447 494 484 522 et
499 489 632 531 pudica,
655 498 734 530 quae
756 488 855 521 unico

157 542 280 574 marito
294 546 349 574 est
365 545 538 580 contenta,
558 539 714 581 prodeat.

201 595 223 624 6
243 592 348 624 Juniis
362 595 487 633 operata
497 590 594 631 divis]
617 590 732 629 Justis,
746 589 858 632 inquit

158 642 356 681 tammum,
372 642 406 674 id
421 645 488 682 est,
509 642 520 658 ⁶
534 640 655 682 patriis
671 650 799 681 usuque
817 648 857 671 ac

157 691 403 723 cousuetudine
426 689 596 732 receptis!
639 690 711 730 Ego
734 700 777 722 ex
800 698 857 721 ve·

159 746 270 774 terum
285 741 512 782 interpretum
527 740 697 772 sententia
712 740 839 781 ‘justos
849 738 860 754 '

158 790 275 822 vocari
295 791 422 831 malim,
437 790 494 832 qui
511 794 580 821 tam
602 789 769 830 insignem
785 790 859 821 Cae-

159 839 229 871 sari
264 840 410 871 merenti
446 840 626 872 victoriam
664 839 858 871 annuerint.

160 888 303 921 nne-e.
338 890 492 931 Operaeta]
506 890 669 931 Operari,
681 894 717 922 et
732 888 860 930 facere,

157 947 221 981 pro
234 939 451 973 sacrificandi
467 941 572 973 verbo
589 945 755 980 usurpant
768 939 861 972 Lati-

157 988 208 1029 ni,
221 993 261 1021 ut
275 989 376 1031 ῥέζειν
389 990 506 1022 Graeci
522 989 574 1022 ἐπὶ
584 990 642 1021 τοῦ
655 988 746 1021 θύειν.
762 990 860 1030 Virg.

159 1038 292 1079 Goon-g.
306 1049 334 1071 1.
366 1041 478 1072 ‘laetis
498 1045 662 1081 operatus
677 1040 711 1071 iu
727 1038 863 1071 herbis!

159 1087 303 1121 hubin.
342 1090 483 1131 operata
494 1090 593 1132 diois]
607 1090 713 1121 Sacra
727 1088 861 1121 faciens

162 1137 278 1170 Divis.

202 1190 222 1219 7
249 1188 292 1220 Et
305 1188 410 1229 soror]
426 1189 576 1222 Octavia
591 1189 739 1231 Augusti
754 1198 864 1230 soror,

160 1236 306 1270 Antonii
319 1248 415 1270 uxor.
582 1263 585 1266 -

203 1290 225 1319 8
247 1287 392 1330 supplice
404 1289 503 1329 vitta]
538 1289 629 1321 Vitta
645 1288 782 1329 proprie
794 1297 864 1320 ma-

160 1342 336 1370 nonarum
346 1344 435 1374 erat,
451 1343 488 1370 et
504 1338 641 1379 quidem
658 1337 788 1378 insigne
803 1346 864 1378 pu-

159 1387 267 1419 doris.
316 1387 471 1418 ‘Vittam
484 1386 495 1401 '
519 1396 604 1427 ergo
632 1386 842 1427 ‘supplicem
855 1386 864 1399 ’

158 1436 244 1468 sumi
260 1435 371 1468 Poeta
385 1436 470 1474 vult,
480 1436 571 1477 quali
587 1435 720 1467 scilicet
736 1441 863 1466 matro-

157 1493 215 1517 {m
230 1485 265 1517 in
289 1484 467 1517 sacrificiis
491 1484 862 1526 supplicationibusque

158 1533 358 1568 utebantur.
390 1534 533 1567 Tamne.
588 1534 735 1575 Supplfee
763 1532 862 1574 vitto]

158 1584 207 1617 Et
221 1583 371 1616 foeminae
386 1584 541 1626 supplice
556 1585 682 1616 vestitu
698 1589 840 1616 ornate.

201 1637 223 1666 9
264 1634 434 1675 Virginem
459 1635 591 1676 maeres]
636 1634 755 1667 Primo
784 1635 861 1666 loco

160 1685 290 1718 Liviam
319 1691 356 1717 et
378 1685 573 1725 Octaviam,
598 1685 650 1716 uti
674 1685 862 1726 principes,

158 1735 404 1774 invocaverat3
426 1745 518 1767 nunc
533 1739 704 1766 matronas
717 1735 863 1776 reliquas

161 1785 354 1826 alloquitur.
398 1785 488 1817 Nam
503 1784 600 1820 iuud,
621 1777 786 1823 Vir-ginon}
799 1794 865 1815 ma-

162 1837 231 1868 tra
247 1833 470 1873 juventutique,
491 1838 674 1873 nuptarum
691 1833 867 1864 circumlo-

165 1883 259 1915 cutio
273 1888 338 1914 est.
381 1882 482 1915 Quod
501 1891 580 1913 vero
598 1891 695 1922 nuper
709 1881 869 1923 Sospitam

163 1933 297 1973 adjicit,
324 1931 359 1963 id
386 1931 429 1963 ad
449 1932 595 1973 juvenes
619 1937 753 1963 tantum
779 1931 869 1963 refe-

163 1983 320 2022 rendum,
349 1982 407 2024 qui
435 1991 504 2013 una
539 1981 582 2013 ad
613 1981 868 2022 expeditionem

159 2033 402 2065 Cantabricum
418 2030 563 2074 profecti
579 2031 776 2063 redierant:
810 2035 870 2062 aut

162 2083 192 2114 si
219 2082 263 2115 ad
287 2083 438 2123 virgines
465 2082 579 2120 etiam,
600 2080 789 2122 ‘sospites’
817 2080 869 2112 in-

163 2132 298 2172 tellige,
313 2141 376 2173 per
393 2132 564 2164 Caesarem
577 2131 756 2172 sospitem,
771 2131 867 2172 cujus

159 2183 278 2215 -salute
310 2184 402 2215 salus
441 2182 581 2224 publica
620 2182 866 2214 contineretur.

159 2233 314 2267 Torreat.
358 2233 575 2273 Juvenumque
589 2231 701 2273 nuper]
736 2233 783 2264 Et
797 2241 867 2264 ma·

159 2287 238 2317 ‚tres
246 2283 425 2325 juvenum,
438 2283 496 2325 qni
516 2291 626 2324 nuper
641 2292 661 2314 e
675 2282 766 2315 bello
781 2282 869 2315 salvi

161 2332 358 2365 redierunt.

208 2385 251 2414 10
268 2382 365 2413 Pam·
378 2384 408 2413 et
420 2382 532 2422 puella
545 2382 624 2412 Jam
642 2381 746 2413 virum
758 2391 869 2422 exper-

163 2429 224 2470 ta]
259 2431 376 2463 Quare
399 2430 495 2462 addit
508 2431 586 2461 Jam
603 2430 708 2462 virum
720 2434 869 2472 experta,

162 2480 328 2520 ignorare
343 2479 499 2520 equidem
515 2489 570 2510 me
584 2478 722 2512 fateor:
746 2490 871 2522 pueros

168 2530 258 2561 enim
273 2529 492 2569 virginesque
509 2529 706 2570 plerumque
729 2531 872 2572 conjun-

167 2579 291 2620 gimus.
337 2577 534 2610 Quinetiam
550 2577 629 2618 quia
641 2578 807 2610 haetenus
823 2580 872 2611 sic

166 2628 331 2670 loquitur,
347 2633 387 2658 ut
409 2626 452 2657 de
474 2626 633 2657 muliebri
655 2636 754 2659 sacro
769 2637 870 2669 agere

165 2680 340 2718 videatur,
359 2677 482 2709 merito
509 2675 666 2708 fortassis
692 2686 759 2708 vox
783 2679 873 2718 pueri

169 2733 331 2770 suspecta
361 2727 418 2758 sit.
461 2726 532 2757 Pro
566 2735 632 2767 qua
661 2735 742 2758 sane
768 2736 873 2767 puer-e

170 2779 241 2820 legi
255 2778 356 2810 velim
372 2787 381 2808 :
418 2781 554 2807 veteres
570 2776 661 2807 enim
677 2786 774 2818 a’que
788 2778 798 2794 ‘
812 2787 872 2818 pu-

168 2827 267 2870 eras,’
284 2831 323 2859 ut
348 2824 517 2868 ‘pueros'
539 2825 674 2857 dixere.
718 2826 819 2860 Quod
844 2826 872 2858 si

1489 287 1604 331 1463

904 388 978 430 quis
998 387 1008 405 ‘
1021 396 1144 429 pueros
1158 387 1167 401 '
1187 387 1326 419 omnino
1339 387 1395 419 bic
1412 387 1606 430 relinquen-

905 437 965 469 dos
979 446 1064 474 esse,
1077 446 1142 468 nec
1167 436 1340 478 prohiberi
1365 437 1447 479 quin
1468 436 1607 469 femina.

905 496 980 519 rum
989 486 1096 519 sacris
1111 486 1217 518 etiam
1228 487 1328 528 pueri
1340 486 1512 526 intersint,
1527 496 1607 519 con—

905 536 1048 576 tendat;
1083 540 1166 568 tunc
1191 541 1269 577 post
1291 536 1474 568 dictionem
1494 537 1608 578 puellae

907 586 1110 628 particulam
1137 589 1170 617 et
1185 586 1320 628 adjungi
1340 586 1454 619 velim.
1497 585 1609 618 Aliter

906 637 994 669 bunc
1019 645 1120 678 quem
1146 636 1216 668 dixi
1234 637 1431 678 scrupulum
1457 636 1610 668 eximere

906 695 973 718 non
1011 695 1160 727 possum.
1219 687 1362 718 Torreat.
1437 685 1611 728 [sospitem

905 735 1138 769 Schoenborn.
1153 736 1205 778 2.]
1538 762 1544 770 ,

951 789 990 818 11
1029 787 1192 828 Expertae,
1218 787 1287 828 ξω]
1322 786 1465 827 Nuptae.
1525 785 1614 817 Male

906 837 1070 878 ominum]
1107 837 1290 870 Lambinus
1316 837 1486 874 nominatis
1514 836 1611 877 legit.

909 889 1083 928 Religiose
1103 897 1183 929 ergo
1208 887 1378 920 cavebant
1404 891 1553 926 veteres,
1568 895 1612 918 ne

908 938 989 981 quid
1005 938 1098 970 dictu
1114 937 1279 979 factuque
1292 937 1544 978 inauspicatum
1561 937 1612 967 in-

909 992 965 1020 ter
980 996 1079 1019 sacra
1097 987 1284 1019 accideret.
1329 987 1446 1020 Quare
1469 987 1480 1005 ‘
1494 985 1614 1018 favere

910 1037 1026 1078 lingua
1038 1036 1048 1051 '
1061 1041 1100 1068 et
1113 1037 1123 1055 ‘
1138 1036 1227 1067 bona
1250 1035 1356 1068 verba
1370 1035 1462 1075 fari,'
1478 1040 1580 1077 atque
1594 1045 1614 1066 e

909 1086 1045 1118 diverso
1059 1087 1070 1105 ⁴
1083 1086 1180 1118 malis
1195 1086 1308 1118 verbis
1321 1094 1464 1127 parcere
1478 1085 1487 1099 '
1500 1085 1615 1117 admo-

911 1136 1092 1168 nebantur.
1136 1136 1246 1176 Atqui
1269 1137 1304 1168 in
1328 1136 1434 1167 sacris
1449 1134 1615 1167 faciendis

913 1185 948 1217 id
963 1185 1007 1216 ad
1023 1185 1170 1217 animum
1186 1185 1298 1226 potius
1312 1183 1531 1217 referendum
1547 1190 1616 1225 est,

914 1245 958 1267 ne
975 1235 1056 1277 quid
1081 1244 1140 1267 ore
1163 1234 1390 1275 proferamus,
1408 1235 1498 1276 quod
1523 1245 1617 1266 men-

915 1290 984 1317 tem
1011 1295 1031 1316 a
1057 1285 1181 1316 divinis
1209 1285 1352 1316 alienam
1379 1295 1454 1317 esse
1480 1289 1616 1326 arguat.

914 1335 1043 1374 Quare,
1071 1334 1174 1365 ‘Hoc
1201 1334 1288 1374 age‚’
1314 1334 1418 1366 etiam
1444 1334 1534 1366 inter
1553 1343 1619 1366 οε-

913 1387 990 1414 tera
1013 1382 1227 1414 acclamabat
1253 1392 1388 1423 praeco:
1426 1393 1493 1425 qua
1519 1392 1619 1423 voce,

913 1431 940 1463 si
958 1432 1035 1473 quis
1051 1431 1142 1464 forte
1154 1432 1265 1463 minus
1281 1437 1436 1464 attentus
1451 1436 1557 1472 esset,
1568 1436 1617 1463 to-

914 1486 984 1512 tum
1002 1491 1039 1512 se
1053 1482 1104 1512 rei
1122 1481 1248 1513 divinae
1263 1481 1347 1513 dare
1363 1482 1617 1514 admoueretur.

914 1531 1059 1562 Tor-rent.

955 1583 995 1612 12
1019 1580 1150 1612 Parcite
1165 1580 1284 1622 verbis]
1318 1581 1352 1613 A
1374 1581 1471 1613 malis
1488 1582 1616 1622 verbis,

911 1639 972 1661 seu
1000 1630 1303 1671 imprecationibus
1332 1631 1519 1671 abstinete,
1550 1632 1615 1663 Fa·

914 1684 992 1712 vete
1007 1681 1142 1721 linguis.
1180 1681 1259 1712 Vid.
1275 1680 1344 1713 Od.
1362 1684 1393 1713 1.
1409 1681 1510 1722 hujus
1525 1681 1617 1713 libri.

957 1733 997 1762 13
1020 1729 1136 1770 Atros]
1157 1730 1287 1761 Tristes
1299 1740 1411 1771 curas,
1419 1741 1495 1773 quae
1507 1736 1618 1763 atram

917 1779 1019 1810 bilem
1034 1779 1188 1810 excitare
1204 1780 1354 1812 valeant.

960 1830 1001 1859 14
1025 1828 1095 1859 Nec
1116 1829 1298 1869 tumultum]
1333 1829 1343 1847 ‘
1358 1829 1564 1866 Tumultus,'
1589 1831 1619 1862 si

916 1877 984 1908 vim
1001 1877 1171 1917 vocabuli,
1186 1881 1224 1909 ut
1238 1882 1374 1910 veteres
1396 1888 1438 1910 eo
1452 1880 1504 1911 usi
1529 1885 1619 1922 sunt,

915 1927 1182 1963 consideremus,
1198 1927 1288 1959 bello
1303 1929 1438 1967 gravior
1449 1933 1514 1961 est.
1550 1930 1622 1962 Ita-

917 1987 984 2019 que
1000 1977 1147 2018 majores
1169 1978 1275 2009 nostri
1297 1978 1503 2011 ‘tumultum
1524 1980 1620 2012 ltali-

916 2027 1017 2067 cum,'
1032 2027 1122 2069 quod
1138 2032 1215 2059 erat
1232 2028 1453 2069 domesticus,
1466 2031 1620 2062 nomina-

917 2077 1012 2109 baut.
1056 2078 1102 2108 Et
1115 2077 1204 2117 apud
1222 2077 1296 2108 Cic.
1321 2079 1526 2111 ‘tumultus’
1544 2090 1620 2121 pro-

912 2127 990 2168 prie
1021 2136 1098 2158 esse
1118 2127 1246 2158 dicitur
1269 2128 1486 2168 perturbatio
1509 2134 1619 2166 tanta.

916 2181 955 2208 ut
970 2176 1079 2217 major
1094 2177 1196 2208 timor
1211 2177 1352 2209 oriatur.
1369 2178 1512 2211 Tor-rent.
1559 2179 1621 2211 Tu-

915 2225 1061 2266 multum]
1082 2227 1228 2259 Civilem
1243 2225 1405 2259 furorem.

961 2279 1002 2309 16
1025 2278 1151 2309 Coesure
1174 2278 1290 2319 term]
1329 2278 1489 2319 Augusto
1512 2283 1618 2311 terra-

917 2338 990 2360 rum
1007 2329 1185 2370 imperium
1198 2329 1388 2361 obtinente.

962 2381 1001 2409 17
1028 2378 1230 2418 Unguentum
1243 2379 1336 2419 puer]
1362 2381 1546 2420 Unguento
1563 2381 1620 2411 ho-

919 2429 1026 2461 mines
1041 2429 1270 2470 elegantiores
1289 2430 1465 2461 eaesariem
1485 2431 1519 2461 in
1542 2439 1620 2460 con-

920 2478 1017 2510 viviis
1028 2476 1319 2510 madefaciebant.
1341 2477 1621 2518 [Vanderbourg.

924 2529 954 2559 Ο
966 2526 1073 2568 paen]

965 2579 1006 2609 18
1029 2577 1074 2607 Et
1089 2576 1199 2606 oudam
1213 2575 1335 2615 Marsi]
1371 2576 1502 2607 eadum
1526 2576 1621 2608 Mar-

921 2626 991 2657 sico
1014 2624 1104 2656 bello
1123 2623 1296 2654 conditum
1318 2624 1428 2663 poscit
1445 2624 1621 2658 Horatius.

921 2674 1027 2707 Marsi
1042 2683 1102 2714 pro
1118 2673 1252 2704 Marsici
1267 2672 1365 2704 dixit.
1409 2673 1507 2705 Idem
1531 2676 1621 2716 quod

921 2724 1080 2757 Italicum
1101 2727 1137 2754 et
1156 2722 1304 2754 Sociale.
1349 2722 1491 2754 Dictum
1506 2727 1620 2756 antem

921 2774 1107 2806 Marsicum
1135 2772 1225 2814 quod
1255 2783 1276 2804 a
1305 2773 1428 2804 Marsis
1462 2774 1621 2815 primum,

923 2824 1010 2856 duce
1021 2823 1190 2864 Popedio,
1204 2826 1408 2855 commotum
1424 2823 1479 2860 sit,
1491 2825 1619 2866 cupidi-
