1904 3216
389 289 500 336 1664

841 301 979 333 NOTAE
1011 299 1228 330 VARIORU
1239 301 1270 330 M
1305 300 1314 329 Ι
1326 300 1353 330 N

390 395 511 436 Neque
528 398 657 425 veteres
673 392 720 423 illi
739 392 916 423 Comoediae
933 392 1075 432 scripto·
1121 393 1475 430 aucloremsabularum=
1489 395 1526 423 ut
1544 394 1660 423 auctor
1668 391 1718 423 ob
1730 391 1806 423 imi»

391 453 444 475 res
462 449 502 477 ,et
527 444 602 474 olim
619 442 661 472 ob
677 442 764 471 aliud
783 441 926 480 probati,
941 446 975 472 et
988 450 1076 473 nunc

372 492 541 524 ‘imitandi
565 495 653 526 sunt,
674 500 770 530 quiam
787 490 877 530 quod
891 491 958 521 risu
985 490 1077 521 audi·

389 546 495 572 torem
511 541 691 571 solverent.
717 540 879 570 Horatius
894 544 1004 571 autem
1020 549 1076 571 ne-

392 588 568 620 bulonibus
581 588 654 619 istis
666 587 872 628 respondere
884 597 948 619 non
961 587 1076 628 digna·

391 641 459 676 tus,
469 637 701 677 quaestionem,
711 646 807 676 quam
824 641 1077 677 proposuerant,

390 695 456 716 non
472 685 582 724 solvit,
604 685 659 716 sed
684 685 800 717 eludit.
844 685 890 716 Et
913 685 990 727 qnid
1008 694 1076 725 vos,

390 734 510 775 inquit,
534 740 628 766 tanto
653 733 740 765 fastu
765 734 948 774 praecipitis
967 734 1011 765 de
1025 744 1077 765 ra-

393 784 484 814 tione
514 793 570 814 eos
599 784 780 825 scriptores
810 783 972 821 imitandi,
995 792 1076 823 quos

391 842 454 863 nec
470 833 597 864 vidistis
613 841 842 872 unquam,nec
855 832 1007 872 legistis?
1023 831 1078 862 Ita

389 881 487 921 infra,
503 891 577 912 cum
597 890 781 912 sermonem
798 890 840 910 ex
860 886 1000 921 utraque
1016 880 1077 910 lin·

392 939 458 969 gua
486 930 620 960 mistum
646 929 811 959 dixissent
832 928 1078 959 concinniorem

392 987 479 1015 esse,
505 978 621 1008 maluit
637 977 797 1007 Horatius
817 976 957 1007 ridendo
972 985 1079 1016 qua-s·

392 1027 517 1056 tionem
534 1027 677 1064 solvere,
703 1035 799 1066 quam
820 1025 1005 1056 hominibus
1021 1026 1079 1054 im-

392 1075 507 1113 peritis
543 1074 716 1115 quicquam
752 1073 832 1104 serii
861 1072 1075 1112 respondere.

394 1123 492 1155 Quod
515 1123 543 1154 si
567 1124 640 1164 quis
665 1123 775 1154 omnia
791 1123 832 1153 ab
851 1122 1000 1152 Horatio
1013 1121 1078 1150 dici

391 1172 495 1211 malit,
510 1172 686 1203 dicendum
706 1173 772 1202 erit
796 1171 912 1202 deesse
929 1170 1079 1201 voculam

388 1222 397 1236 ‘
416 1220 531 1260 cum3’
562 1226 599 1252 ut
629 1221 685 1260 sit,
714 1220 878 1252 ridiculum
903 1229 970 1250 cum
993 1218 1079 1250 ocri..-

391 1269 434 1300 de
464 1270 582 1310 quibus
616 1270 775 1311 loquendi
811 1269 915 1300 modis
952 1268 1080 1308 prolixe

393 1319 546 1358 disputat
569 1319 761 1350 Priscianus
788 1318 846 1349 lib.
872 1327 977 1349 xvur.
999 1317 1079 1347 Rut-

395 1376 479 1406 gers.

436 1417 474 1446 15
497 1415 586 1446 Secat
601 1416 666 1455 res]
700 1416 756 1446 Sic
773 1416 880 1455 Epist.
898 1415 938 1446 ad
955 1415 1080 1447 Quinc-

393 1465 477 1496 tium
492 1475 499 1495 :
517 1469 526 1482 ‘
539 1467 613 1498 Quo
630 1467 742 1496 multae
759 1475 954 1505 magnasque
968 1474 1080 1495 secan-

394 1517 448 1544 tur
467 1513 584 1553 judice
601 1514 695 1545 lites.’
739 1513 858 1544 ‘Rem’
883 1518 995 1543 autem
1022 1521 1082 1551 pro

393 1562 454 1593 lite
469 1571 508 1593 ac
524 1562 754 1593 controversia
767 1562 876 1601 accipi
894 1565 971 1592 ante
989 1567 1082 1591 nota-

396 1611 513 1640 vimus.
557 1611 602 1640 Et
617 1610 703 1640 bene
717 1611 727 1626 ‘
742 1610 848 1640 secari
859 1609 867 1622 ³
882 1609 977 1647 dicit,
992 1608 1081 1649 quod

395 1660 566 1698 insperato
606 1663 642 1689 et
679 1658 858 1697 improviso
904 1658 1082 1687 dirimitur.

398 1707 486 1738 Nam
504 1716 602 1747 quem
626 1707 755 1737 solvere
780 1706 899 1736 nodum
925 1715 1084 1745 nequeas,

397 1756 614 1788 dissecandus
629 1760 691 1786 est.
715 1755 794 1786 Vid.
804 1754 948 1785 Turneb.
959 1762 1020 1785 xv.
1031 1757 1083 1784 19.

396 1811 431 1836 et
444 1814 549 1836 xxix.
561 1808 615 1836 24.
641 1806 783 1836 Torrent.
828 1803 917 1834 Sea-ot
929 1804 991 1843 res]
1012 1804 1084 1833 Me-

398 1855 462 1886 lius
474 1855 618 1893 mordet,
628 1855 678 1885 vel
690 1853 806 1884 melius
819 1853 946 1884 decidit
954 1859 987 1883 et
1000 1853 1084 1891 finit,

398 1909 434 1935 ut
448 1904 519 1935 vult
536 1903 731 1934 Lambinus.

442 1956 482 1984 16
505 1953 569 1989 Illi,
584 1952 714 1992 scripta]
749 1951 863 1983 Poetae
886 1952 1006 1982 veteris
1023 1951 1085 1982 Co-

398 2002 543 2032 moediae.
590 2001 723 2040 Quibus]
747 2000 776 2031 A
795 2002 925 2040 quibus.

441 2054 480 2081 17
505 2050 574 2080 Hoc
588 2049 724 2088 stabant]
745 2049 920 2079 Terentius
939 2048 1084 2086 Prologo

401 2099 567 2137 Hecyrae:
590 2100 599 2115 ‘
614 2099 744 2128 Partim
767 2107 838 2127 sum
858 2105 971 2127 earum
987 2105 1083 2126 exac-

400 2146 595 2186 tus,partim
608 2146 662 2175 vix
673 2144 776 2176 steti!
794 2145 856 2175 Ubi
867 2145 1018 2175 Donatus
1027 2153 1083 2172 an-

400 2195 542 2233 notavit,
567 2195 622 2234 agi
644 2194 789 2224 fabulam
809 2203 884 2224 cum
910 2193 1084 2232 recitatur,

401 2249 490 2275 stare
507 2253 583 2275 cum
600 2244 723 2283 placet.
751 2242 892 2273 Torreat.
938 2242 1008 2272 Hoc
1021 2245 1084 2271 sta-

401 2294 488 2334 bant]
502 2294 650 2333 Propter
667 2293 725 2322 has
741 2301 819 2331 quas
836 2292 929 2331 posui
944 2291 1085 2321 virtutes

402 2342 592 2382 placebant.
635 2339 784 2379 Pulcher]
820 2339 964 2378 1ronice,
989 2339 1086 2369 homo

406 2391 523 2422 bellus.

444 2443 484 2470 18
507 2437 733 2477 Hermogenes]
758 2437 824 2467 Hic
841 2436 895 2467 ille
911 2436 960 2467 M.
978 2435 1087 2474 Tigel-

401 2489 466 2520 lius
500 2488 732 2526 Hermogenes
766 2485 889 2516 Sardus
905 2495 913 2515 :
951 2483 993 2515 de
1022 2492 1086 2523 qno

402 2542 481 2568 ante
499 2537 616 2576 Satyra
637 2544 692 2565 nr.
749 2534 864 2565 Simius
882 2532 957 2572 iste]
978 2532 1086 2563 Prisci

402 2595 516 2617 omues
552 2584 762 2623 Interpretes
797 2583 846 2613 M.
877 2581 1086 2613 Demetrium

404 2633 580 2674 quemdam
595 2632 739 2670 intelligi
756 2631 890 2669 voluut;
910 2639 1008 2670 quiem
1024 2633 1032 2646 ‘
1047 2630 1088 2659 si-

405 2682 503 2712 mium
514 2680 522 2694 '
549 2686 647 2711 vocet
662 2679 782 2717 Poeta,
795 2679 836 2710 ob
851 2679 966 2710 formae
983 2678 1088 2717 turpi-

405 2729 553 2760 tudinem
586 2733 685 2768 atque
715 2728 838 2767 ingenii
875 2727 1087 2768 pravitatem.

405 2776 545 2812 Addunt
569 2776 788 2815 δραματοποιὸν
813 2775 928 2812 fuisse,
949 2776 1011 2807 hoc
1040 2780 1088 2807 est

1125 444 1216 475 tandi
1236 451 1343 474 artem
1359 443 1471 483 potius
1500 441 1670 473 ‘nimium'
1693 442 1806 481 appel-

1125 493 1208 524 lasse
1235 492 1338 523 videri
1363 495 1485 532 posset.
1513 492 1654 522 Tenent.
1694 490 1808 522 Sim

1124 541 1199 581 iste]
1225 542 1341 582 Neque
1359 541 1549 572 Demetrius
1571 537 1807 572 Poatnvdefora

1126 591 1186 620 mis
1198 594 1232 621 et
1249 590 1358 621 brevis
1375 594 1524 621 staturae.

1169 641 1209 669 19
1233 639 1289 670 Nil
1313 641 1427 678 proeter
1454 637 1596 677 Calvum]
1630 635 1698 668 Qui
1724 635 1805 667 nihil

1126 691 1260 718 cantare
1293 688 1412 718 didicit
1448 691 1575 727 praeter
1606 685 1744 717 Calvum
1773 690 1808 715 et

1127 736 1292 767 Catullum
1305 735 1427 766 Poetas
1438 736 1560 774 elegos.
1581 733 1728 774 [Calvum
1739 733 1809 765 doc-

1126 789 1176 816 tus
1191 786 1268 816 Vat.
1286 786 1380 816 Rom.
1395 788 1426 816 8.
1444 795 1463 815 n
1479 794 1522 814 m.
1539 783 1607 823 pr.]

1167 836 1208 864 20
1230 833 1276 864 At
1296 833 1454 872 magnum]
1490 832 1573 863 Rem
1600 839 1759 870 magnam<
1774 834 1810 861 et

1127 882 1346 912 admiratione
1358 882 1501 921 diguam.
1547 881 1659 911 Groeca
1669 879 1809 918 Latinis]

1127 930 1204 959 Vid.
1218 929 1364 959 Turneb.
1380 938 1472 960 xvn.
1489 932 1542 960 24.
1590 928 1652 968 [Aa
1665 937 1810 966 maguum

1129 979 1208 1009 Vat.
1241 979 1335 1009 Rom.
1363 981 1392 1008 l.
1423 987 1443 1008 a
1466 987 1510 1008 m.
1537 986 1586 1017 pr.
1611 976 1711 1008 verbis
1731 977 1811 1016 quod

1129 1028 1272 1066 Cuniug.
1289 1036 1330 1057 ex
1344 1027 1450 1067 aura]

1170 1079 1209 1107 21
1236 1077 1264 1106 Ο
1278 1076 1338 1107 seri
1352 1075 1534 1115 studiorum]
1555 1074 1741 1114 Ὀψιμαθεῒς,
1756 1074 1812 1114 qui

1129 1134 1206 1156 sero
1231 1125 1350 1155 studiis
1373 1133 1508 1164 operam
1533 1123 1686 1155 dedistis.
1727 1122 1813 1161 Seri,

1129 1174 1198 1214 mn]
1221 1174 1326 1205 Recte
1342 1174 1474 1214 quidem
1490 1172 1615 1209 Acron,
1629 1181 1691 1212 pro
1706 1170 1812 1211 ὀψιμα-

1130 1224 1200 1259 θεῖς,
1214 1223 1267 1253 cui
1278 1222 1477 1253 contrarium
1487 1221 1611 1262 (inquit
1622 1219 1815 1259 Lambinus)

1129 1273 1333 1310 παιδομαθεῖς,
1353 1271 1409 1311 qui
1435 1281 1454 1302 a
1480 1279 1583 1311 puero
1605 1269 1751 1306 discunt,
1765 1274 1814 1307 at-

1132 1332 1196 1362 que
1226 1323 1273 1353 ita
1302 1322 1432 1354 Gellius
1460 1331 1510 1353 xx.
1533 1324 1562 1353 8.
1605 1322 1676 1361 Ego
1700 1326 1812 1352 tamen

1131 1373 1140 1388 ‘
1155 1379 1244 1402 seros
1259 1370 1442 1402 studiorum
1452 1370 1460 1383 '
1475 1370 1588 1402 vocari
1603 1369 1655 1400 bic
1670 1378 1690 1400 a
1705 1368 1814 1400 Poe‘ta

1130 1420 1256 1458 malim,
1281 1420 1336 1459 qui
1352 1420 1440 1450 tardi
1463 1421 1494 1450 in
1519 1418 1637 1450 studiis
1654 1422 1742 1456 sunt,
1758 1417 1815 1458 qui

1130 1469 1238 1498 nullos
1274 1468 1380 1503 adhuc
1418 1477 1610 1508 progressus
1649 1466 1814 1498 feceriut:

1130 1515 1220 1546 nulla
1235 1516 1323 1545 enim
1340 1521 1421 1546 aetas
1444 1525 1516 1546 sera
1538 1516 1579 1546 ad
1595 1515 1790 1546 discendnm
1804 1525 1813 1552 ;

1131 1564 1185 1603 qui
1199 1574 1272 1594 sero
1288 1563 1418 1603 didicit,
1435 1564 1554 1595 didicit
1566 1569 1687 1594 tamen.
1731 1563 1813 1594 Tar-

1131 1612 1268 1643 ditatem
1296 1613 1396 1651 igitur
1432 1613 1556 1652 ingenii
1586 1612 1814 1651 reprehendit.

1131 1660 1210 1690 vid.
1238 1661 1315 1704 Pet.
1354 1661 1476 1691 Nannii
1510 1661 1655 1692 Miscell.
1683 1660 1741 1692 lib.
1769 1670 1817 1692 iv.

1131 1709 1276 1739 Turneb.
1290 1717 1351 1740 xv.
1365 1711 1416 1740 19.
1440 1710 1580 1740 Torreat.
1623 1709 1722 1743 Quive
1733 1713 1819 1749 pute-

1132 1757 1188 1797 tis]
1212 1757 1278 1789 Qui
1302 1758 1441 1798 putetis.
1486 1758 1571 1789 Nam
1596 1758 1760 1798 particula
1772 1767 1820 1793 ve,

1133 1805 1283 1836 abundat
1297 1806 1331 1836 in
1347 1807 1528 1846 sententia,
1543 1806 1608 1846 vel,
1618 1806 1819 1846 ConJunctio

1132 1860 1186 1886 est
1197 1854 1407 1886 confirmans.

1177 1905 1218 1933 22
1243 1903 1363 1934 Rhodio
1391 1905 1469 1944 quoa
1495 1902 1698 1943 Pitholeonti]
1733 1902 1820 1935 Sunt

1133 1952 1188 1992 qui
1203 1952 1423 1991 Demetrium,
1434 1961 1532 1992 quem
1547 1953 1646 1992 paulo
1659 1955 1738 1983 ante
1753 1953 1762 1968 ⁸
1777 1951 1820 1981 si-

1134 2001 1255 2031 mium'
1271 2001 1415 2040 vocavit,
1441 2010 1528 2032 nunc
1546 2002 1556 2018 ‘
1574 1999 1797 2031 Pitholeonti·
1812 1999 1820 2013 '

1133 2050 1266 2080 nomine
1303 2050 1411 2081 notari
1450 2049 1576 2080 velint:
1610 2049 1820 2088 eundemque

1133 2107 1218 2135 esse,
1247 2098 1301 2137 qui
1331 2108 1350 2128 a
1378 2097 1514 2128 Laertio
1543 2102 1821 2129 commemoratur

1134 2145 1378 2176 Conioediarum
1415 2146 1574 2184 scriptor,
1603 2140 1756 2184 quoniuin
1785 2150 1820 2175 et

1133 2192 1218 2222 hunc
1230 2197 1379 2222 nostrum
1391 2195 1486 2223 vetus
1497 2191 1696 2222 Scholiastes
1708 2192 1818 2231 δραμα-

1133 2239 1259 2271 *roncum
1287 2240 1447 2279 appellat.
1490 2239 1555 2270 Sed
1589 2245 1714 2275 errant,
1745 2249 1819 2271 mea

1136 2290 1268 2329 quidem
1295 2289 1481 2320 sententia:
1508 2297 1585 2319 nam
1611 2288 1737 2320 Lacr-tii
1763 2290 1819 2322 ille

1135 2338 1325 2369 Demetrius
1359 2338 1446 2368 inter
1481 2337 1665 2368 laudandos
1694 2337 1820 2370 Potitus

1137 2388 1291 2426 ponitur-3
1316 2391 1350 2418 et
1374 2386 1449 2418 huic
1473 2390 1588 2418 nostro
1609 2386 1787 2419 Pitholeon
1802 2397 1822 2419 a

1136 2436 1244 2467 Poeta
1259 2436 1451 2476 opponitur,
1460 2434 1554 2474 eujus
1565 2435 1722 2476 exemplo
1729 2434 1820 2467 dam-

1136 2483 1264 2516 nandus
1279 2484 1390 2524 potius
1405 2484 1448 2515 sit
1465 2484 1628 2523 Lucilius,
1642 2493 1740 2524 quam
1754 2485 1820 2515 col-

1137 2534 1332 2572 laudandus,
1369 2534 1425 2575 qui
1453 2541 1638 2566 sermonem
1675 2533 1817 2573 patrium

1138 2583 1326 2622 corruperit
1340 2592 1348 2613 =
1372 2581 1460 2622 quod
1472 2590 1537 2614 non
1554 2585 1682 2615 tantum
1691 2585 1820 2614 veteres

1138 2630 1274 2662 Romani
1291 2639 1418 2662 summo
1433 2629 1545 2661 studio
1556 2629 1748 2668 vitaverint,
1761 2630 1817 2662 sed

1137 2680 1301 2719 celebres,
1317 2680 1414 2711 etiam
1430 2690 1470 2711 eo
1488 2681 1560 2720 ipso
1582 2685 1735 2720 tempore
1754 2689 1817 2720 qno

1138 2729 1206 2759 ha‘c
1222 2729 1356 2768 scripsit
1374 2729 1543 2764 Horatius,
1559 2728 1730 2761 Oratores.
1773 2728 1817 2757 Et

1137 2776 1257 2817 alioqui
1293 2785 1358 2821 nou
1385 2785 1582 2816 cognomen,
1611 2775 1669 2807 sed
1698 2783 1815 2808 nomen
