1916 3262
407 278 518 320 1492

407 377 648 420 [Schoenborn.
662 380 694 407 2.
711 375 827 415 lapides
841 373 971 413 abesam]

451 430 490 458 37
510 427 689 467 stirpesque
710 423 831 464 raptas]
860 423 1009 454 Arbores
1037 431 1096 453 ex·

410 477 563 516 tirpatas.

448 529 490 556 40
511 526 589 556 Cum
593 524 667 562 sera
678 522 821 562 diluvies]
843 523 988 554 Diluvies
997 521 1100 559 dixit,

409 580 446 605 ut
473 572 651 611 ‘illuvies‚'
674 571 885 612 ‘proluvies,’
902 580 1008 611 neque
1034 571 1098 602 hoc

410 627 539 653 tantum
553 622 641 660 loco,
651 621 708 651 sed
724 627 759 651 et
775 629 822 651 iv.
835 621 904 652 Od.
915 622 967 650 14.
987 623 996 637 ‘
1009 619 1099 650 Hor-

410 671 615 710 rendamque
627 670 728 701 cultis
735 670 906 700 Diluviem
915 667 1098 698 meditatur

409 720 520 760 agris.'
548 719 676 751 Nonius
691 723 802 749 tamen
817 719 827 737 ⁴
841 718 1001 748 diluvium
1013 716 1099 746 'fre-

410 769 564 808 quentius
579 767 732 807 usurpari
749 767 816 797 ait:
841 776 906 806 quo
929 775 1007 796 saue
1026 766 1100 795 Vir·

411 817 469 857 gil.
494 817 543 847 uti
559 816 675 846 maluit
692 815 766 847 AEn.
783 824 849 846 xn.
873 815 882 833 ‘
899 815 976 846 Non
993 814 1020 844 si
1038 814 1100 843 tel-

410 866 517 896 lurem
529 863 678 895 effundat
694 864 728 894 in
748 863 854 894 undas
870 863 1006 894 Diluvio
1024 861 1100 891 mis·

411 912 514 945 cens.'
557 911 672 952 Atque
695 912 744 942 ita
762 913 772 928 ‘
789 911 975 950 proluvium
989 909 998 924 '
1021 919 1101 950 quo-

412 971 478 1002 que
494 961 609 992 dixere
627 965 766 995 veteres,
781 965 867 991 teste
882 959 1004 990 Nouio.
1028 960 1102 989 Tor-

412 1015 493 1042 rent.
531 1010 710 1046 Quumsera
724 1010 854 1040 diluvies
863 1007 993 1048 quietos]
1017 1007 1101 1038 Cum

414 1063 596 1098 tempestas
612 1058 731 1089 incitat
747 1061 781 1088 et
795 1057 889 1098 quasi
904 1056 945 1086 ad
969 1056 1102 1086 iracun-

414 1108 501 1137 diam
518 1109 680 1146 provocat
696 1114 808 1136 amnes
830 1104 975 1144 quietos,
988 1103 1022 1133 id
1039 1107 1104 1140 est,

414 1165 488 1188 cum
525 1156 666 1187 diluvies
708 1164 750 1185 ex
788 1154 949 1185 imbribus
986 1153 1102 1184 oritur.

417 1206 581 1246 [Guelph.
601 1206 746 1246 diluvia]

460 1257 500 1285 41
526 1255 642 1285 liv-itae
652 1253 769 1293 amnes]
792 1255 802 1271 ⁴
818 1252 982 1291 Irritare,’
995 1252 1047 1282 vel
1064 1252 1104 1282 ab

415 1305 481 1340 ira,
501 1304 566 1341 vel,
588 1308 625 1332 ut
650 1303 800 1333 Donatus
815 1302 898 1339 vult,
923 1311 941 1331 a
964 1301 1104 1332 canibus

415 1350 616 1388 deductum3
639 1350 695 1389 qui
722 1350 885 1380 restrictis
906 1349 1063 1379 dentibus
1088 1358 1106 1377 r

416 1399 567 1429 litteram
593 1399 778 1437 imitantur,
793 1407 890 1438 quam
916 1397 991 1427 ideo
1015 1397 1103 1426 cani-

417 1457 491 1477 nam
509 1447 725 1485 appellamus.
770 1447 858 1477 Quin
875 1450 908 1476 et
926 1445 999 1484 ejus
1015 1445 1104 1475 litte-

417 1505 463 1526 rae
480 1505 559 1525 sono
573 1494 745 1534 provocati
761 1494 902 1524 irruunt.
945 1492 1011 1524 Sed
1021 1493 1102 1523 Cru-

419 1544 515 1584 quius
544 1542 680 1573 deducit
706 1551 725 1572 a
751 1542 866 1580 verbo,
891 1542 900 1559 ‘
923 1540 1006 1575 ruo‚’
1029 1550 1103 1571 cum

419 1591 658 1631 praepositione
687 1594 696 1608 ‘
719 1590 777 1629 in‚'
806 1590 899 1630 quasi
929 1594 938 1607 ⁸
955 1589 1104 1620 inritat·'

419 1642 468 1671 ita
482 1645 520 1670 ut
543 1640 680 1669 inritare
697 1649 756 1670 seu
772 1640 782 1657 ‘
793 1638 949 1676 irritare,’
965 1639 1009 1668 sit
1025 1638 1106 1668 iuci-

421 1695 507 1726 tare,
522 1696 716 1727 provocare,
726 1688 903 1717 lacessere.
925 1687 934 1704 ‘
951 1685 1103 1716 Diluvie’

421 1739 532 1766 autem
555 1735 750 1766 ‘irritantur
776 1734 911 1773 amnes,'
925 1733 1013 1774 quod
1035 1733 1106 1772 lap-

420 1785 465 1815 sis
480 1783 522 1814 de
545 1783 629 1814 coelo
653 1783 825 1821 imbribus,
840 1791 925 1812 novo
947 1789 1104 1822 aquarum

421 1833 551 1872 agmine
568 1832 672 1867 aucti,
686 1832 726 1862 ad
742 1835 887 1871 stragem
900 1829 1106 1860 inferendam

421 1881 596 1921 provocari
639 1879 880 1920 quodammodo
918 1878 1105 1909 videantur.

424 1930 511 1960 Torr.
556 1930 615 1959 Ille
632 1932 739 1968 potens
759 1927 824 1967 sui]
847 1927 910 1958 Ille
934 1926 1019 1957 liber
1043 1930 1108 1964 est,

422 1983 458 2008 et
474 1987 609 2017 compos
625 1978 676 2007 sui
697 1976 796 2016 juris,
812 1975 989 2015 hilarisque
1005 1974 1108 2009 vivet,

422 2027 474 2056 cui
492 2026 572 2056 licet
588 2025 723 2062 dixisse,
738 2024 816 2054 Vixi
832 2024 864 2053 in
881 2023 983 2061 diem,
995 2022 1028 2052 id
1044 2026 1107 2061 est,

422 2073 518 2103 bonis
546 2071 768 2111 praesentibus
790 2069 895 2108 fruor,
908 2064 1022 2100 futura
1041 2078 1106 2099 nou

422 2130 513 2151 curo.

463 2171 505 2199 42
530 2167 589 2198 Cui
601 2167 672 2198 licet
686 2168 719 2197 in
731 2166 827 2205 diem]
849 2167 961 2198 Quare
976 2170 1103 2197 tantum

422 2218 501 2249 boni
517 2218 709 2257 contingere
733 2217 761 2248 ei
777 2217 872 2256 dicit,
888 2217 944 2257 qui
960 2217 993 2247 in
1016 2217 1103 2247 diem

422 2267 538 2297 vivat?
575 2266 741 2307 quoniam,
778 2271 814 2296 ut
853 2270 930 2296 ante
965 2265 1105 2300 dictum,

423 2325 548 2346 summa
565 2315 786 2355 tranquillitas
801 2318 866 2352 est,
883 2313 1104 2353 praesentibus

424 2364 650 2404 acquiescere,
675 2369 710 2395 et
737 2363 848 2394 omnia
873 2363 999 2398 virtuti,
1025 2362 1107 2393 nihil

423 2411 568 2443 fortunae
585 2412 747 2451 tribuere,
764 2422 835 2451 quae
851 2411 956 2441 solida
972 2419 1011 2441 ae
1028 2419 1107 2441 vera

425 2460 524 2490 animi
545 2469 601 2490 sua
627 2465 718 2491 sorte
743 2459 892 2490 contenti
912 2458 1029 2490 laetitia
1043 2463 1107 2490 est.

428 2509 568 2538 Torrent.
609 2507 732 2547 [Codd.
743 2518 797 2548 ap.
810 2508 918 2540 Jaeck
932 2518 940 2538 :
956 2508 1042 2547 degit
1059 2508 1108 2538 cui

429 2558 529 2597 libet]

468 2609 508 2635 43
535 2606 613 2636 Cras
635 2607 685 2636 vel
707 2606 793 2646 atra]
813 2606 894 2636 Cras
917 2606 960 2636 sit
989 2606 1107 2636 coelum

430 2652 575 2682 nubilum
593 2663 633 2683 an
655 2662 820 2693 serenum,
836 2654 931 2685 nihili
954 2653 1110 2693 aestimat,

429 2699 461 2729 id
479 2706 542 2736 est,
556 2711 620 2731 non
638 2703 761 2741 pendet
775 2711 815 2734 ex
835 2702 979 2734 fortunae
996 2703 1107 2733 incon-

430 2747 566 2786 stantia,
594 2749 650 2778 sed
680 2751 772 2789 parvi
798 2750 893 2785 facit,
916 2755 1026 2782 utrum
1051 2751 1108 2781 ad-

855 282 996 314 No'rAE
1027 280 1288 312 VAlewM
1321 279 1371 310 IN

1146 381 1243 403 versa
1274 371 1331 410 sit,
1359 379 1399 401 an
1429 368 1511 400 felix
1538 367 1655 400 futura
1689 367 1818 401 fortuna

1145 420 1324 461 [Nonnulli
1337 429 1392 460 ap.
1408 418 1540 451 Jaeck:
1567 416 1715 449 Dix‘ioee:
1741 417 1828 457 Vixi,

1146 480 1226 509 cras,
1238 471 1305 511 qa]

1187 523 1229 551 44
1252 521 1363 551 Polum
1385 518 1487 559 pater]
1509 517 1637 549 Coelum
1653 519 1727 547 atra
1742 515 1830 546 nube

1145 569 1280 609 Jupiter
1295 573 1452 608 occupet.
1471 566 1632 606 [Quidam
1641 574 1696 605 ap.
1708 564 1828 603 Jaeck,

1148 618 1239 649 Nube
1249 618 1350 657 polum
1363 627 1381 647 ο
1393 616 1510 656 putem]

1189 670 1228 697 45
1253 659 1326 697 me
1341 669 1440 696 tamen
1465 662 1605 702 irritum]
1627 662 1703 693 Hoc
1729 662 1834 692 solum

1147 722 1296 747 nostrum
1325 725 1397 747 esse
1434 715 1531 752 dicit,
1560 712 1648 754 quod
1671 712 1833 742 viximus:

1147 774 1220 804 quae
1245 765 1423 801 sententia,
1437 763 1500 793 nisi
1516 771 1588 793 eam
1604 770 1647 791 ex
1671 759 1835 791 Sardana-

1150 814 1213 854 pali
1225 813 1371 844 moribus
1386 817 1586 850 astruamus,
1597 809 1733 840 minime
1745 809 1836 838 dam-

1149 861 1260 892 nanda
1274 866 1336 892 est.
1382 862 1468 892 Nam
1484 859 1571 901 quod
1589 864 1682 890 recte
1699 857 1835 894 feceris,

1151 909 1185 939 id
1217 909 1338 939 merito
1367 908 1495 939 factum
1522 907 1687 946 gaudeas;
1710 906 1835 937 nullum

1150 956 1288 987 enimin
1311 956 1484 996 praeterita
1505 954 1648 985 fortuna:
1664 955 1722 994 jus
1746 963 1835 984 eom-

1150 1005 1250 1045 petit.
1276 1004 1418 1035 Turrem.

1190 1055 1233 1083 46
1258 1053 1462 1091 Quodcunque
1476 1054 1560 1082 retro
1573 1049 1635 1090 eet]
1657 1048 1838 1082 Quodcun-

1151 1111 1214 1142 que
1224 1101 1294 1141 jam
1311 1101 1480 1141 praeterit,
1496 1109 1560 1130 non
1577 1102 1690 1140 potest
1705 1099 1837 1129 mutari.

1194 1153 1235 1181 47
1258 1149 1425 1191 Diffinget]
1454 1149 1574 1190 Neque
1597 1148 1760 1185 destruet,
1786 1147 1839 1177 vel

1152 1199 1351 1230 immutabit.
1393 1198 1516 1238 [Codd.
1545 1207 1599 1238 ap.
1621 1196 1750 1230 Jaeck:
1775 1196 1838 1227 De·

1144 1248 1271 1289 flingen
1293 1247 1490 1286 Defringew
1513 1246 1673 1287 Dzjffiudct.
1696 1245 1840 1276 Schoen-

1155 1298 1248 1327 born.
1263 1299 1296 1326 2.
1311 1296 1456 1334 infectum
1469 1304 1565 1335 neque
1579 1293 1713 1333 reddet-J

1193 1348 1236 1375 49
1259 1345 1347 1375 Savo
1371 1346 1444 1374 laeea
1467 1343 1607 1383 negotio]
1631 1343 1782 1374 Fortuna
1804 1343 1837 1372 in

1153 1392 1252 1423 rebus
1283 1393 1430 1422 adversis
1460 1390 1610 1431 gaudens
1637 1390 1769 1428 saevire,
1803 1394 1839 1420 et

1153 1441 1373 1480 pertinaciter
1403 1440 1519 1470 ludere
1556 1438 1670 1469 ludum
1705 1447 1838 1469 novum.

1152 1489 1162 1506 ‘
1175 1489 1298 1520 Juveni
1314 1488 1444 1529 quoties
1469 1487 1575 1518 voluit
1594 1485 1725 1518 fortuna
1743 1487 1838 1526 joca-

1154 1536 1204 1568 ri.'

1195 1586 1251 1626 [52
1269 1586 1342 1616 Non
1356 1585 1442 1621 milti,
1458 1595 1510 1616 nec
1521 1585 1577 1615 alii
1596 1585 1728 1623 benigna
1739 1585 1839 1615 codd.

1152 1644 1206 1674 ap.
1224 1634 1360 1673 Jaeck]

1195 1685 1236 1713 53
1260 1682 1366 1712 Laudo
1377 1681 1562 1720 manentem]
1587 1682 1693 1713 Recte
1703 1691 1743 1712 ex
1754 1682 1840 1722 Stoi-

1154 1740 1267 1762 corum
1293 1731 1470 1761 sententia.
1513 1731 1577 1760 Vir
1597 1732 1729 1771 sapiens
1751 1732 1839 1762 enim

1155 1780 1293 1810 divitias
1317 1780 1456 1810 honeste>
1475 1784 1590 1818 partas
1606 1788 1670 1810 non
1684 1789 1843 1819 asperna-

1156 1829 1264 1866 bitur;
1287 1828 1347 1858 sed
1363 1829 1412 1858 ita
1427 1837 1462 1858 se
1473 1828 1690 1867 comparabit,
1701 1833 1737 1859 ut
1751 1829 1843 1859 nulla

1157 1887 1214 1908 sua
1230 1878 1331 1917 culpa
1345 1875 1466 1908 auferri
1480 1886 1549 1916 eas,
1564 1885 1629 1908 nou
1641 1877 1779 1908 moleste
1795 1876 1842 1907 fe*-

1157 1932 1221 1958 rat.
1242 1927 1251 1944 ‘
1269 1926 1386 1957 Levis'
1401 1927 1487 1957 enim
1507 1927 1517 1943 ‘
1529 1931 1581 1957 est
1604 1925 1748 1965 fortuna,
1765 1927 1842 1956 *cito

1157 1976 1304 2014 reposcit
1334 1985 1408 2016 quae
1444 1975 1561 2006 dedit!
1585 1976 1725 2006 Torrent.
1767 1975 1842 2005 Ma·

1156 2025 1291 2063 nentem]
1313 2025 1490 2054 Fortunam
1515 2023 1679 2054 stabilem.
1707 2022 1745 2053 Si
1765 2025 1840 2054 cele-

1155 2081 1206 2101 res
1219 2071 1334 2110 quatit]
1355 2071 1391 2102 Si
1405 2071 1494 2110 fugit
1510 2076 1546 2101 et
1559 2071 1700 2102 adversa
1714 2077 1777 2102 est.

1197 2122 1239 2149 54
1262 2119 1398 2158 Resigno
1421 2129 1490 2159 quoe
1509 2119 1610 2159 dedit]
1633 2120 1782 2152 Dicimur
1805 2126 1840 2151 et

1157 2176 1197 2199 ea
1230 2173 1240 2186 ‘
1255 2168 1406 2208 signare:
1437 2178 1511 2209 quae
1547 2170 1641 2210 signo
1677 2170 1840 2211 impresso

1156 2215 1351 2255 claudimus,
1367 2221 1403 2247 et
1415 2225 1457 2247 ea
1479 2226 1552 2257 quae
1568 2218 1601 2247 in
1625 2217 1770 2249 rationes
1786 2229 1840 2251 ac·

1156 2269 1258 2305 cepta
1278 2263 1435 2295 ferimus:
1459 2270 1575 2296 contra
1603 2275 1682 2297 vero
1708 2269 1718 2284 ‘
1734 2268 1840 2308 resig-

1156 2313 1258 2348 nare,'
1274 2322 1347 2353 quae
1362 2313 1414 2343 vel
1433 2314 1609 2353 aperimus,
1625 2319 1663 2345 ut
1679 2319 1761 2354 puta
1777 2321 1841 2347 tes-

1156 2362 1294 2392 tamenti
1318 2362 1463 2400 tabulas,
1480 2363 1532 2392 vel
1547 2363 1766 2402 expungimus
1783 2369 1840 2396 aut

1158 2411 1346 2441 reddimus:
1371 2415 1470 2450 atque
1494 2411 1544 2441 ita
1563 2411 1755 2442 ‘scribere’
1781 2418 1839 2444 aut

1156 2460 1166 2477 ‘
1182 2458 1388 2498 rescribere‚'
1405 2463 1496 2496 utin.
1517 2460 1584 2490 Sat.
1599 2462 1629 2490 3.
1643 2459 1839 2492 videbimus.

1160 2510 1246 2540 Torr.
1293 2508 1442 2549 Resigno]
1465 2509 1598 2541 Reddo.
1637 2511 1678 2541 Et
1693 2511 1773 2551 mea]
1795 2512 1839 2542 Et

1157 2558 1239 2588 meis
1256 2567 1307 2588 me
1321 2558 1444 2588 viribus
1459 2567 1552 2597 orno,
1567 2567 1631 2589 nou
1658 2559 1756 2591 rebus
1781 2570 1838 2591 ex-

1158 2607 1284 2644 ternis3
1307 2611 1357 2638 est
1369 2607 1522 2647 Metaph.
1534 2608 1634 2639 ducta
1646 2618 1665 2639 a
1677 2610 1840 2649 vestibus,

1157 2655 1275 2695 quibus
1291 2655 1497 2694 involvimur.

1199 2707 1238 2734 55
1267 2703 1389 2734 Virtute
1423 2714 1470 2734 me
1497 2705 1628 2744 involuti]
1655 2705 1738 2736 Hoc
1773 2710 1836 2744 est,

1156 2752 1269 2782 munio
1284 2756 1319 2782 et
1334 2751 1479 2783 defendo
1501 2753 1659 2784 adversus
1681 2753 1835 2786 Fortunae
