1916 3262
496 288 703 321 HORATn
739 280 1323 321 cARM1NUR11AB.1u.l.

177 383 284 425 pient,
301 383 360 415 sed
377 386 478 416 erunt
493 382 651 425 insipidae
666 384 875 424 penitns‚in-

178 434 289 466 tuenti
326 439 469 466 mortem
514 436 730 474 praesentem.
775 433 876 474 Cruq.

175 485 393 517 Elaborobunt
405 482 560 526 soporem]
582 483 660 515 Non
674 483 832 516 reddent.

220 536 279 578 [20
318 536 431 567 Bentl.
465 544 519 576 ap.
555 533 678 574 Jaeck,
709 534 878 566 cithoroece

174 585 313 626 contus]

217 637 258 667 21
282 635 430 668 Somnum
443 635 605 676 reducent]
626 635 706 667 Non
723 645 876 669 somnum

174 685 476 728 restituent‚qnem
487 689 598 717 metus
610 685 763 720 abstulit.
786 686 876 718 Som-

173 745 232 768 nus
243 735 431 776 agrestium]
453 737 507 768 Ex
521 735 683 767 antithesi
700 735 801 768 docet
816 737 876 768 hu·

172 786 360 818 milioribus
378 785 516 818 rusticis
531 782 790 828 frugalibusqne
805 796 875 818 om-

171 835 230 868 nia
248 835 349 877 longe
369 835 526 868 suaviora
548 845 648 878 quam
674 837 874 878 ditioribus3

171 890 211 918 nt
225 885 346 928 quibus
370 886 496 919 tutiora
518 890 599 918 sunt
621 886 746 927 omnia,
766 887 875 928 cibus,

170 940 284 978 potus,
299 946 451 979 somnus,
467 941 505 970 et
529 947 744 979 qnaecunqne
770 938 874 970 vitam

170 985 276 1019 beare
292 993 448 1029 possunt,
463 997 532 1019 non
549 988 639 1019 enim
663 987 874 1024 desiderant,

170 1037 236 1069 nisi
263 1038 355 1079 quod
385 1038 470 1070 satis
497 1042 562 1070 est.
601 1038 698 1078 Cruq.
744 1037 878 1070 Somnus

170 1087 357 1130 agrestium]
374 1088 471 1121 Ordo
483 1093 550 1128 est,
563 1091 598 1119 et
613 1096 731 1119 sensns
745 1098 753 1119 :
776 1088 874 1120 Som-

171 1145 235 1168 nus
261 1137 346 1169 levis
369 1147 438 1169 non
454 1138 586 1179 spernit
602 1138 747 1169 humiles
764 1148 877 1179 agres-

172 1187 256 1219 tium
272 1187 402 1228 domos,
419 1197 531 1229 neque
547 1188 739 1219 umbrosam
755 1189 878 1230 ripam,

171 1240 232 1268 aut
247 1246 380 1269 amoena
402 1238 588 1270 Thessaliae
612 1238 690 1270 loca
710 1238 876 1280 Zephyris

171 1287 314 1328 agitata.

213 1339 272 1379 [22
293 1337 388 1369 Levis
401 1338 540 1369 virorum
554 1337 786 1369 Schoenborn.
801 1338 852 1379 2.]

210 1390 252 1418 25
282 1387 542 1427 Desidemntem]
587 1387 655 1419 Qui
686 1387 874 1426 desiderat,

167 1436 258 1478 qnod
273 1436 358 1468 satis
372 1441 427 1469 est
447 1437 488 1468 ad
506 1437 634 1468 victum
650 1441 687 1468 et
702 1436 876 1478 vestitum,

166 1496 234 1519 non
250 1487 403 1530 navigat,
418 1497 531 1530 neque
546 1497 583 1519 se
602 1487 704 1519 maris
721 1487 873 1528 periculo

167 1538 321 1580 exponit,
344 1544 385 1571 nt
407 1547 479 1570 rem
505 1537 710 1570 familiarem
731 1542 870 1579 augeat.

168 1589 259 1625 Quod
284 1590 364 1621 satis
391 1590 456 1632 est]
493 1589 637 1622 Naturae
660 1589 804 1630 scilicet,
831 1594 871 1622 ut

167 1639 234 1681 Ep.
250 1642 283 1672 2.
306 1644 316 1658 ‘
330 1639 432 1674 Quod
447 1640 528 1672 satis
542 1644 596 1672 est
619 1640 674 1672 cui
689 1640 870 1682 contingit,

166 1690 250 1722 nihil
263 1691 410 1732 amplius
422 1690 546 1732 optet!
591 1691 701 1722 Recte
723 1690 814 1722 enim
836 1695 872 1722 et

165 1740 248 1773 illud
263 1742 447 1783 Epicurus,
464 1745 556 1772 teste
573 1741 705 1773 Seneca
719 1751 726 1770 ε
753 1741 763 1758 ‘
776 1741 813 1772 Si
828 1740 871 1772 ad

167 1795 324 1823 naturam
337 1792 445 1830 vives,
459 1800 631 1833 nunquam
643 1791 711 1822 eris
721 1799 873 1831 pauper:

169 1840 197 1871 si
212 1840 255 1872 ad
273 1842 464 1882 opiniones,
481 1850 653 1882 nunquam
670 1841 738 1871 eris
755 1839 877 1871 dives.'

210 1891 254 1920 26
280 1888 440 1921 Sollicitat
468 1889 570 1930 more]
610 1888 874 1920 Tumultuosum

168 1947 263 1971 mare
278 1947 346 1971 non
362 1937 478 1971 reddit
491 1947 568 1970 eum
584 1938 778 1970 sollicitum.

210 1991 253 2021 27
274 1988 409 2021 Arcturi
421 1987 576 2029 cadentis]
606 1988 775 2020 Arcturus
791 1989 874 2021 stel-

166 2040 201 2071 la
226 2044 282 2071 est
303 2039 338 2071 in
365 2039 476 2071 cauda
493 2039 606 2078 Ursae,
631 2048 707 2080 qnae
728 2044 874 2080 propter

167 2093 406 2131 tempestates,
419 2099 503 2131 quas
526 2089 639 2121 oriens
661 2090 803 2127 excitat,
819 2095 873 2122 est

165 2139 360 2181 vehemens,
375 2138 436 2172 sed
450 2138 613 2171 occidens
628 2142 683 2170 est
694 2139 801 2170 multo
813 2148 871 2171 ve-

164 2190 366 2222 hementior.

207 2243 251 2272 28
272 2239 387 2284 Hoeai]
417 2239 522 2272 Hoedi
548 2239 625 2273 duae
653 2245 732 2272 sunt
758 2241 869 2273 stellae

165 2291 297 2332 exigue
313 2291 348 2323 in
366 2291 506 2323 sinistra
525 2299 627 2323 manu
643 2291 872 2333 Erichthonii,

166 2341 289 2383 quibus
305 2340 495 2373 orientibus
509 2341 610 2373 saevit
623 2351 730 2373 mare.

208 2393 252 2422 30
274 2391 464 2431 Fanumque
484 2390 634 2430 mendox]
658 2392 796 2423 Fundus
820 2393 870 2424 in-

165 2438 371 2480 fructuosus,
387 2440 445 2481 qui
460 2441 548 2471 votis
561 2441 722 2481 agricolae
735 2451 802 2474 non
815 2452 869 2475 re-

168 2489 327 2529 spondet.
370 2489 492 2521 Arbore
506 2489 605 2530 nunc]
630 2490 777 2532 Arbore,
791 2502 869 2534 quae

169 2548 232 2570 nec
247 2537 363 2579 flores,
379 2548 442 2571 nec
457 2538 588 2571 fructus
605 2539 754 2580 profert,
769 2542 870 2573 modo

168 2589 300 2630 pluvias
312 2589 488 2630 culpante,
497 2588 599 2620 modo
610 2589 747 2630 sydera,
757 2591 791 2622 id
805 2596 871 2632 est,

167 2643 290 2671 aestum
312 2639 572 2671 immoderatum
602 2647 623 2670 e
648 2640 682 2671 vi
709 2640 868 2681 syderum

166 2690 437 2731 provenientem.

208 2742 250 2771 88
276 2738 462 2780 Contracta]
499 2739 647 2781 AEqnora
673 2740 870 2781 angustiora

165 2789 270 2822 facta.
315 2789 449 2831 [Bentl.
464 2798 519 2831 ap.
530 2788 654 2831 Jaeck,
667 2797 790 2831 «equora
799 2800 868 2823 sen-

164 2839 277 2881 tiana]

1525 284 1637 327 1433

973 388 1015 416 34
1036 385 1143 416 ὦσι-εἰσ
1164 385 1198 416 in
1218 386 1318 417 altum
1333 385 1478 427 molibus]
1510 388 1638 421 Saeculi

931 435 984 468 sui
1021 435 1056 467 in
1091 435 1297 467 aedificando
1332 436 1450 467 luxum
1482 439 1635 477 graviter

931 485 1072 517 damnat
1086 485 1200 517 Poeta
1216 495 1256 517 u.
1282 485 1351 517 Od.
1367 489 1419 518 15.
1435 490 1471 518 et
1488 489 1541 518 18.
1565 488 1637 519 Un-

931 536 975 568 de
997 536 1115 568 datam
1138 541 1221 568 tunc
1243 537 1401 577 Angusto
1424 538 1638 570 occasionem

932 586 1152 628 crediderim,
1175 591 1215 618 ut
1240 586 1393 618 aedificiis
1417 586 1553 618 modum
1575 587 1638 619 im-

931 641 1102 676 poneret:
1138 636 1278 668 Sueton.
1306 646 1385 678 cap.
1407 639 1462 668 89.
1506 636 1636 669 Verum

929 687 994 719 hoc
1009 688 1085 719 loco
1102 687 1262 719 omittere
1280 687 1399 728 nolim,
1415 692 1510 719 recte
1527 686 1638 719 Acro-

929 745 1006 768 nem
1039 736 1222 776 monuisse,
1255 736 1359 768 verbo
1391 736 1636 769 aedificantium

930 796 1027 819 usum
1042 796 1117 818 esse
1133 786 1293 827 Poe'tam‚
1303 796 1382 818 cnm
1397 787 1408 805 ⁴
1420 787 1526 818 moles
1540 787 1550 801 '
1562 787 1637 818 dix-

929 836 976 868 it:
1001 846 1078 867 nam
1095 840 1131 868 et
1154 835 1244 876 apud
1265 836 1536 868 Jnrisconsnltos
1557 846 1636 868 nos-

929 890 1000 917 tros
1013 886 1152 928 proprie
1163 890 1172 903 ¹
1186 887 1290 917 moles
1300 885 1310 899 '
1324 887 1483 918 dicuntur
1495 887 1527 918 in
1540 897 1636 919 mare

928 936 984 968 vel
1000 936 1034 968 in
1048 935 1175 968 flumen
1192 936 1371 977 projectae.
1397 937 1540 968 Tor-rent.
1596 938 1638 969 In

929 987 1027 1018 altum
1039 985 1185 1026 molibus]
1221 985 1263 1017 In
1292 985 1502 1026 profundum
1528 996 1635 1019 mare.

929 1036 1018 1068 Vide
1034 1046 1074 1070 u.
1091 1036 1160 1069 Od.
1179 1038 1232 1067 15.
1293 1036 1364 1068 Huc
1383 1036 1553 1078 frequens]
1592 1036 1633 1068 In

931 1086 994 1119 hoc
1009 1087 1115 1118 altum
1133 1095 1236 1118 mare.

973 1139 1014 1167 35
1041 1137 1200 1168 Coementa
1214 1135 1371 1176 demittit]
1396 1136 1539 1178 Antiqui
1560 1136 1636 1168 fere

929 1186 1030 1219 codd.
1042 1190 1181 1218 cemento
1199 1186 1272 1218 sine
1289 1186 1514 1228 diphthongo.
1536 1186 1546 1203 ‘
1561 1187 1636 1218 Cae-

930 1242 1083 1269 mentum
1093 1236 1102 1251 ’
1114 1237 1204 1268 enim
1215 1235 1409 1268 Architecti
1419 1241 1555 1277 vocant,
1566 1245 1635 1268 non

931 1291 1064 1319 certum
1081 1286 1218 1328 aliquod
1235 1286 1308 1318 saxi
1325 1296 1453 1327 genus3
1481 1286 1543 1318 sed
1565 1296 1635 1318 ma·

930 1338 1052 1368 teriam
1062 1337 1313 1378 illamomnem,
1327 1347 1392 1377 qua
1405 1337 1448 1368 ad
1461 1337 1636 1370 substruc-

930 1387 1042 1419 tiones
1052 1397 1259 1429 opernmqne
1270 1387 1493 1419 fundamenta
1504 1398 1547 1419 ex
1557 1388 1637 1420 rudi

930 1438 1132 1479 plerumque
1160 1447 1257 1477 saxo,
1280 1437 1502 1479 lapidumque
1531 1447 1637 1470 caeso-

929 1498 1002 1520 rum
1019 1487 1221 1529 fragmentis
1238 1489 1286 1520 nti
1311 1489 1446 1520 solent:
1482 1489 1574 1521 unde
1598 1494 1636 1521 et

927 1540 938 1558 ‘
952 1540 1152 1571 caementitii
1193 1539 1369 1580 parietes,’
1407 1540 1524 1582 quales
1560 1539 1635 1572 fere

926 1591 1105 1631 rusticani,
1132 1591 1225 1622 nulla
1260 1595 1456 1628 venustate,
1486 1596 1524 1624 et
1561 1596 1636 1625 tan-

924 1650 1026 1682 quam
1056 1639 1200 1672 fortuita
1229 1641 1450 1682 congestione
1479 1642 1635 1683 lapidum

925 1690 1108 1722 exstructi.
1124 1690 1266 1722 Tor-rent.
1307 1691 1465 1722 Caementa
1478 1691 1635 1732 demittit]

924 1739 1074 1780 Lapides
1090 1749 1195 1771 caesos
1211 1740 1254 1771 ad
1277 1739 1536 1772 fundamentum
1552 1741 1632 1773 sub-

926 1788 1140 1825 struendum‚
1166 1789 1224 1821 nbi
1250 1789 1432 1822 aedificium
1451 1791 1632 1824 consistat.

924 1838 1114 1878 Redemptor
1127 1838 1358 1879 Cumfamulis]
1375 1840 1466 1872 Nam
1475 1839 1633 1882 redemp-

925 1892 982 1919 tor
997 1897 1082 1929 opns
1098 1887 1294 1921 faciendum
1307 1899 1368 1921 suo
1381 1890 1546 1932 periculo,
1558 1899 1632 1923 cer-

921 1941 958 1968 ta
976 1937 1136 1970 mercede
1158 1938 1356 1979 constituta,
1377 1940 1531 1981 assumit,
1553 1950 1631 1974 cnm

924 1985 1062 2020 famulis
1087 1988 1155 2019 suis
1188 1987 1384 2030 conductis,
1409 1994 1446 2021 et
1476 1990 1632 2022 dominns

923 2038 1131 2079 luxuriosus,
1146 2039 1204 2080 qui
1227 2043 1332 2071 terrae
1342 2039 1417 2080 jam
1432 2039 1632 2074 fastidiosus

927 2093 993 2129 est,
1006 2089 1073 2121 hnc
1089 2090 1123 2120 in
1139 2099 1234 2121 mare
1246 2089 1411 2132 frequens
1425 2095 1462 2122 et
1477 2091 1632 2124 assiduus

923 2138 1057 2180 lapides
1074 2139 1177 2171 rudes
1191 2146 1227 2171 et
1249 2145 1419 2172 caementa
1434 2141 1476 2173 ad
1493 2141 1632 2174 aedificii

923 2187 1185 2221 fundamentum
1222 2189 1367 2222 dimittit
1402 2200 1443 2223 ac
1480 2192 1631 2233 projicit.

921 2238 1037 2271 Lubin.
1080 2239 1272 2281 Redemptor
1287 2240 1366 2272 Cum
1371 2241 1521 2283 famulis]
1536 2243 1632 2284 Ope-

922 2299 997 2321 rnm
1023 2289 1213 2322 conductor
1241 2290 1430 2335 ἐργολάβος,
1449 2293 1554 2334 Angl.
1578 2293 1631 2326 An

928 2341 1139 2378 Undertaker‚
1168 2351 1189 2372 ιι
1219 2342 1418 2375 Contractor.
1461 2345 1629 2386 [Gnelph.

923 2392 1072 2424 remittit.
1097 2392 1294 2425 Markland.
1309 2402 1365 2434 ap.
1384 2394 1629 2435 Jaeck,demie-

924 2441 1007 2482 ena]

967 2493 1009 2522 37
1031 2490 1096 2522 Sed
1125 2491 1220 2522 timor
1247 2496 1280 2523 et
1309 2492 1419 2533 minoe]
1455 2493 1533 2526 Hoc
1562 2498 1630 2534 est,

925 2541 1090 2582 quicquid
1107 2540 1193 2581 agit,
1204 2549 1271 2572 non
1288 2541 1459 2573 deseritur
1472 2552 1492 2573 a
1503 2542 1572 2573 suis
1583 2542 1631 2575 af·

924 2589 1089 2629 fectibns,
1111 2590 1169 2631 qui
1191 2599 1257 2621 non
1280 2591 1398 2622 sinunt
1420 2600 1496 2623 eum
1519 2593 1630 2634 quies-

924 2650 1016 2673 cere.
1042 2641 1139 2680 Cruq.

967 2694 1011 2723 39
1033 2691 1150 2722 AEroto
1164 2689 1303 2730 triremi]
1331 2689 1422 2722 Vide
1437 2699 1478 2723 11.
1493 2691 1560 2724 Od.
1576 2695 1628 2726 16.

965 2743 1007 2773 4ο
1031 2740 1111 2771 Post
1124 2738 1275 2779 equitem]
1307 2738 1348 2770 In
1364 2740 1521 2773 clunibus
1534 2743 1626 2783 eqni.

923 2791 1006 2823 Atra
1015 2788 1125 2829 crura]
1138 2790 1205 2820 Pro
1214 2789 1368 2826 molesta,
1379 2789 1510 2825 odiosa.
1527 2793 1625 2826 Turn.

921 2851 970 2874 w.
989 2843 1042 2874 14.
1059 2848 1141 2873 nx-
1157 2842 1191 2875 9.
1237 2837 1437 2883 [Bamherg.
1457 2846 1494 2874 et
1520 2843 1623 2876 Scho-
