<?xml version="1.0" encoding="UTF-8"?>
<!DOCTYPE html PUBLIC "-//W3C//DTD XHTML 1.0 Transitional//EN"
    "http://www.w3.org/TR/xhtml1/DTD/xhtml1-transitional.dtd">
<html xmlns="http://www.w3.org/1999/xhtml" xml:lang="en" lang="en">
 <head>
  <title>
</title>
<meta http-equiv="Content-Type" content="text/html;charset=utf-8" />
  <meta name='ocr-system' content='tesseract 3.04.00' />
  <meta name='ocr-capabilities' content='ocr_page ocr_carea ocr_par ocr_line ocrx_word'/>
</head>
<body>
  <div class='ocr_page' id='page_1' title='image "./operazeune03horauoft/operazeune03horauoft_0110.png"; bbox 0 0 1916 3262; ppageno 0'>
   <div class='ocr_carea' id='block_1_1' title="bbox 374 279 486 320">
    <p class='ocr_par' dir='ltr' id='par_1_1' title="bbox 374 279 486 320">
     <span class='ocr_line' id='line_1_1' title="bbox 374 279 486 320; baseline 0.009 -1"><span class='ocrx_word' id='word_1_1' title='bbox 374 279 486 320; x_wconf 75' lang='lat'><strong>1256</strong></span> 
     </span>
    </p>
   </div>
   <div class='ocr_carea' id='block_1_2' title="bbox 376 379 1403 433">
    <p class='ocr_par' dir='ltr' id='par_1_2' title="bbox 376 379 1403 433">
     <span class='ocr_line' id='line_1_2' title="bbox 376 379 1403 433; baseline -0.003 -10"><span class='ocrx_word' id='word_1_2' title='bbox 376 383 463 432; x_wconf 84' lang='lat' dir='ltr'><strong>Qui</strong></span> <span class='ocrx_word' id='word_1_3' title='bbox 483 382 622 422; x_wconf 89' lang='lat' dir='ltr'><strong>minus</strong></span> <span class='ocrx_word' id='word_1_4' title='bbox 644 384 814 432; x_wconf 80' lang='lat' dir='ltr'><strong>argutos</strong></span> <span class='ocrx_word' id='word_1_5' title='bbox 832 382 961 418; x_wconf 83' lang='lat' dir='ltr'><strong>vexat</strong></span> <span class='ocrx_word' id='word_1_6' title='bbox 979 379 1097 419; x_wconf 83' lang='lat' dir='ltr'><strong>furor</strong></span> <span class='ocrx_word' id='word_1_7' title='bbox 1115 379 1199 420; x_wconf 86' lang='lat' dir='ltr'><strong>iste</strong></span> <span class='ocrx_word' id='word_1_8' title='bbox 1216 381 1403 433; x_wconf 69' lang='lat' dir='ltr'><strong>poetas?</strong></span> 
     </span>
    </p>
   </div>
   <div class='ocr_carea' id='block_1_3' title="bbox 832 285 1314 324">
    <p class='ocr_par' dir='ltr' id='par_1_3' title="bbox 832 285 1314 324">
     <span class='ocr_line' id='line_1_3' title="bbox 832 285 1314 324; baseline 0.006 -10"><span class='ocrx_word' id='word_1_9' title='bbox 832 290 875 324; x_wconf 77' lang='lat' dir='ltr'><strong>Q.</strong></span> <span class='ocrx_word' id='word_1_10' title='bbox 906 285 1111 315; x_wconf 76' lang='lat' dir='ltr'><strong>noRA&#39;ru</strong></span> <span class='ocrx_word' id='word_1_11' title='bbox 1144 286 1314 317; x_wconf 68' lang='lat' dir='ltr'><strong>rcAcm</strong></span> 
     </span>
    </p>
   </div>
   <div class='ocr_carea' id='block_1_4' title="bbox 374 444 1433 498">
    <p class='ocr_par' dir='ltr' id='par_1_4' title="bbox 374 444 1433 498">
     <span class='ocr_line' id='line_1_4' title="bbox 374 444 1433 498; baseline -0.001 -11"><span class='ocrx_word' id='word_1_12' title='bbox 374 447 570 487; x_wconf 81' lang='lat' dir='ltr'><strong>Carmina</strong></span> <span class='ocrx_word' id='word_1_13' title='bbox 590 457 816 498; x_wconf 89' lang='lat' dir='ltr'><strong>compono,</strong></span> <span class='ocrx_word' id='word_1_14' title='bbox 835 444 903 484; x_wconf 88' lang='lat' dir='ltr'><strong>hic</strong></span> <span class='ocrx_word' id='word_1_15' title='bbox 923 444 1095 495; x_wconf 83' lang='lat' dir='ltr'><strong>elegos;</strong></span> <span class='ocrx_word' id='word_1_16' title='bbox 1125 445 1318 486; x_wconf 84' lang='lat' dir='ltr'><strong>mirabile</strong></span> <span class='ocrx_word' id='word_1_17' title='bbox 1341 447 1433 486; x_wconf 86' lang='lat' dir='ltr'><strong>visu</strong></span> 
     </span>
    </p>
   </div>
   <div class='ocr_carea' id='block_1_5' title="bbox 373 507 1148 563">
    <p class='ocr_par' dir='ltr' id='par_1_5' title="bbox 373 507 1148 563">
     <span class='ocr_line' id='line_1_5' title="bbox 373 507 1148 563; baseline -0.005 -11"><span class='ocrx_word' id='word_1_18' title='bbox 373 511 670 563; x_wconf 85' lang='lat' dir='ltr'><strong>Caelatumque</strong></span> <span class='ocrx_word' id='word_1_19' title='bbox 690 521 841 550; x_wconf 88' lang='lat' dir='ltr'><strong>novem</strong></span> <span class='ocrx_word' id='word_1_20' title='bbox 862 507 1003 548; x_wconf 89' lang='lat' dir='ltr'><strong>Musis</strong></span> <span class='ocrx_word' id='word_1_21' title='bbox 1023 521 1148 560; x_wconf 88' lang='lat' dir='ltr'><strong>opus.</strong></span> 
     </span>
    </p>
   </div>
   <div class='ocr_carea' id='block_1_6' title="bbox 1205 509 1581 564">
    <p class='ocr_par' dir='ltr' id='par_1_6' title="bbox 1205 509 1581 564">
     <span class='ocr_line' id='line_1_6' title="bbox 1205 509 1581 564; baseline 0 -13"><span class='ocrx_word' id='word_1_22' title='bbox 1205 509 1367 563; x_wconf 84' lang='lat' dir='ltr'><strong>Aspice</strong></span> <span class='ocrx_word' id='word_1_23' title='bbox 1386 512 1581 564; x_wconf 88' lang='lat' dir='ltr'><strong>primum,</strong></span> 
     </span>
    </p>
   </div>
   <div class='ocr_carea' id='block_1_7' title="bbox 371 574 1784 954">
    <p class='ocr_par' dir='ltr' id='par_1_7' title="bbox 372 574 1418 626">
     <span class='ocr_line' id='line_1_7' title="bbox 372 574 1418 626; baseline 0 -10"><span class='ocrx_word' id='word_1_24' title='bbox 372 576 547 626; x_wconf 82' lang='lat' dir='ltr'><strong>Quanto</strong></span> <span class='ocrx_word' id='word_1_25' title='bbox 569 589 664 616; x_wconf 91' lang='lat' dir='ltr'><strong>cum</strong></span> <span class='ocrx_word' id='word_1_26' title='bbox 683 576 811 620; x_wconf 82' lang='lat' dir='ltr'><strong>fastu,</strong></span> <span class='ocrx_word' id='word_1_27' title='bbox 830 576 990 626; x_wconf 82' lang='lat' dir='ltr'><strong>quanto</strong></span> <span class='ocrx_word' id='word_1_28' title='bbox 1005 574 1224 615; x_wconf 81' lang='lat' dir='ltr'><strong>molimine</strong></span> <span class='ocrx_word' id='word_1_29' title='bbox 1241 575 1418 616; x_wconf 88' lang='lat' dir='ltr'><strong>circum-</strong></span> 
     </span>
    </p>

    <p class='ocr_par' dir='ltr' id='par_1_8' title="bbox 372 639 1414 693">
     <span class='ocr_line' id='line_1_8' title="bbox 372 639 1414 693; baseline -0.002 -12"><span class='ocrx_word' id='word_1_30' title='bbox 372 642 627 693; x_wconf 87' lang='lat' dir='ltr'><strong>Spectemus</strong></span> <span class='ocrx_word' id='word_1_31' title='bbox 644 652 827 680; x_wconf 86' lang='lat' dir='ltr'><strong>vacuam</strong></span> <span class='ocrx_word' id='word_1_32' title='bbox 845 639 1055 679; x_wconf 86' lang='lat' dir='ltr'><strong>Romanis</strong></span> <span class='ocrx_word' id='word_1_33' title='bbox 1073 639 1246 680; x_wconf 85' lang='lat' dir='ltr'><strong>vatibus</strong></span> <span class='ocrx_word' id='word_1_34' title='bbox 1265 641 1414 682; x_wconf 81' lang='lat' dir='ltr'><strong>aedem.</strong></span> 
     </span>
    </p>

    <p class='ocr_par' dir='ltr' id='par_1_9' title="bbox 371 705 1784 888">
     <span class='ocr_line' id='line_1_9' title="bbox 371 705 1784 759; baseline 0.004 -14"><span class='ocrx_word' id='word_1_35' title='bbox 371 705 483 746; x_wconf 83' lang='lat' dir='ltr'><strong>Mox</strong></span> <span class='ocrx_word' id='word_1_36' title='bbox 503 707 645 755; x_wconf 86' lang='lat' dir='ltr'><strong>etiam,</strong></span> <span class='ocrx_word' id='word_1_37' title='bbox 666 706 703 746; x_wconf 89' lang='lat' dir='ltr'><strong>si</strong></span> <span class='ocrx_word' id='word_1_38' title='bbox 722 706 832 746; x_wconf 87' lang='lat' dir='ltr'><strong>forte</strong></span> <span class='ocrx_word' id='word_1_39' title='bbox 851 717 1000 753; x_wconf 83' lang='lat' dir='ltr'><strong>vacas,</strong></span> <span class='ocrx_word' id='word_1_40' title='bbox 1021 716 1212 756; x_wconf 83' lang='lat' dir='ltr'>sequere,</span> <span class='ocrx_word' id='word_1_41' title='bbox 1232 710 1277 747; x_wconf 84' lang='lat' dir='ltr'><strong>et</strong></span> <span class='ocrx_word' id='word_1_42' title='bbox 1295 708 1446 759; x_wconf 82' lang='lat' dir='ltr'><strong>procul</strong></span> <span class='ocrx_word' id='word_1_43' title='bbox 1467 708 1566 749; x_wconf 87' lang='lat' dir='ltr'><strong>audi</strong></span> <span class='ocrx_word' id='word_1_44' title='bbox 1719 709 1784 750; x_wconf 70' lang='lat'><strong>95</strong></span> 
     </span>
     <span class='ocr_line' id='line_1_10' title="bbox 371 769 1552 824; baseline 0.003 -14"><span class='ocrx_word' id='word_1_45' title='bbox 371 769 490 819; x_wconf 84' lang='lat' dir='ltr'>Quid</span> <span class='ocrx_word' id='word_1_46' title='bbox 510 771 634 819; x_wconf 84' lang='lat' dir='ltr'><strong>ferat,</strong></span> <span class='ocrx_word' id='word_1_47' title='bbox 656 775 699 812; x_wconf 84' lang='lat' dir='ltr'><strong>et</strong></span> <span class='ocrx_word' id='word_1_48' title='bbox 718 782 850 823; x_wconf 83' lang='lat' dir='ltr'><strong>quare</strong></span> <span class='ocrx_word' id='word_1_49' title='bbox 870 770 955 810; x_wconf 90' lang='lat' dir='ltr'>sibi</span> <span class='ocrx_word' id='word_1_50' title='bbox 976 773 1119 811; x_wconf 82' lang='lat' dir='ltr'><strong>nectat</strong></span> <span class='ocrx_word' id='word_1_51' title='bbox 1138 775 1315 824; x_wconf 77' lang='lat' dir='ltr'><strong>uterque</strong></span> <span class='ocrx_word' id='word_1_52' title='bbox 1335 785 1552 814; x_wconf 85' lang='lat' dir='ltr'><strong>coronam.</strong></span> 
     </span>
     <span class='ocr_line' id='line_1_11' title="bbox 371 835 1525 888; baseline 0.003 -12"><span class='ocrx_word' id='word_1_53' title='bbox 371 835 600 884; x_wconf 66' lang='lat' dir='ltr'><strong>(laedimur,</strong></span> <span class='ocrx_word' id='word_1_54' title='bbox 620 842 660 876; x_wconf 90' lang='lat' dir='ltr'><strong>et</strong></span> <span class='ocrx_word' id='word_1_55' title='bbox 677 837 853 877; x_wconf 88' lang='lat' dir='ltr'><strong>totidem</strong></span> <span class='ocrx_word' id='word_1_56' title='bbox 872 836 1010 888; x_wconf 85' lang='lat' dir='ltr'><strong>plagis</strong></span> <span class='ocrx_word' id='word_1_57' title='bbox 1030 836 1321 878; x_wconf 85' lang='lat' dir='ltr'><strong>consumimus</strong></span> <span class='ocrx_word' id='word_1_58' title='bbox 1338 837 1525 887; x_wconf 72' lang='lat' dir='ltr'><strong>hostem,</strong></span> 
     </span>
    </p>

    <p class='ocr_par' dir='ltr' id='par_1_10' title="bbox 371 901 1335 954">
     <span class='ocr_line' id='line_1_12' title="bbox 371 901 1335 954; baseline 0.002 -12"><span class='ocrx_word' id='word_1_59' title='bbox 371 902 505 943; x_wconf 88' lang='lat' dir='ltr'><strong>Lento</strong></span> <span class='ocrx_word' id='word_1_60' title='bbox 527 902 742 943; x_wconf 84' lang='lat' dir='ltr'><strong>Samnites</strong></span> <span class='ocrx_word' id='word_1_61' title='bbox 763 901 818 942; x_wconf 87' lang='lat' dir='ltr'><strong>ad</strong></span> <span class='ocrx_word' id='word_1_62' title='bbox 839 902 1002 942; x_wconf 89' lang='lat' dir='ltr'><strong>lumina</strong></span> <span class='ocrx_word' id='word_1_63' title='bbox 1019 903 1157 954; x_wconf 89' lang='lat' dir='ltr'><strong>prima</strong></span> <span class='ocrx_word' id='word_1_64' title='bbox 1175 902 1335 944; x_wconf 87' lang='lat' dir='ltr'><strong>duello.</strong></span> 
     </span>
    </p>
   </div>
   <div class='ocr_carea' id='block_1_8' title="bbox 356 1029 1779 1278">
    <p class='ocr_par' dir='ltr' id='par_1_11' title="bbox 356 1029 1779 1278">
     <span class='ocr_line' id='line_1_13' title="bbox 367 1029 1776 1070; baseline 0.003 -11"><span class='ocrx_word' id='word_1_65' title='bbox 367 1029 419 1060; x_wconf 86' lang='lat' dir='ltr'><strong>ille</strong></span> <span class='ocrx_word' id='word_1_66' title='bbox 443 1029 512 1060; x_wconf 82' lang='lat' dir='ltr'><strong>huic</strong></span> <span class='ocrx_word' id='word_1_67' title='bbox 533 1033 676 1069; x_wconf 81' lang='lat' dir='ltr'><strong>tanquam</strong></span> <span class='ocrx_word' id='word_1_68' title='bbox 690 1030 814 1060; x_wconf 77' lang='lat' dir='ltr'><strong>Mucius</strong></span> <span class='ocrx_word' id='word_1_69' title='bbox 833 1029 1069 1070; x_wconf 69' lang='lat' dir='ltr'><strong>pradicabatur.</strong></span> <span class='ocrx_word' id='word_1_70' title='bbox 1114 1030 1223 1060; x_wconf 78' lang='lat' dir='ltr'><strong>Nihilo</strong></span> <span class='ocrx_word' id='word_1_71' title='bbox 1243 1034 1323 1062; x_wconf 85' lang='lat' dir='ltr'><strong>certe</strong></span> <span class='ocrx_word' id='word_1_72' title='bbox 1336 1030 1433 1062; x_wconf 80' lang='lat' dir='ltr'><strong>minus</strong></span> <span class='ocrx_word' id='word_1_73' title='bbox 1451 1031 1572 1063; x_wconf 72' lang='lat' dir='ltr'><strong>insania</strong></span> <span class='ocrx_word' id='word_1_74' title='bbox 1585 1032 1646 1063; x_wconf 75' lang='lat' dir='ltr'><strong>ieta</strong></span> <span class='ocrx_word' id='word_1_75' title='bbox 1659 1032 1776 1063; x_wconf 70' lang='lat' dir='ltr'><strong>detinet</strong></span> 
     </span>
     <span class='ocr_line' id='line_1_14' title="bbox 364 1071 1779 1111; baseline 0.004 -12"><span class='ocrx_word' id='word_1_76' title='bbox 364 1071 470 1109; x_wconf 69' lang='lat' dir='ltr'><strong>poetas</strong></span> <span class='ocrx_word' id='word_1_77' title='bbox 484 1073 629 1110; x_wconf 79' lang='lat' dir='ltr'><strong>loquaces.</strong></span> <span class='ocrx_word' id='word_1_78' title='bbox 675 1072 759 1101; x_wconf 83' lang='lat' dir='ltr'><strong>odas</strong></span> <span class='ocrx_word' id='word_1_79' title='bbox 780 1081 835 1109; x_wconf 86' lang='lat' dir='ltr'><strong>ego</strong></span> <span class='ocrx_word' id='word_1_80' title='bbox 853 1072 962 1106; x_wconf 74' lang='lat' dir='ltr'><strong>scribo,</strong></span> <span class='ocrx_word' id='word_1_81' title='bbox 976 1072 1025 1101; x_wconf 83' lang='lat' dir='ltr'><strong>hie</strong></span> <span class='ocrx_word' id='word_1_82' title='bbox 1039 1071 1164 1111; x_wconf 79' lang='lat' dir='ltr'><strong>elegias,</strong></span> <span class='ocrx_word' id='word_1_83' title='bbox 1177 1081 1250 1111; x_wconf 79' lang='lat' dir='ltr'><strong>opus</strong></span> <span class='ocrx_word' id='word_1_84' title='bbox 1263 1073 1471 1103; x_wconf 74' lang='lat' dir='ltr'><strong>admirandum</strong></span> <span class='ocrx_word' id='word_1_85' title='bbox 1484 1077 1514 1104; x_wconf 79' lang='lat' dir='ltr'><strong>et</strong></span> <span class='ocrx_word' id='word_1_86' title='bbox 1527 1084 1547 1103; x_wconf 87' lang='grc' dir='ltr'><em>α</em></span> <span class='ocrx_word' id='word_1_87' title='bbox 1560 1083 1664 1105; x_wconf 66' lang='lat' dir='ltr'><strong>novem</strong></span> <span class='ocrx_word' id='word_1_88' title='bbox 1677 1074 1779 1104; x_wconf 66' lang='lat' dir='ltr'><strong>Musis</strong></span> 
     </span>
     <span class='ocr_line' id='line_1_15' title="bbox 365 1111 1779 1154; baseline 0.004 -15"><span class='ocrx_word' id='word_1_89' title='bbox 365 1111 561 1143; x_wconf 67' lang='lat' dir='ltr'><strong>elaboratam.</strong></span> <span class='ocrx_word' id='word_1_90' title='bbox 602 1112 818 1143; x_wconf 78' lang='lat' dir='ltr'><strong>Animadverte</strong></span> <span class='ocrx_word' id='word_1_91' title='bbox 831 1113 928 1152; x_wconf 84' lang='lat' dir='ltr'><strong>primo</strong></span> <span class='ocrx_word' id='word_1_92' title='bbox 942 1116 1054 1152; x_wconf 75' lang='lat' dir='ltr'><strong>quanta</strong></span> <span class='ocrx_word' id='word_1_93' title='bbox 1067 1123 1134 1143; x_wconf 84' lang='lat' dir='ltr'><strong>cum</strong></span> <span class='ocrx_word' id='word_1_94' title='bbox 1146 1113 1326 1151; x_wconf 77' lang='lat' dir='ltr'><strong>arrogantia</strong></span> <span class='ocrx_word' id='word_1_95' title='bbox 1337 1117 1368 1145; x_wconf 80' lang='lat' dir='ltr'><strong>et</strong></span> <span class='ocrx_word' id='word_1_96' title='bbox 1381 1115 1537 1145; x_wconf 72' lang='lat' dir='ltr'><strong>anxietate</strong></span> <span class='ocrx_word' id='word_1_97' title='bbox 1547 1116 1779 1154; x_wconf 68' lang='lat' dir='ltr'><strong>contemplemur</strong></span> 
     </span>
     <span class='ocr_line' id='line_1_16' title="bbox 365 1153 1778 1195; baseline 0.002 -13"><span class='ocrx_word' id='word_1_98' title='bbox 365 1153 522 1190; x_wconf 77' lang='lat' dir='ltr'><strong>Apollinis</strong></span> <span class='ocrx_word' id='word_1_99' title='bbox 536 1155 678 1191; x_wconf 85' lang='lat' dir='ltr'><strong>templum</strong></span> <span class='ocrx_word' id='word_1_100' title='bbox 693 1154 842 1183; x_wconf 82' lang='lat' dir='ltr'><strong>Romanis</strong></span> <span class='ocrx_word' id='word_1_101' title='bbox 854 1154 951 1192; x_wconf 56' lang='lat' dir='ltr'><strong>potitis</strong></span> <span class='ocrx_word' id='word_1_102' title='bbox 963 1154 1154 1184; x_wconf 79' lang='lat' dir='ltr'><strong>destitutum.</strong></span> <span class='ocrx_word' id='word_1_103' title='bbox 1190 1155 1310 1185; x_wconf 83' lang='lat' dir='ltr'><strong>Deinde</strong></span> <span class='ocrx_word' id='word_1_104' title='bbox 1323 1155 1352 1186; x_wconf 81' lang='lat' dir='ltr'><strong>si</strong></span> <span class='ocrx_word' id='word_1_105' title='bbox 1362 1165 1418 1195; x_wconf 86' lang='lat' dir='ltr'><strong>per</strong></span> <span class='ocrx_word' id='word_1_106' title='bbox 1429 1155 1524 1186; x_wconf 80' lang='lat' dir='ltr'><strong>otium</strong></span> <span class='ocrx_word' id='word_1_107' title='bbox 1535 1156 1617 1195; x_wconf 83' lang='lat' dir='ltr'><strong>licet,</strong></span> <span class='ocrx_word' id='word_1_108' title='bbox 1629 1159 1778 1186; x_wconf 78' lang='lat' dir='ltr'><strong>assectare</strong></span> 
     </span>
     <span class='ocr_line' id='line_1_17' title="bbox 366 1195 1779 1234; baseline 0.004 -12"><span class='ocrx_word' id='word_1_109' title='bbox 366 1203 493 1232; x_wconf 77' lang='lat' dir='ltr'><strong>quoque,</strong></span> <span class='ocrx_word' id='word_1_110' title='bbox 505 1197 535 1225; x_wconf 88' lang='lat' dir='ltr'><strong>et</strong></span> <span class='ocrx_word' id='word_1_111' title='bbox 549 1195 664 1224; x_wconf 82' lang='lat' dir='ltr'><strong>eminus</strong></span> <span class='ocrx_word' id='word_1_112' title='bbox 677 1195 811 1224; x_wconf 72' lang='lat' dir='ltr'><strong>ausculta</strong></span> <span class='ocrx_word' id='word_1_113' title='bbox 821 1195 892 1234; x_wconf 84' lang='lat' dir='ltr'><strong>quid</strong></span> <span class='ocrx_word' id='word_1_114' title='bbox 907 1195 1031 1233; x_wconf 78' lang='lat' dir='ltr'><strong>quisque</strong></span> <span class='ocrx_word' id='word_1_115' title='bbox 1044 1195 1170 1234; x_wconf 81' lang='lat' dir='ltr'><strong>afferat,</strong></span> <span class='ocrx_word' id='word_1_116' title='bbox 1185 1199 1216 1226; x_wconf 80' lang='lat' dir='ltr'><strong>et</strong></span> <span class='ocrx_word' id='word_1_117' title='bbox 1230 1206 1283 1226; x_wconf 84' lang='lat' dir='ltr'><strong>cur</strong></span> <span class='ocrx_word' id='word_1_118' title='bbox 1296 1196 1356 1226; x_wconf 82' lang='lat' dir='ltr'><strong>sibi</strong></span> <span class='ocrx_word' id='word_1_119' title='bbox 1369 1197 1502 1227; x_wconf 83' lang='lat' dir='ltr'><strong>lauream</strong></span> <span class='ocrx_word' id='word_1_120' title='bbox 1516 1197 1677 1227; x_wconf 74' lang='lat' dir='ltr'><strong>attribuat.</strong></span> <span class='ocrx_word' id='word_1_121' title='bbox 1700 1197 1779 1226; x_wconf 82' lang='lat' dir='ltr'><strong>Con-</strong></span> 
     </span>
     <span class='ocr_line' id='line_1_18' title="bbox 356 1234 1778 1278; baseline 0.003 -13"><span class='ocrx_word' id='word_1_122' title='bbox 356 1234 496 1276; x_wconf 65' lang='lat' dir='ltr'><strong>fidmur,</strong></span> <span class='ocrx_word' id='word_1_123' title='bbox 508 1235 691 1276; x_wconf 76' lang='lat' dir='ltr'><strong>totidemque</strong></span> <span class='ocrx_word' id='word_1_124' title='bbox 703 1236 878 1267; x_wconf 76' lang='lat' dir='ltr'><strong>vulneribus</strong></span> <span class='ocrx_word' id='word_1_125' title='bbox 888 1236 1036 1277; x_wconf 81' lang='lat' dir='ltr'><strong>afficimus</strong></span> <span class='ocrx_word' id='word_1_126' title='bbox 1049 1237 1269 1278; x_wconf 76' lang='lat' dir='ltr'><strong>adversarium,</strong></span> <span class='ocrx_word' id='word_1_127' title='bbox 1284 1239 1367 1269; x_wconf 76' lang='lat' dir='ltr'><strong>lenta</strong></span> <span class='ocrx_word' id='word_1_128' title='bbox 1383 1247 1488 1277; x_wconf 80' lang='lat' dir='ltr'><strong>pugna</strong></span> <span class='ocrx_word' id='word_1_129' title='bbox 1501 1247 1592 1278; x_wconf 76' lang='lat' dir='ltr'><strong>usque</strong></span> <span class='ocrx_word' id='word_1_130' title='bbox 1615 1239 1656 1269; x_wconf 82' lang='lat' dir='ltr'><strong>ad</strong></span> <span class='ocrx_word' id='word_1_131' title='bbox 1678 1246 1778 1278; x_wconf 73' lang='lat' dir='ltr'><strong>vespe-</strong></span> 
     </span>
    </p>
   </div>
   <div class='ocr_carea' id='block_1_9' title="bbox 958 1328 1192 1342">
    <p class='ocr_par' dir='ltr' id='par_1_12' title="bbox 958 1328 1192 1342">
     <span class='ocr_line' id='line_1_19' title="bbox 958 1328 1192 1342; baseline 0.009 -2"><span class='ocrx_word' id='word_1_132' title='bbox 958 1329 1015 1341; x_wconf 69' lang='lat'><strong>000</strong></span> <span class='ocrx_word' id='word_1_133' title='bbox 1019 1328 1192 1342; x_wconf 63' lang='lat' dir='ltr'><strong>eeeeeeeeo</strong></span> 
     </span>
    </p>
   </div>
   <div class='ocr_carea' id='block_1_10' title="bbox 364 1389 1782 1927">
    <p class='ocr_par' dir='ltr' id='par_1_13' title="bbox 364 1389 1782 1927">
     <span class='ocr_line' id='line_1_20' title="bbox 365 1389 1780 1432; baseline 0.004 -13"><span class='ocrx_word' id='word_1_134' title='bbox 365 1398 451 1426; x_wconf 87' lang='lat' dir='ltr'><strong>rum,</strong></span> <span class='ocrx_word' id='word_1_135' title='bbox 465 1389 520 1428; x_wconf 84' lang='lat' dir='ltr'><strong>qui</strong></span> <span class='ocrx_word' id='word_1_136' title='bbox 547 1390 578 1420; x_wconf 90' lang='lat' dir='ltr'><strong>in</strong></span> <span class='ocrx_word' id='word_1_137' title='bbox 595 1389 740 1421; x_wconf 82' lang='lat' dir='ltr'><strong>editione</strong></span> <span class='ocrx_word' id='word_1_138' title='bbox 764 1390 911 1421; x_wconf 82' lang='lat' dir='ltr'><strong>Bentleii</strong></span> <span class='ocrx_word' id='word_1_139' title='bbox 935 1391 1060 1421; x_wconf 71' lang='lat' dir='ltr'><strong>Mucius</strong></span> <span class='ocrx_word' id='word_1_140' title='bbox 1076 1391 1247 1430; x_wconf 83' lang='lat' dir='ltr'><strong>redarguit</strong></span> <span class='ocrx_word' id='word_1_141' title='bbox 1270 1399 1339 1432; x_wconf 83' lang='lat' dir='ltr'><strong>prae</strong></span> <span class='ocrx_word' id='word_1_142' title='bbox 1361 1390 1507 1422; x_wconf 62' lang='lat' dir='ltr'><strong>Mutius!</strong></span> <span class='ocrx_word' id='word_1_143' title='bbox 1528 1392 1693 1424; x_wconf 78' lang='lat' dir='ltr'><strong>Fea.-—90</strong></span> <span class='ocrx_word' id='word_1_144' title='bbox 1717 1393 1780 1428; x_wconf 80' lang='lat' dir='ltr'><strong>Qui</strong></span> 
     </span>
     <span class='ocr_line' id='line_1_21' title="bbox 364 1431 1778 1473; baseline 0.004 -14"><span class='ocrx_word' id='word_1_145' title='bbox 364 1431 457 1461; x_wconf 76' lang='lat' dir='ltr'><strong>nimis</strong></span> <span class='ocrx_word' id='word_1_146' title='bbox 472 1431 550 1462; x_wconf 80' lang='lat' dir='ltr'><strong>Vat.</strong></span> <span class='ocrx_word' id='word_1_147' title='bbox 566 1432 676 1462; x_wconf 78' lang='lat' dir='ltr'><strong>Palat.</strong></span> <span class='ocrx_word' id='word_1_148' title='bbox 692 1435 723 1462; x_wconf 91' lang='grc'><strong>1.</strong></span> <span class='ocrx_word' id='word_1_149' title='bbox 756 1435 858 1466; x_wconf 77' lang='lat' dir='ltr'><strong>versat</strong></span> <span class='ocrx_word' id='word_1_150' title='bbox 873 1431 984 1463; x_wconf 85' lang='lat' dir='ltr'><strong>Bentl.</strong></span> <span class='ocrx_word' id='word_1_151' title='bbox 1000 1442 1041 1462; x_wconf 86' lang='lat' dir='ltr'><strong>ex</strong></span> <span class='ocrx_word' id='word_1_152' title='bbox 1055 1433 1144 1471; x_wconf 90' lang='lat' dir='ltr'><strong>conj.</strong></span> <span class='ocrx_word' id='word_1_153' title='bbox 1159 1433 1275 1463; x_wconf 82' lang='lat' dir='ltr'><strong>laudat</strong></span> <span class='ocrx_word' id='word_1_154' title='bbox 1349 1441 1452 1464; x_wconf 78' lang='lat' dir='ltr'><strong>mian.</strong></span> <span class='ocrx_word' id='word_1_155' title='bbox 1473 1432 1514 1463; x_wconf 81' lang='lat' dir='ltr'><strong>ad</strong></span> <span class='ocrx_word' id='word_1_156' title='bbox 1538 1433 1697 1473; x_wconf 85' lang='lat' dir='ltr'><strong>Propert.</strong></span> <span class='ocrx_word' id='word_1_157' title='bbox 1721 1442 1778 1465; x_wconf 80' lang='grc' dir='ltr'>ιιι.</span> 
     </span>
     <span class='ocr_line' id='line_1_22' title="bbox 365 1472 1779 1512; baseline 0.002 -11"><span class='ocrx_word' id='word_1_158' title='bbox 365 1475 397 1503; x_wconf 86' lang='grc'><strong>9.</strong></span> <span class='ocrx_word' id='word_1_159' title='bbox 413 1474 442 1502; x_wconf 88' lang='lat'><strong>1.</strong></span> <span class='ocrx_word' id='word_1_160' title='bbox 462 1473 524 1510; x_wconf 65' lang='lat' dir='ltr'><strong>ime</strong></span> <span class='ocrx_word' id='word_1_161' title='bbox 537 1473 641 1512; x_wconf 79' lang='lat' dir='ltr'><strong>po&#39;e&#39;tas</strong></span> <span class='ocrx_word' id='word_1_162' title='bbox 655 1474 734 1503; x_wconf 90' lang='lat' dir='ltr'><strong>Vat.</strong></span> <span class='ocrx_word' id='word_1_163' title='bbox 749 1476 780 1503; x_wconf 88' lang='lat'><strong>5.</strong></span> <span class='ocrx_word' id='word_1_164' title='bbox 810 1474 862 1503; x_wconf 83' lang='lat' dir='ltr'><strong>ille</strong></span> <span class='ocrx_word' id='word_1_165' title='bbox 872 1473 977 1512; x_wconf 77' lang='lat' dir='ltr'><strong>po‘e&#39;tas</strong></span> <span class='ocrx_word' id='word_1_166' title='bbox 991 1473 1215 1504; x_wconf 84' lang='lat' dir='ltr'><strong>Schoenborn.</strong></span> <span class='ocrx_word' id='word_1_167' title='bbox 1232 1476 1262 1504; x_wconf 85' lang='grc'><strong>2.</strong></span> <span class='ocrx_word' id='word_1_168' title='bbox 1304 1473 1309 1476; x_wconf 86' lang='lat'>&#39;</span> <span class='ocrx_word' id='word_1_169' title='bbox 1332 1472 1346 1504; x_wconf 76' lang='lat'><strong>1&#39;</strong></span> <span class='ocrx_word' id='word_1_170' title='bbox 1371 1474 1476 1504; x_wconf 84' lang='lat' dir='ltr'><strong>Laud.</strong></span> <span class='ocrx_word' id='word_1_171' title='bbox 1500 1473 1545 1504; x_wconf 90' lang='lat' dir='ltr'><strong>G.</strong></span> <span class='ocrx_word' id='word_1_172' title='bbox 1562 1474 1694 1506; x_wconf 80' lang='lat' dir='ltr'><strong>Fabric.</strong></span> <span class='ocrx_word' id='word_1_173' title='bbox 1706 1475 1779 1505; x_wconf 79' lang='lat' dir='ltr'><strong>alii-</strong></span> 
     </span>
     <span class='ocr_line' id='line_1_23' title="bbox 367 1514 1780 1554; baseline 0.001 -10"><span class='ocrx_word' id='word_1_174' title='bbox 367 1523 430 1552; x_wconf 79' lang='lat' dir='ltr'><strong>que</strong></span> <span class='ocrx_word' id='word_1_175' title='bbox 446 1515 558 1553; x_wconf 72' lang='lat' dir='ltr'><strong>pauci,</strong></span> <span class='ocrx_word' id='word_1_176' title='bbox 570 1514 739 1545; x_wconf 81' lang='lat' dir='ltr'><strong>miserabile</strong></span> <span class='ocrx_word' id='word_1_177' title='bbox 752 1514 916 1545; x_wconf 56' lang='lat' dir='ltr'><strong>visin—92</strong></span> <span class='ocrx_word' id='word_1_178' title='bbox 937 1515 947 1532; x_wconf 94' lang='lat'>‘</span> <span class='ocrx_word' id='word_1_179' title='bbox 960 1514 1176 1554; x_wconf 75' lang='lat' dir='ltr'><strong>sacratumque</strong></span> <span class='ocrx_word' id='word_1_180' title='bbox 1192 1515 1302 1545; x_wconf 87' lang='lat' dir='ltr'><strong>Bentl.</strong></span> <span class='ocrx_word' id='word_1_181' title='bbox 1317 1515 1455 1552; x_wconf 75' lang='lat' dir='ltr'><strong>argutiis</strong></span> <span class='ocrx_word' id='word_1_182' title='bbox 1471 1515 1622 1546; x_wconf 86' lang='lat' dir='ltr'><strong>eruditis.</strong></span> <span class='ocrx_word' id='word_1_183' title='bbox 1645 1515 1780 1547; x_wconf 87' lang='lat' dir='ltr'><strong>Acerbe</strong></span> 
     </span>
     <span class='ocr_line' id='line_1_24' title="bbox 366 1554 1780 1594; baseline 0.004 -11"><span class='ocrx_word' id='word_1_184' title='bbox 366 1564 440 1584; x_wconf 77' lang='lat' dir='ltr'><strong>eum</strong></span> <span class='ocrx_word' id='word_1_185' title='bbox 456 1554 582 1586; x_wconf 82' lang='lat' dir='ltr'><strong>refutat</strong></span> <span class='ocrx_word' id='word_1_186' title='bbox 598 1556 683 1587; x_wconf 82' lang='lat' dir='ltr'><strong>Dae.</strong></span> <span class='ocrx_word' id='word_1_187' title='bbox 698 1556 731 1586; x_wconf 93' lang='lat' dir='ltr'><strong>in</strong></span> <span class='ocrx_word' id='word_1_188' title='bbox 747 1556 851 1586; x_wconf 78' lang='lat' dir='ltr'><strong>altera</strong></span> <span class='ocrx_word' id='word_1_189' title='bbox 866 1555 1012 1586; x_wconf 85' lang='lat' dir='ltr'><strong>editione</strong></span> <span class='ocrx_word' id='word_1_190' title='bbox 1023 1566 1033 1594; x_wconf 78' lang='lat'>3</span> <span class='ocrx_word' id='word_1_191' title='bbox 1046 1556 1102 1586; x_wconf 80' lang='lat' dir='ltr'><strong>alii</strong></span> <span class='ocrx_word' id='word_1_192' title='bbox 1117 1557 1225 1587; x_wconf 77' lang='lat' dir='ltr'><strong>aliter.</strong></span> <span class='ocrx_word' id='word_1_193' title='bbox 1256 1556 1385 1586; x_wconf 86' lang='lat' dir='ltr'><strong>Laudat</strong></span> <span class='ocrx_word' id='word_1_194' title='bbox 1400 1557 1590 1587; x_wconf 79' lang='lat' dir='ltr'><strong>Vannettus</strong></span> <span class='ocrx_word' id='word_1_195' title='bbox 1603 1557 1780 1589; x_wconf 78' lang='lat' dir='ltr'><strong>Osservaz.</strong></span> 
     </span>
     <span class='ocr_line' id='line_1_25' title="bbox 365 1595 1778 1638; baseline 0.002 -12"><span class='ocrx_word' id='word_1_196' title='bbox 365 1595 504 1626; x_wconf 85' lang='lat' dir='ltr'><strong>Intorno</strong></span> <span class='ocrx_word' id='word_1_197' title='bbox 519 1597 561 1627; x_wconf 89' lang='lat' dir='ltr'><strong>ad</strong></span> <span class='ocrx_word' id='word_1_198' title='bbox 578 1597 680 1628; x_wconf 74' lang='lat' dir='ltr'><strong>Oraz.</strong></span> <span class='ocrx_word' id='word_1_199' title='bbox 692 1601 715 1628; x_wconf 81' lang='lat' dir='ltr'><strong>t.</strong></span> <span class='ocrx_word' id='word_1_200' title='bbox 737 1606 762 1628; x_wconf 84' lang='lat'><strong>1.</strong></span> <span class='ocrx_word' id='word_1_201' title='bbox 785 1606 817 1636; x_wconf 91' lang='lat' dir='ltr'><strong>p.</strong></span> <span class='ocrx_word' id='word_1_202' title='bbox 831 1599 905 1627; x_wconf 80' lang='lat'><strong>312.</strong></span> <span class='ocrx_word' id='word_1_203' title='bbox 918 1606 1011 1638; x_wconf 80' lang='lat' dir='ltr'><strong>seqq.</strong></span> <span class='ocrx_word' id='word_1_204' title='bbox 1051 1597 1246 1628; x_wconf 77' lang='lat' dir='ltr'><strong>Sanadonus</strong></span> <span class='ocrx_word' id='word_1_205' title='bbox 1261 1598 1412 1638; x_wconf 83' lang='lat' dir='ltr'><strong>exponit,</strong></span> <span class='ocrx_word' id='word_1_206' title='bbox 1436 1599 1446 1615; x_wconf 90' lang='lat'>‘</span> <span class='ocrx_word' id='word_1_207' title='bbox 1463 1597 1640 1634; x_wconf 80' lang='lat' dir='ltr'><strong>caelatum‚&#39;</strong></span> <span class='ocrx_word' id='word_1_208' title='bbox 1667 1598 1703 1629; x_wconf 88' lang='lat' dir='ltr'><strong>id</strong></span> <span class='ocrx_word' id='word_1_209' title='bbox 1715 1603 1778 1636; x_wconf 82' lang='lat' dir='ltr'><strong>est,</strong></span> 
     </span>
     <span class='ocr_line' id='line_1_26' title="bbox 365 1636 1779 1680; baseline 0.003 -14"><span class='ocrx_word' id='word_1_210' title='bbox 365 1641 375 1654; x_wconf 77' lang='lat'>⁶</span> <span class='ocrx_word' id='word_1_211' title='bbox 389 1637 549 1675; x_wconf 84' lang='lat' dir='ltr'><strong>studiose,</strong></span> <span class='ocrx_word' id='word_1_212' title='bbox 563 1642 599 1668; x_wconf 83' lang='lat' dir='ltr'><strong>et</strong></span> <span class='ocrx_word' id='word_1_213' title='bbox 614 1636 738 1669; x_wconf 79' lang='lat' dir='ltr'><strong>affabre</strong></span> <span class='ocrx_word' id='word_1_214' title='bbox 754 1637 982 1669; x_wconf 82' lang='lat' dir='ltr'><strong>elaboratum.’</strong></span> <span class='ocrx_word' id='word_1_215' title='bbox 1018 1638 1225 1678; x_wconf 82' lang='lat' dir='ltr'><strong>Porphyrio:</strong></span> <span class='ocrx_word' id='word_1_216' title='bbox 1249 1642 1258 1656; x_wconf 78' lang='lat'>‘</span> <span class='ocrx_word' id='word_1_217' title='bbox 1272 1639 1434 1676; x_wconf 57' lang='lat' dir='ltr'><strong>Galatam,</strong></span> <span class='ocrx_word' id='word_1_218' title='bbox 1450 1639 1629 1680; x_wconf 67' lang='lat' dir='ltr'><strong>variarum,</strong></span> <span class='ocrx_word' id='word_1_219' title='bbox 1640 1643 1675 1670; x_wconf 84' lang='lat' dir='ltr'><strong>et</strong></span> <span class='ocrx_word' id='word_1_220' title='bbox 1686 1640 1779 1680; x_wconf 80' lang='lat' dir='ltr'><strong>quasi</strong></span> 
     </span>
     <span class='ocr_line' id='line_1_27' title="bbox 365 1677 1780 1720; baseline 0.003 -13"><span class='ocrx_word' id='word_1_221' title='bbox 365 1677 534 1716; x_wconf 84' lang='lat' dir='ltr'><strong>pictum,&#39;’</strong></span> <span class='ocrx_word' id='word_1_222' title='bbox 547 1681 610 1710; x_wconf 72' lang='grc' dir='ltr'><strong>διο.</strong></span> <span class='ocrx_word' id='word_1_223' title='bbox 628 1679 782 1710; x_wconf 78' lang='lat' dir='ltr'><strong>Fea.-93</strong></span> <span class='ocrx_word' id='word_1_224' title='bbox 805 1679 883 1710; x_wconf 84' lang='lat' dir='ltr'><strong>Vat.</strong></span> <span class='ocrx_word' id='word_1_225' title='bbox 899 1682 931 1710; x_wconf 83' lang='lat'><strong>9.</strong></span> <span class='ocrx_word' id='word_1_226' title='bbox 943 1684 978 1710; x_wconf 86' lang='lat' dir='ltr'><strong>et</strong></span> <span class='ocrx_word' id='word_1_227' title='bbox 991 1679 1136 1710; x_wconf 76' lang='lat' dir='ltr'><strong>chisian.</strong></span> <span class='ocrx_word' id='word_1_228' title='bbox 1149 1683 1181 1710; x_wconf 84' lang='lat'><strong>6.</strong></span> <span class='ocrx_word' id='word_1_229' title='bbox 1196 1681 1309 1710; x_wconf 77' lang='lat' dir='ltr'><strong>circum</strong></span> <span class='ocrx_word' id='word_1_230' title='bbox 1322 1680 1473 1711; x_wconf 81' lang='lat' dir='ltr'><strong>molimine</strong></span> <span class='ocrx_word' id='word_1_231' title='bbox 1487 1681 1694 1720; x_wconf 41' lang='lat' dir='ltr'><strong>quanto&amp;</strong></span> <span class='ocrx_word' id='word_1_232' title='bbox 1709 1680 1780 1711; x_wconf 89' lang='lat' dir='ltr'><strong>An-</strong></span> 
     </span>
     <span class='ocr_line' id='line_1_28' title="bbox 365 1718 1780 1760; baseline 0.004 -12"><span class='ocrx_word' id='word_1_233' title='bbox 365 1718 464 1756; x_wconf 84' lang='lat' dir='ltr'><strong>gelic.</strong></span> <span class='ocrx_word' id='word_1_234' title='bbox 479 1721 510 1749; x_wconf 82' lang='lat'><strong>2.</strong></span> <span class='ocrx_word' id='word_1_235' title='bbox 525 1725 562 1749; x_wconf 89' lang='lat' dir='ltr'><strong>et</strong></span> <span class='ocrx_word' id='word_1_236' title='bbox 576 1729 658 1750; x_wconf 90' lang='lat' dir='ltr'><strong>unus</strong></span> <span class='ocrx_word' id='word_1_237' title='bbox 671 1719 853 1758; x_wconf 77' lang='lat' dir='ltr'><strong>Tor-rentii,</strong></span> <span class='ocrx_word' id='word_1_238' title='bbox 875 1724 1137 1758; x_wconf 53' lang='lat' dir='ltr'><strong>waramum—95</strong></span> <span class='ocrx_word' id='word_1_239' title='bbox 1162 1720 1241 1751; x_wconf 74' lang='lat' dir='ltr'><strong>Vnt.</strong></span> <span class='ocrx_word' id='word_1_240' title='bbox 1264 1720 1360 1752; x_wconf 89' lang='lat' dir='ltr'><strong>Rom.</strong></span> <span class='ocrx_word' id='word_1_241' title='bbox 1379 1723 1411 1751; x_wconf 82' lang='lat'><strong>6.</strong></span> <span class='ocrx_word' id='word_1_242' title='bbox 1433 1730 1452 1750; x_wconf 83' lang='lat' dir='ltr'><strong>a</strong></span> <span class='ocrx_word' id='word_1_243' title='bbox 1467 1731 1510 1752; x_wconf 87' lang='lat' dir='ltr'><strong>m.</strong></span> <span class='ocrx_word' id='word_1_244' title='bbox 1525 1731 1575 1760; x_wconf 90' lang='lat' dir='ltr'><strong>pr.</strong></span> <span class='ocrx_word' id='word_1_245' title='bbox 1591 1723 1676 1753; x_wconf 67' lang='lat' dir='ltr'><strong>nnius</strong></span> <span class='ocrx_word' id='word_1_246' title='bbox 1698 1722 1780 1753; x_wconf 87' lang='lat' dir='ltr'><strong>Pul-</strong></span> 
     </span>
     <span class='ocr_line' id='line_1_29' title="bbox 364 1759 1779 1801; baseline 0.004 -12"><span class='ocrx_word' id='word_1_247' title='bbox 364 1759 489 1800; x_wconf 85' lang='lat' dir='ltr'><strong>manni,</strong></span> <span class='ocrx_word' id='word_1_248' title='bbox 516 1761 571 1791; x_wconf 89' lang='lat' dir='ltr'><strong>alii</strong></span> <span class='ocrx_word' id='word_1_249' title='bbox 594 1771 648 1801; x_wconf 81' lang='lat' dir='ltr'><strong>ap.</strong></span> <span class='ocrx_word' id='word_1_250' title='bbox 664 1762 794 1792; x_wconf 88' lang='lat' dir='ltr'><strong>Valart.</strong></span> <span class='ocrx_word' id='word_1_251' title='bbox 820 1766 855 1791; x_wconf 89' lang='lat' dir='ltr'><strong>et</strong></span> <span class='ocrx_word' id='word_1_252' title='bbox 881 1761 981 1801; x_wconf 83' lang='lat' dir='ltr'><strong>Cruq.</strong></span> <span class='ocrx_word' id='word_1_253' title='bbox 1002 1763 1187 1792; x_wconf 51' lang='lat' dir='ltr'><strong>vacam—96</strong></span> <span class='ocrx_word' id='word_1_254' title='bbox 1211 1762 1301 1796; x_wconf 82' lang='lat' dir='ltr'><strong>Quod</strong></span> <span class='ocrx_word' id='word_1_255' title='bbox 1317 1762 1407 1799; x_wconf 84' lang='lat' dir='ltr'><strong>serat</strong></span> <span class='ocrx_word' id='word_1_256' title='bbox 1430 1762 1606 1794; x_wconf 81' lang='lat' dir='ltr'><strong>Barberin.</strong></span> <span class='ocrx_word' id='word_1_257' title='bbox 1619 1765 1651 1793; x_wconf 80' lang='lat'><strong>2.</strong></span> <span class='ocrx_word' id='word_1_258' title='bbox 1680 1766 1779 1794; x_wconf 75' lang='lat' dir='ltr'><strong>nectet</strong></span> 
     </span>
     <span class='ocr_line' id='line_1_30' title="bbox 366 1801 1782 1840; baseline 0.002 -10"><span class='ocrx_word' id='word_1_259' title='bbox 366 1801 511 1831; x_wconf 85' lang='lat' dir='ltr'><strong>Cbisian.</strong></span> <span class='ocrx_word' id='word_1_260' title='bbox 523 1805 554 1831; x_wconf 83' lang='lat'><strong>5.</strong></span> <span class='ocrx_word' id='word_1_261' title='bbox 593 1803 655 1837; x_wconf 78' lang='lat' dir='ltr'><strong>Qui</strong></span> <span class='ocrx_word' id='word_1_262' title='bbox 668 1803 757 1840; x_wconf 84' lang='lat' dir='ltr'><strong>ferat</strong></span> <span class='ocrx_word' id='word_1_263' title='bbox 774 1805 829 1832; x_wconf 82' lang='lat' dir='ltr'><strong>aul</strong></span> <span class='ocrx_word' id='word_1_264' title='bbox 844 1802 957 1832; x_wconf 90' lang='lat' dir='ltr'><strong>Zarot.</strong></span> <span class='ocrx_word' id='word_1_265' title='bbox 972 1806 1005 1833; x_wconf 86' lang='lat' dir='ltr'><strong>et</strong></span> <span class='ocrx_word' id='word_1_266' title='bbox 1019 1802 1099 1833; x_wconf 87' lang='lat' dir='ltr'><strong>Vet.</strong></span> <span class='ocrx_word' id='word_1_267' title='bbox 1111 1802 1311 1833; x_wconf 50' lang='lat' dir='ltr'><strong>comba-9⁷</strong></span> <span class='ocrx_word' id='word_1_268' title='bbox 1338 1803 1497 1834; x_wconf 78' lang='lat' dir='ltr'><strong>Credimus</strong></span> <span class='ocrx_word' id='word_1_269' title='bbox 1512 1803 1735 1834; x_wconf 85' lang='lat' dir='ltr'><strong>Schoenborn.</strong></span> <span class='ocrx_word' id='word_1_270' title='bbox 1749 1806 1782 1835; x_wconf 81' lang='lat'><strong>2.</strong></span> 
     </span>
     <span class='ocr_line' id='line_1_31' title="bbox 368 1842 1776 1883; baseline 0.004 -12"><span class='ocrx_word' id='word_1_271' title='bbox 368 1842 511 1873; x_wconf 75' lang='lat' dir='ltr'><strong>Gedimus</strong></span> <span class='ocrx_word' id='word_1_272' title='bbox 525 1843 699 1874; x_wconf 82' lang='lat' dir='ltr'><strong>Barberin.</strong></span> <span class='ocrx_word' id='word_1_273' title='bbox 714 1847 747 1874; x_wconf 88' lang='grc'><strong>2.</strong></span> <span class='ocrx_word' id='word_1_274' title='bbox 777 1843 881 1883; x_wconf 79' lang='lat' dir='ltr'><strong>plagis</strong></span> <span class='ocrx_word' id='word_1_275' title='bbox 895 1844 1020 1874; x_wconf 78' lang='lat' dir='ltr'><strong>totidem</strong></span> <span class='ocrx_word' id='word_1_276' title='bbox 1034 1844 1113 1874; x_wconf 81' lang='lat' dir='ltr'><strong>Vat.</strong></span> <span class='ocrx_word' id='word_1_277' title='bbox 1126 1843 1239 1874; x_wconf 73' lang='lat' dir='ltr'><strong>Palat.</strong></span> <span class='ocrx_word' id='word_1_278' title='bbox 1255 1846 1370 1875; x_wconf 84' lang='lat'>1.—98</span> <span class='ocrx_word' id='word_1_279' title='bbox 1392 1844 1566 1875; x_wconf 82' lang='lat' dir='ltr'><strong>Barberin.</strong></span> <span class='ocrx_word' id='word_1_280' title='bbox 1581 1847 1614 1875; x_wconf 84' lang='lat'><strong>2.</strong></span> <span class='ocrx_word' id='word_1_281' title='bbox 1636 1845 1776 1876; x_wconf 86' lang='lat' dir='ltr'><strong>Mediol.</strong></span> 
     </span>
     <span class='ocr_line' id='line_1_32' title="bbox 367 1882 1780 1927; baseline 0.002 -13"><span class='ocrx_word' id='word_1_282' title='bbox 367 1885 459 1915; x_wconf 80' lang='grc'>1477.</span> <span class='ocrx_word' id='word_1_283' title='bbox 483 1884 606 1916; x_wconf 84' lang='lat' dir='ltr'><strong>venet.</strong></span> <span class='ocrx_word' id='word_1_284' title='bbox 620 1887 714 1916; x_wconf 80' lang='lat'>1481.</span> <span class='ocrx_word' id='word_1_285' title='bbox 738 1889 771 1916; x_wconf 87' lang='lat' dir='ltr'><strong>et</strong></span> <span class='ocrx_word' id='word_1_286' title='bbox 786 1885 989 1917; x_wconf 78' lang='lat' dir='ltr'><strong>Junt.1503.</strong></span> <span class='ocrx_word' id='word_1_287' title='bbox 1008 1885 1115 1917; x_wconf 85' lang='lat' dir='ltr'><strong>limina</strong></span> <span class='ocrx_word' id='word_1_288' title='bbox 1125 1885 1236 1926; x_wconf 79' lang='lat' dir='ltr'><strong>prima.</strong></span> <span class='ocrx_word' id='word_1_289' title='bbox 1272 1885 1346 1916; x_wconf 89' lang='lat' dir='ltr'><strong>Duo</strong></span> <span class='ocrx_word' id='word_1_290' title='bbox 1369 1882 1468 1916; x_wconf 75' lang='lat' dir='ltr'><strong>codd.</strong></span> <span class='ocrx_word' id='word_1_291' title='bbox 1493 1885 1643 1927; x_wconf 86' lang='lat' dir='ltr'><strong>Cruqnii‚</strong></span> <span class='ocrx_word' id='word_1_292' title='bbox 1667 1886 1780 1918; x_wconf 79' lang='lat' dir='ltr'><strong>lumina</strong></span> 
     </span>
    </p>
   </div>
   <div class='ocr_carea' id='block_1_11' title="bbox 1006 1978 1148 2010">
    <p class='ocr_par' dir='ltr' id='par_1_14' title="bbox 1006 1978 1148 2010">
     <span class='ocr_line' id='line_1_33' title="bbox 1006 1978 1148 2010; baseline 0.007 -1"><span class='ocrx_word' id='word_1_293' title='bbox 1006 1978 1148 2010; x_wconf 79' lang='lat' dir='ltr'>NOTAE</span> 
     </span>
    </p>
   </div>
   <div class='ocr_carea' id='block_1_12' title="bbox 364 2049 1049 2822">
    <p class='ocr_par' dir='ltr' id='par_1_15' title="bbox 364 2049 1048 2179">
     <span class='ocr_line' id='line_1_34' title="bbox 407 2049 1048 2095; baseline 0 -15"><span class='ocrx_word' id='word_1_294' title='bbox 407 2053 447 2080; x_wconf 89' lang='grc'><strong>91</strong></span> <span class='ocrx_word' id='word_1_295' title='bbox 470 2050 617 2081; x_wconf 79' lang='lat' dir='ltr'><strong>Mirabile</strong></span> <span class='ocrx_word' id='word_1_296' title='bbox 630 2050 710 2090; x_wconf 77' lang='lat' dir='ltr'><strong>visu,</strong></span> <span class='ocrx_word' id='word_1_297' title='bbox 723 2051 793 2095; x_wconf 57' lang='grc' dir='ltr'><strong>ἅμ]</strong></span> <span class='ocrx_word' id='word_1_298' title='bbox 826 2049 962 2082; x_wconf 85' lang='lat' dir='ltr'><strong>Judicio</strong></span> <span class='ocrx_word' id='word_1_299' title='bbox 973 2050 1048 2091; x_wconf 88' lang='lat' dir='ltr'><strong>qui-</strong></span> 
     </span>
     <span class='ocr_line' id='line_1_35' title="bbox 366 2098 1046 2139; baseline 0 -9"><span class='ocrx_word' id='word_1_300' title='bbox 366 2099 442 2130; x_wconf 77' lang='lat' dir='ltr'><strong>dem</strong></span> <span class='ocrx_word' id='word_1_301' title='bbox 465 2099 611 2139; x_wconf 82' lang='lat' dir='ltr'><strong>ipsorum</strong></span> <span class='ocrx_word' id='word_1_302' title='bbox 634 2104 807 2130; x_wconf 81' lang='lat' dir='ltr'><strong>auctorum</strong></span> <span class='ocrx_word' id='word_1_303' title='bbox 829 2098 918 2130; x_wconf 83' lang='lat' dir='ltr'><strong>futili</strong></span> <span class='ocrx_word' id='word_1_304' title='bbox 938 2106 974 2130; x_wconf 82' lang='lat' dir='ltr'><strong>et</strong></span> <span class='ocrx_word' id='word_1_305' title='bbox 996 2099 1046 2130; x_wconf 91' lang='lat' dir='ltr'><strong>in-</strong></span> 
     </span>
     <span class='ocr_line' id='line_1_36' title="bbox 364 2148 464 2179; baseline 0.01 -1"><span class='ocrx_word' id='word_1_306' title='bbox 364 2148 464 2179; x_wconf 85' lang='lat' dir='ltr'><strong>sulso.</strong></span> 
     </span>
    </p>

    <p class='ocr_par' dir='ltr' id='par_1_16' title="bbox 365 2198 1049 2376">
     <span class='ocr_line' id='line_1_37' title="bbox 407 2198 1049 2239; baseline 0.002 -11"><span class='ocrx_word' id='word_1_307' title='bbox 407 2201 447 2229; x_wconf 83' lang='lat'><strong>93</strong></span> <span class='ocrx_word' id='word_1_308' title='bbox 486 2198 790 2239; x_wconf 73' lang='lat' dir='ltr'><strong>Circumspectemus]</strong></span> <span class='ocrx_word' id='word_1_309' title='bbox 833 2198 877 2230; x_wconf 88' lang='lat' dir='ltr'><strong>Se</strong></span> <span class='ocrx_word' id='word_1_310' title='bbox 913 2199 1049 2239; x_wconf 85' lang='lat' dir='ltr'><strong>quidem</strong></span> 
     </span>
     <span class='ocr_line' id='line_1_38' title="bbox 365 2247 1047 2288; baseline 0.001 -11"><span class='ocrx_word' id='word_1_311' title='bbox 365 2256 439 2278; x_wconf 85' lang='lat' dir='ltr'><strong>cnm</strong></span> <span class='ocrx_word' id='word_1_312' title='bbox 453 2247 526 2278; x_wconf 85' lang='lat' dir='ltr'><strong>istis</strong></span> <span class='ocrx_word' id='word_1_313' title='bbox 548 2247 728 2288; x_wconf 67' lang='lat' dir='ltr'><strong>poetastris</strong></span> <span class='ocrx_word' id='word_1_314' title='bbox 735 2248 851 2288; x_wconf 79' lang='lat' dir='ltr'><strong>jungit</strong></span> <span class='ocrx_word' id='word_1_315' title='bbox 871 2247 1047 2286; x_wconf 73' lang='lat' dir='ltr'><strong>Horatius,</strong></span> 
     </span>
     <span class='ocr_line' id='line_1_39' title="bbox 365 2296 1046 2338; baseline 0.001 -11"><span class='ocrx_word' id='word_1_316' title='bbox 365 2301 404 2327; x_wconf 87' lang='lat' dir='ltr'><strong>ut</strong></span> <span class='ocrx_word' id='word_1_317' title='bbox 418 2297 550 2336; x_wconf 82' lang='lat' dir='ltr'><strong>gravius</strong></span> <span class='ocrx_word' id='word_1_318' title='bbox 575 2307 631 2329; x_wconf 85' lang='lat' dir='ltr'><strong>eos</strong></span> <span class='ocrx_word' id='word_1_319' title='bbox 656 2296 850 2338; x_wconf 82' lang='lat' dir='ltr'><strong>proscindat</strong></span> <span class='ocrx_word' id='word_1_320' title='bbox 873 2301 908 2328; x_wconf 83' lang='lat' dir='ltr'><strong>et</strong></span> <span class='ocrx_word' id='word_1_321' title='bbox 932 2296 1046 2328; x_wconf 88' lang='lat' dir='ltr'><strong>confo-</strong></span> 
     </span>
     <span class='ocr_line' id='line_1_40' title="bbox 368 2345 451 2376; baseline 0 0"><span class='ocrx_word' id='word_1_322' title='bbox 368 2345 451 2376; x_wconf 77' lang='lat' dir='ltr'><strong>diat.</strong></span> 
     </span>
    </p>

    <p class='ocr_par' dir='ltr' id='par_1_17' title="bbox 366 2395 1047 2679">
     <span class='ocr_line' id='line_1_41' title="bbox 405 2395 1046 2435; baseline 0.002 -9"><span class='ocrx_word' id='word_1_323' title='bbox 405 2398 448 2426; x_wconf 80' lang='grc'><strong>94</strong></span> <span class='ocrx_word' id='word_1_324' title='bbox 483 2395 616 2427; x_wconf 76' lang='lat' dir='ltr'><strong>Vacuam</strong></span> <span class='ocrx_word' id='word_1_325' title='bbox 641 2395 789 2427; x_wconf 74' lang='lat' dir='ltr'><strong>Romanis</strong></span> <span class='ocrx_word' id='word_1_326' title='bbox 813 2395 909 2426; x_wconf 81' lang='lat' dir='ltr'><strong>vatib.</strong></span> <span class='ocrx_word' id='word_1_327' title='bbox 935 2395 1046 2435; x_wconf 81' lang='lat' dir='ltr'><strong>oedem]</strong></span> 
     </span>
     <span class='ocr_line' id='line_1_42' title="bbox 366 2443 1047 2484; baseline -0.003 -8"><span class='ocrx_word' id='word_1_328' title='bbox 366 2443 534 2476; x_wconf 79' lang='lat' dir='ltr'><strong>Quamdiu</strong></span> <span class='ocrx_word' id='word_1_329' title='bbox 558 2453 618 2475; x_wconf 76' lang='lat' dir='ltr'><strong>sua</strong></span> <span class='ocrx_word' id='word_1_330' title='bbox 639 2444 768 2484; x_wconf 84' lang='lat' dir='ltr'><strong>scripta</strong></span> <span class='ocrx_word' id='word_1_331' title='bbox 788 2453 854 2475; x_wconf 87' lang='lat' dir='ltr'><strong>non</strong></span> <span class='ocrx_word' id='word_1_332' title='bbox 867 2444 1047 2484; x_wconf 83' lang='lat' dir='ltr'><strong>replebunt</strong></span> 
     </span>
     <span class='ocr_line' id='line_1_43' title="bbox 366 2492 1047 2533; baseline 0.001 -11"><span class='ocrx_word' id='word_1_333' title='bbox 366 2492 474 2523; x_wconf 71' lang='lat' dir='ltr'><strong>aedem</strong></span> <span class='ocrx_word' id='word_1_334' title='bbox 506 2501 563 2524; x_wconf 80' lang='lat' dir='ltr'><strong>seu</strong></span> <span class='ocrx_word' id='word_1_335' title='bbox 600 2493 834 2524; x_wconf 80' lang='lat' dir='ltr'><strong>bibliothecam</strong></span> <span class='ocrx_word' id='word_1_336' title='bbox 871 2492 1047 2533; x_wconf 84' lang='lat' dir='ltr'><strong>Apollinis,</strong></span> 
     </span>
     <span class='ocr_line' id='line_1_44' title="bbox 366 2542 1046 2582; baseline 0 -9"><span class='ocrx_word' id='word_1_337' title='bbox 366 2551 439 2573; x_wconf 78' lang='lat' dir='ltr'><strong>eam</strong></span> <span class='ocrx_word' id='word_1_338' title='bbox 461 2543 620 2574; x_wconf 77' lang='lat' dir='ltr'><strong>Romanis</strong></span> <span class='ocrx_word' id='word_1_339' title='bbox 633 2542 763 2573; x_wconf 77' lang='lat' dir='ltr'><strong>vatibus</strong></span> <span class='ocrx_word' id='word_1_340' title='bbox 777 2550 914 2573; x_wconf 76' lang='lat' dir='ltr'><strong>vacuam</strong></span> <span class='ocrx_word' id='word_1_341' title='bbox 925 2546 1046 2582; x_wconf 82' lang='lat' dir='ltr'><strong>putant</strong></span> 
     </span>
     <span class='ocr_line' id='line_1_45' title="bbox 366 2590 1046 2630; baseline 0.003 -10"><span class='ocrx_word' id='word_1_342' title='bbox 366 2590 472 2630; x_wconf 85' lang='lat' dir='ltr'><strong>inepti</strong></span> <span class='ocrx_word' id='word_1_343' title='bbox 487 2591 548 2630; x_wconf 84' lang='lat' dir='ltr'><strong>ini,</strong></span> <span class='ocrx_word' id='word_1_344' title='bbox 571 2591 655 2623; x_wconf 82' lang='lat' dir='ltr'><strong>adeo</strong></span> <span class='ocrx_word' id='word_1_345' title='bbox 672 2600 708 2622; x_wconf 85' lang='lat' dir='ltr'><strong>se</strong></span> <span class='ocrx_word' id='word_1_346' title='bbox 731 2591 906 2630; x_wconf 80' lang='lat' dir='ltr'><strong>mirantur,</strong></span> <span class='ocrx_word' id='word_1_347' title='bbox 922 2596 959 2622; x_wconf 85' lang='lat' dir='ltr'><strong>et</strong></span> <span class='ocrx_word' id='word_1_348' title='bbox 973 2590 1046 2622; x_wconf 80' lang='lat' dir='ltr'><strong>aliis</strong></span> 
     </span>
     <span class='ocr_line' id='line_1_46' title="bbox 366 2639 1003 2679; baseline 0.006 -12"><span class='ocrx_word' id='word_1_349' title='bbox 366 2639 515 2671; x_wconf 87' lang='lat' dir='ltr'><strong>omnibus</strong></span> <span class='ocrx_word' id='word_1_350' title='bbox 529 2639 782 2679; x_wconf 68' lang='lat' dir='ltr'><strong>praestantiores</strong></span> <span class='ocrx_word' id='word_1_351' title='bbox 801 2639 1003 2671; x_wconf 77' lang='lat' dir='ltr'><strong>existimant.</strong></span> 
     </span>
    </p>

    <p class='ocr_par' dir='ltr' id='par_1_18' title="bbox 366 2687 1047 2822">
     <span class='ocr_line' id='line_1_47' title="bbox 408 2687 1045 2728; baseline 0.008 -14"><span class='ocrx_word' id='word_1_352' title='bbox 408 2687 450 2715; x_wconf 81' lang='lat'><strong>96</strong></span> <span class='ocrx_word' id='word_1_353' title='bbox 473 2687 575 2720; x_wconf 80' lang='lat' dir='ltr'><strong>Quare</strong></span> <span class='ocrx_word' id='word_1_354' title='bbox 601 2687 663 2718; x_wconf 72' lang='lat' dir='ltr'><strong>sun·</strong></span> <span class='ocrx_word' id='word_1_355' title='bbox 686 2691 788 2719; x_wconf 78' lang='lat' dir='ltr'><strong>nectat</strong></span> <span class='ocrx_word' id='word_1_356' title='bbox 815 2691 940 2728; x_wconf 72' lang='lat' dir='ltr'><strong>uterque</strong></span> <span class='ocrx_word' id='word_1_357' title='bbox 965 2698 1045 2719; x_wconf 84' lang='lat' dir='ltr'><strong>coro-</strong></span> 
     </span>
     <span class='ocr_line' id='line_1_48' title="bbox 366 2733 1047 2778; baseline 0.01 -15"><span class='ocrx_word' id='word_1_358' title='bbox 366 2733 451 2771; x_wconf 73' lang='lat' dir='ltr'><strong>nam]</strong></span> <span class='ocrx_word' id='word_1_359' title='bbox 473 2735 579 2766; x_wconf 80' lang='lat' dir='ltr'><strong>Quam</strong></span> <span class='ocrx_word' id='word_1_360' title='bbox 603 2737 705 2768; x_wconf 87' lang='lat' dir='ltr'><strong>stulte</strong></span> <span class='ocrx_word' id='word_1_361' title='bbox 725 2737 840 2769; x_wconf 75' lang='lat' dir='ltr'><strong>laurea</strong></span> <span class='ocrx_word' id='word_1_362' title='bbox 862 2747 897 2769; x_wconf 86' lang='lat' dir='ltr'><strong>se</strong></span> <span class='ocrx_word' id='word_1_363' title='bbox 913 2737 1047 2778; x_wconf 68' lang='lat' dir='ltr'><strong>poetica</strong></span> 
     </span>
     <span class='ocr_line' id='line_1_49' title="bbox 369 2782 631 2822; baseline 0.008 -10"><span class='ocrx_word' id='word_1_364' title='bbox 369 2782 486 2822; x_wconf 82' lang='lat' dir='ltr'><strong>dignos</strong></span> <span class='ocrx_word' id='word_1_365' title='bbox 502 2786 631 2822; x_wconf 86' lang='lat' dir='ltr'><strong>putent.</strong></span> 
     </span>
    </p>
   </div>
   <div class='ocr_carea' id='block_1_13' title="bbox 1096 2051 1813 2825">
    <p class='ocr_par' dir='ltr' id='par_1_19' title="bbox 1096 2051 1813 2531">
     <span class='ocr_line' id='line_1_50' title="bbox 1140 2051 1813 2092; baseline 0.003 -10"><span class='ocrx_word' id='word_1_366' title='bbox 1140 2053 1180 2082; x_wconf 87' lang='grc'><strong>97</strong></span> <span class='ocrx_word' id='word_1_367' title='bbox 1205 2051 1370 2090; x_wconf 60' lang='lat' dir='ltr'><strong>caedimur,</strong></span> <span class='ocrx_word' id='word_1_368' title='bbox 1390 2054 1421 2081; x_wconf 84' lang='lat' dir='ltr'><strong>et</strong></span> <span class='ocrx_word' id='word_1_369' title='bbox 1441 2051 1577 2087; x_wconf 62' lang='lat' dir='ltr'><strong>tolidem</strong></span> <span class='ocrx_word' id='word_1_370' title='bbox 1601 2052 1670 2092; x_wconf 60' lang='lat' dir='ltr'><strong>lfa]</strong></span> <span class='ocrx_word' id='word_1_371' title='bbox 1692 2052 1781 2084; x_wconf 76' lang='lat' dir='ltr'><strong>lnvi-</strong></span> <span class='ocrx_word' id='word_1_372' title='bbox 1808 2072 1813 2076; x_wconf 48' lang='grc' dir='ltr'><em>ι</em></span> 
     </span>
     <span class='ocr_line' id='line_1_51' title="bbox 1099 2100 1780 2140; baseline 0.003 -9"><span class='ocrx_word' id='word_1_373' title='bbox 1099 2109 1172 2131; x_wconf 86' lang='lat' dir='ltr'><strong>cem</strong></span> <span class='ocrx_word' id='word_1_374' title='bbox 1188 2100 1280 2140; x_wconf 78' lang='lat' dir='ltr'><strong>quasi</strong></span> <span class='ocrx_word' id='word_1_375' title='bbox 1295 2100 1516 2135; x_wconf 80' lang='lat' dir='ltr'><strong>vulneramur,</strong></span> <span class='ocrx_word' id='word_1_376' title='bbox 1538 2105 1573 2130; x_wconf 89' lang='lat' dir='ltr'><strong>et</strong></span> <span class='ocrx_word' id='word_1_377' title='bbox 1588 2100 1780 2133; x_wconf 72' lang='lat' dir='ltr'><strong>conficimur</strong></span> 
     </span>
     <span class='ocr_line' id='line_1_52' title="bbox 1099 2146 1780 2189; baseline 0.003 -10"><span class='ocrx_word' id='word_1_378' title='bbox 1099 2148 1190 2179; x_wconf 88' lang='lat' dir='ltr'><strong>inani</strong></span> <span class='ocrx_word' id='word_1_379' title='bbox 1215 2148 1328 2188; x_wconf 84' lang='lat' dir='ltr'><strong>gloriae</strong></span> <span class='ocrx_word' id='word_1_380' title='bbox 1354 2147 1509 2188; x_wconf 87' lang='lat' dir='ltr'><strong>opinione</strong></span> <span class='ocrx_word' id='word_1_381' title='bbox 1531 2146 1680 2189; x_wconf 72' lang='lat' dir='ltr'><strong>decepti,</strong></span> <span class='ocrx_word' id='word_1_382' title='bbox 1693 2148 1780 2181; x_wconf 58' lang='lat' dir='ltr'><strong>tium</strong></span> 
     </span>
     <span class='ocr_line' id='line_1_53' title="bbox 1098 2196 1780 2237; baseline 0.003 -10"><span class='ocrx_word' id='word_1_383' title='bbox 1098 2197 1221 2228; x_wconf 87' lang='lat' dir='ltr'><strong>mutuis</strong></span> <span class='ocrx_word' id='word_1_384' title='bbox 1249 2196 1402 2228; x_wconf 84' lang='lat' dir='ltr'><strong>laudibus</strong></span> <span class='ocrx_word' id='word_1_385' title='bbox 1431 2197 1589 2237; x_wconf 80' lang='lat' dir='ltr'><strong>vanisque</strong></span> <span class='ocrx_word' id='word_1_386' title='bbox 1611 2197 1719 2229; x_wconf 80' lang='lat' dir='ltr'><strong>titulis</strong></span> <span class='ocrx_word' id='word_1_387' title='bbox 1743 2203 1780 2230; x_wconf 85' lang='lat' dir='ltr'><strong>et</strong></span> 
     </span>
     <span class='ocr_line' id='line_1_54' title="bbox 1099 2246 1779 2286; baseline 0.001 -9"><span class='ocrx_word' id='word_1_388' title='bbox 1099 2246 1214 2286; x_wconf 82' lang='lat' dir='ltr'><strong>elogiis</strong></span> <span class='ocrx_word' id='word_1_389' title='bbox 1224 2246 1280 2277; x_wconf 83' lang='lat' dir='ltr'><strong>alii</strong></span> <span class='ocrx_word' id='word_1_390' title='bbox 1293 2246 1374 2276; x_wconf 75' lang='lat' dir='ltr'><strong>ulios</strong></span> <span class='ocrx_word' id='word_1_391' title='bbox 1387 2255 1561 2286; x_wconf 81' lang='lat' dir='ltr'><strong>perperam</strong></span> <span class='ocrx_word' id='word_1_392' title='bbox 1570 2255 1779 2278; x_wconf 73' lang='lat' dir='ltr'><strong>exornamus.</strong></span> 
     </span>
     <span class='ocr_line' id='line_1_55' title="bbox 1098 2293 1782 2326; baseline 0.001 -1"><span class='ocrx_word' id='word_1_393' title='bbox 1098 2293 1167 2325; x_wconf 86' lang='lat' dir='ltr'><strong>Alii</strong></span> <span class='ocrx_word' id='word_1_394' title='bbox 1182 2294 1224 2325; x_wconf 89' lang='lat' dir='ltr'><strong>de</strong></span> <span class='ocrx_word' id='word_1_395' title='bbox 1239 2294 1404 2324; x_wconf 87' lang='lat' dir='ltr'><strong>recitandi</strong></span> <span class='ocrx_word' id='word_1_396' title='bbox 1417 2298 1451 2324; x_wconf 88' lang='lat' dir='ltr'><strong>et</strong></span> <span class='ocrx_word' id='word_1_397' title='bbox 1467 2293 1623 2326; x_wconf 83' lang='lat' dir='ltr'><strong>audiendi</strong></span> <span class='ocrx_word' id='word_1_398' title='bbox 1637 2294 1782 2326; x_wconf 83' lang='lat' dir='ltr'><strong>vicissim</strong></span> 
     </span>
     <span class='ocr_line' id='line_1_56' title="bbox 1096 2341 1782 2383; baseline -0.001 -8"><span class='ocrx_word' id='word_1_399' title='bbox 1096 2344 1236 2375; x_wconf 75' lang='lat' dir='ltr'><strong>molesta</strong></span> <span class='ocrx_word' id='word_1_400' title='bbox 1250 2343 1474 2383; x_wconf 78' lang='lat' dir='ltr'><strong>occupatione</strong></span> <span class='ocrx_word' id='word_1_401' title='bbox 1486 2342 1690 2382; x_wconf 77' lang='lat' dir='ltr'><strong>intelligunt,</strong></span> <span class='ocrx_word' id='word_1_402' title='bbox 1700 2341 1782 2374; x_wconf 76' lang='lat' dir='ltr'><strong>affe·</strong></span> 
     </span>
     <span class='ocr_line' id='line_1_57' title="bbox 1098 2390 1780 2433; baseline 0 -9"><span class='ocrx_word' id='word_1_403' title='bbox 1098 2397 1240 2433; x_wconf 85' lang='lat' dir='ltr'><strong>runtque</strong></span> <span class='ocrx_word' id='word_1_404' title='bbox 1255 2391 1336 2423; x_wconf 88' lang='lat' dir='ltr'><strong>illud</strong></span> <span class='ocrx_word' id='word_1_405' title='bbox 1351 2401 1394 2422; x_wconf 84' lang='lat' dir='ltr'><strong>ex</strong></span> <span class='ocrx_word' id='word_1_406' title='bbox 1407 2390 1494 2422; x_wconf 83' lang='lat' dir='ltr'><strong>Arte</strong></span> <span class='ocrx_word' id='word_1_407' title='bbox 1505 2390 1643 2422; x_wconf 70' lang='lat' dir='ltr'><strong>Poetica</strong></span> <span class='ocrx_word' id='word_1_408' title='bbox 1657 2402 1666 2422; x_wconf 88' lang='lat'><strong>:</strong></span> <span class='ocrx_word' id='word_1_409' title='bbox 1690 2392 1700 2410; x_wconf 92' lang='lat'>‘</span> <span class='ocrx_word' id='word_1_410' title='bbox 1712 2392 1780 2424; x_wconf 85' lang='lat' dir='ltr'><strong>Re-</strong></span> 
     </span>
     <span class='ocr_line' id='line_1_58' title="bbox 1099 2440 1784 2481; baseline 0.001 -8"><span class='ocrx_word' id='word_1_411' title='bbox 1099 2442 1220 2474; x_wconf 83' lang='lat' dir='ltr'><strong>citator</strong></span> <span class='ocrx_word' id='word_1_412' title='bbox 1235 2441 1388 2481; x_wconf 83' lang='lat' dir='ltr'><strong>acerbus,</strong></span> <span class='ocrx_word' id='word_1_413' title='bbox 1404 2450 1502 2481; x_wconf 85' lang='lat' dir='ltr'><strong>quem</strong></span> <span class='ocrx_word' id='word_1_414' title='bbox 1518 2440 1672 2481; x_wconf 80' lang='lat' dir='ltr'><strong>arripuit,</strong></span> <span class='ocrx_word' id='word_1_415' title='bbox 1687 2445 1784 2476; x_wconf 83' lang='lat' dir='ltr'><strong>tenet</strong></span> 
     </span>
     <span class='ocr_line' id='line_1_59' title="bbox 1098 2488 1781 2531; baseline 0.001 -9"><span class='ocrx_word' id='word_1_416' title='bbox 1098 2491 1290 2531; x_wconf 83' lang='lat' dir='ltr'><strong>occiditque</strong></span> <span class='ocrx_word' id='word_1_417' title='bbox 1305 2488 1472 2530; x_wconf 87' lang='lat' dir='ltr'><strong>legendo‚’</strong></span> <span class='ocrx_word' id='word_1_418' title='bbox 1485 2489 1550 2520; x_wconf 22' lang='lat' dir='ltr'><strong>sed*</strong></span> <span class='ocrx_word' id='word_1_419' title='bbox 1560 2489 1668 2522; x_wconf 84' lang='lat' dir='ltr'><strong>minus</strong></span> <span class='ocrx_word' id='word_1_420' title='bbox 1683 2490 1781 2523; x_wconf 84' lang='lat' dir='ltr'><strong>bene.</strong></span> 
     </span>
    </p>

    <p class='ocr_par' dir='ltr' id='par_1_20' title="bbox 1096 2538 1782 2825">
     <span class='ocr_line' id='line_1_60' title="bbox 1140 2538 1779 2580; baseline 0 -8"><span class='ocrx_word' id='word_1_421' title='bbox 1140 2544 1181 2572; x_wconf 86' lang='grc'><strong>98</strong></span> <span class='ocrx_word' id='word_1_422' title='bbox 1202 2541 1298 2572; x_wconf 78' lang='lat' dir='ltr'><strong>Lento</strong></span> <span class='ocrx_word' id='word_1_423' title='bbox 1312 2539 1477 2580; x_wconf 73' lang='lat' dir='ltr'><strong>Samnites,</strong></span> <span class='ocrx_word' id='word_1_424' title='bbox 1488 2538 1555 2579; x_wconf 52' lang='grc' dir='ltr'><strong>ξφ]</strong></span> <span class='ocrx_word' id='word_1_425' title='bbox 1588 2539 1713 2571; x_wconf 80' lang='lat' dir='ltr'><strong>Parnm</strong></span> <span class='ocrx_word' id='word_1_426' title='bbox 1735 2541 1779 2572; x_wconf 78' lang='lat' dir='ltr'><strong>ad</strong></span> 
     </span>
     <span class='ocr_line' id='line_1_61' title="bbox 1096 2589 1780 2629; baseline -0.001 -7"><span class='ocrx_word' id='word_1_427' title='bbox 1096 2601 1167 2622; x_wconf 88' lang='lat' dir='ltr'><strong>rem</strong></span> <span class='ocrx_word' id='word_1_428' title='bbox 1185 2594 1239 2622; x_wconf 84' lang='lat' dir='ltr'><strong>est</strong></span> <span class='ocrx_word' id='word_1_429' title='bbox 1256 2589 1440 2621; x_wconf 77' lang='lat' dir='ltr'><strong>Samnitum</strong></span> <span class='ocrx_word' id='word_1_430' title='bbox 1453 2589 1609 2629; x_wconf 77' lang='lat' dir='ltr'><strong>pertinax</strong></span> <span class='ocrx_word' id='word_1_431' title='bbox 1623 2589 1780 2622; x_wconf 69' lang='lat' dir='ltr'><strong>adversus</strong></span> 
     </span>
     <span class='ocr_line' id='line_1_62' title="bbox 1096 2638 1778 2679; baseline -0.001 -8"><span class='ocrx_word' id='word_1_432' title='bbox 1096 2641 1264 2671; x_wconf 83' lang='lat' dir='ltr'><strong>Romanos</strong></span> <span class='ocrx_word' id='word_1_433' title='bbox 1279 2638 1321 2670; x_wconf 85' lang='lat' dir='ltr'><strong>ad</strong></span> <span class='ocrx_word' id='word_1_434' title='bbox 1337 2638 1435 2669; x_wconf 85' lang='lat' dir='ltr'><strong>finem</strong></span> <span class='ocrx_word' id='word_1_435' title='bbox 1451 2647 1553 2678; x_wconf 79' lang='lat' dir='ltr'><strong>usque</strong></span> <span class='ocrx_word' id='word_1_436' title='bbox 1573 2638 1640 2669; x_wconf 88' lang='lat' dir='ltr'><strong>diei</strong></span> <span class='ocrx_word' id='word_1_437' title='bbox 1655 2647 1778 2679; x_wconf 76' lang='lat' dir='ltr'><strong>pugna,</strong></span> 
     </span>
     <span class='ocr_line' id='line_1_63' title="bbox 1097 2685 1776 2729; baseline -0.004 -9"><span class='ocrx_word' id='word_1_438' title='bbox 1097 2689 1139 2720; x_wconf 86' lang='lat' dir='ltr'><strong>de</strong></span> <span class='ocrx_word' id='word_1_439' title='bbox 1155 2698 1221 2729; x_wconf 82' lang='lat' dir='ltr'><strong>qua</strong></span> <span class='ocrx_word' id='word_1_440' title='bbox 1236 2688 1309 2719; x_wconf 82' lang='lat' dir='ltr'><strong>Liv.</strong></span> <span class='ocrx_word' id='word_1_441' title='bbox 1323 2687 1382 2718; x_wconf 84' lang='lat' dir='ltr'><strong>lib.</strong></span> <span class='ocrx_word' id='word_1_442' title='bbox 1394 2695 1445 2717; x_wconf 76' lang='lat' dir='ltr'><strong>rx.</strong></span> <span class='ocrx_word' id='word_1_443' title='bbox 1461 2690 1497 2718; x_wconf 89' lang='lat' dir='ltr'><strong>et</strong></span> <span class='ocrx_word' id='word_1_444' title='bbox 1511 2686 1655 2718; x_wconf 72' lang='lat' dir='ltr'><strong>Ennius:</strong></span> <span class='ocrx_word' id='word_1_445' title='bbox 1677 2687 1687 2705; x_wconf 79' lang='lat'><em>⁶</em></span> <span class='ocrx_word' id='word_1_446' title='bbox 1697 2685 1776 2718; x_wconf 75' lang='lat' dir='ltr'><strong>Bel-</strong></span> 
     </span>
     <span class='ocr_line' id='line_1_64' title="bbox 1097 2735 1778 2777; baseline -0.006 -9"><span class='ocrx_word' id='word_1_447' title='bbox 1097 2739 1164 2768; x_wconf 85' lang='lat' dir='ltr'><strong>lum</strong></span> <span class='ocrx_word' id='word_1_448' title='bbox 1192 2736 1296 2777; x_wconf 75' lang='lat' dir='ltr'><strong>aequis</strong></span> <span class='ocrx_word' id='word_1_449' title='bbox 1321 2735 1470 2766; x_wconf 82' lang='lat' dir='ltr'><strong>manibus</strong></span> <span class='ocrx_word' id='word_1_450' title='bbox 1490 2743 1557 2766; x_wconf 87' lang='lat' dir='ltr'><strong>nox</strong></span> <span class='ocrx_word' id='word_1_451' title='bbox 1577 2735 1778 2774; x_wconf 80' lang='lat' dir='ltr'><strong>intempesta</strong></span> 
     </span>
     <span class='ocr_line' id='line_1_65' title="bbox 1098 2781 1782 2825; baseline -0.004 -8"><span class='ocrx_word' id='word_1_452' title='bbox 1098 2785 1254 2817; x_wconf 85' lang='lat' dir='ltr'><strong>diremit.&#39;</strong></span> <span class='ocrx_word' id='word_1_453' title='bbox 1299 2784 1419 2825; x_wconf 79' lang='lat' dir='ltr'><strong>Aptius</strong></span> <span class='ocrx_word' id='word_1_454' title='bbox 1448 2791 1528 2822; x_wconf 84' lang='lat' dir='ltr'><strong>ergo</strong></span> <span class='ocrx_word' id='word_1_455' title='bbox 1555 2781 1782 2823; x_wconf 68' lang='lat' dir='ltr'><strong>intelligemus,</strong></span> 
     </span>
    </p>
   </div>
  </div>
 </body>
</html>
