1904 3216
380 271 489 312 1654

379 373 462 405 ficiis
479 380 623 413 praeesse
640 369 849 402 credebatur.
881 369 960 399 Eam
976 367 1059 398 coelo

380 421 590 453 devocabant
618 417 787 452 veneficae,
825 426 890 457 quo
928 416 1061 456 propior

380 471 480 510 facta,
498 469 636 509 majores
653 467 775 505 herbis,
792 475 866 507 quae
891 468 990 496 noctu
1014 465 1060 495 le-

382 521 555 560 gebantur,
571 517 655 547 vires
670 514 874 546 infunderet.
917 512 981 544 Sed
997 521 1061 553 quo

382 568 510 608 plenior
526 570 598 596 erat
611 566 699 604 luna,
713 573 752 595 eo
767 562 936 594 veneficiis
951 560 1060 592 effica-

381 616 452 646 cior
465 614 663 654 putabatur:
683 621 744 642 nec
758 616 882 642 temere
896 619 962 640 rem
974 619 1063 649 mag-

381 674 466 703 nam,
492 664 551 695 nisi
569 661 1061 704 plenilunio,aggrediebantur.

380 714 446 745 Sed
461 714 547 754 quod
563 711 794 743 ‘succinctam’
808 710 954 742 Canidiae
970 713 978 726 ¹
993 708 1063 748 pal·

380 762 461 792 lam'
490 761 619 800 tribuit,
646 770 687 791 eo
713 759 844 800 quidem
873 759 914 789 ab
939 757 1062 789 Ovidio

380 811 570 850 discrepare
591 809 740 846 videtur;
764 808 823 838 sed
840 808 880 838 de
905 807 992 847 palla
1014 807 1062 837 Ιο-

381 859 504 898 quitur,
520 868 605 900 quae,
621 857 707 898 quod
724 857 851 896 longior
874 860 975 894 esset,
989 864 1061 886 suc-

380 908 465 947 cingi
481 907 627 947 quidem,
639 907 702 937 hoc
715 910 780 944 est,
791 905 920 935 sustolli
932 903 1061 942 debuit,

379 967 420 987 ne
435 965 581 995 gressum
596 954 787 994 impediret,
803 958 839 983 et
852 951 1063 983 nihilominus

380 1004 526 1035 defluere
549 1004 698 1034 cinctura
719 1002 840 1042 potuit.
884 1002 972 1032 Sane
987 1001 1063 1031 Ser-

381 1054 452 1084 vius
474 1053 507 1083 in
527 1052 607 1083 illud
623 1051 778 1091 Virgilii:
806 1051 816 1068 ‘
834 1050 944 1080 Unum
961 1054 1064 1080 exuta

380 1101 499 1142 pedem
516 1101 632 1132 vinclis
649 1101 680 1130 in
702 1106 794 1131 veste
817 1098 991 1136 recincta‚’
1006 1107 1064 1128 an-

380 1151 508 1182 notavit
524 1151 556 1181 in
574 1149 676 1180 sacris
688 1149 767 1180 nihil
780 1148 887 1179 solere
901 1156 974 1178 esse
993 1147 1067 1178 reli-

383 1206 508 1240 gatum,
535 1201 604 1240 ejus
632 1199 829 1239 praesertim,
851 1207 925 1238 quae
954 1206 1066 1229 amore

384 1250 465 1281 solvi
481 1250 593 1280 vellet.
619 1250 759 1280 Torrent-

425 1300 466 1328 22
489 1297 623 1338 Legunt]
645 1297 821 1337 Colligant.

425 1350 465 1378 23
494 1348 566 1378 Vidi
591 1349 707 1386 egomet
728 1346 835 1386 nigra]
856 1344 1024 1375 Videlicet
1048 1353 1067 1375 e

385 1397 453 1427 ritu
487 1401 522 1427 et
558 1396 799 1427 consuetudine
830 1399 1066 1424 nocturnorum

386 1455 553 1478 sacrorum
593 1450 628 1475 et
662 1444 910 1474 veneficiorum.
980 1442 1067 1472 Vide

383 1495 529 1526 Turneb.
553 1503 601 1524 vr.
630 1497 678 1524 10.
729 1492 922 1524 succinctam
944 1491 1068 1530 vadere]

385 1542 599 1583 Expeditam.

425 1595 464 1623 25
490 1593 608 1630 quore
621 1590 801 1629 ululantem]
824 1590 912 1620 Hinc
927 1594 1068 1629 apparet

386 1641 466 1671 duas
483 1641 584 1670 fuisse
601 1641 763 1678 Saganas,
779 1638 936 1677 majorem
953 1644 987 1668 et
1009 1638 1067 1668 mi-

387 1698 511 1720 norem.
542 1688 619 1719 Vid.
633 1687 779 1718 Turneb.
803 1695 858 1717 xv.
877 1690 903 1716 1.

429 1741 469 1768 26
494 1737 633 1776 Scalpere
662 1734 791 1774 terram]
825 1734 879 1764 Ita
906 1738 941 1764 et
967 1733 1069 1764 ovid.

388 1787 398 1804 ‘
413 1787 511 1819 Haud
535 1786 649 1826 procul
673 1788 788 1825 egesta
811 1783 983 1814 scrobibus
1007 1784 1068 1813 tel-

388 1839 462 1868 lure
491 1836 618 1867 duabus
649 1835 755 1866 Sacra
779 1832 884 1864 facit:
937 1833 1070 1863 Fossam

390 1889 476 1918 enim
499 1887 660 1926 magicam
685 1882 860 1925 significat,
875 1883 917 1913 de
933 1892 999 1923 qua
1011 1883 1071 1913 eti-

390 1947 441 1967 am
459 1937 623 1967 Homerus
639 1935 807 1974 Odyss.A.
833 1932 909 1963 Vid.
921 1931 1071 1962 Turneb.

389 1996 441 2017 vr.
461 1989 509 2017 10.
536 1986 674 2016 Tor-rent.
711 1983 851 2022 Scalpere
866 1980 994 2019 terram]
1009 1981 1071 2011 Fo-

389 2035 482 2067 dere.

431 2089 471 2116 27
500 2086 543 2115 Et
566 2086 679 2124 pullam
699 2082 854 2121 divellere]
877 2082 921 2112 Et
945 2080 1071 2119 nigram

393 2143 509 2172 agnam
522 2133 679 2163 dentibus
694 2132 895 2169 discerpere.
933 2128 1071 2167 PuIlam]

390 2182 512 2212 Tibull.
529 2181 586 2211 lib.
604 2190 627 2210 ι.
650 2185 658 2198 ‘
671 2181 716 2211 Et
737 2188 787 2209 me
805 2177 958 2208 lustravit
973 2176 1071 2214 tedis,

391 2234 426 2262 et
449 2234 549 2261 nocte
571 2228 683 2260 silenti
699 2226 854 2259 Concidit
869 2225 911 2256 ad
927 2225 1072 2264 magicos

391 2279 500 2310 hostia
533 2278 627 2318 pulla
657 2276 773 2308 Deos.'
829 2275 896 2305 Pro
931 2274 1073 2310 confusus

392 2328 492 2359 etiam
507 2327 640 2368 diffusus
653 2325 779 2357 habent
795 2325 860 2355 duo
876 2323 973 2354 codd.
999 2323 1073 2353 Tor-

391 2381 471 2408 rent.
513 2377 652 2417 [Vm-5.
671 2375 848 2412 ἀίων-ἔρνη
871 2373 951 2404 Vat.
975 2372 1073 2404 Rom.

394 2429 422 2457 1.
434 2430 470 2457 et
483 2429 514 2456 5.
529 2424 700 2463 devellere]

433 2477 474 2506 28
498 2475 598 2505 Cruor
610 2474 644 2504 in
654 2473 773 2511 fossam
787 2471 927 2510 confusus
940 2475 975 2502 ut
989 2471 1075 2510 inde]

392 2526 500 2558 Cruor
512 2534 606 2565 agnae
623 2523 803 2563 discerptae
819 2523 853 2553 in
868 2521 992 2553 fossam
1007 2526 1073 2552 ter-

392 2583 461 2605 ram
479 2573 635 2604 mittitur.

434 2625 476 2653 29
501 2622 624 2653 Maneis
636 2621 788 2659 elicerent,
803 2621 922 2652 animus
935 2629 1073 2659 responsa

392 2671 532 2711 daturas]
569 2669 780 2708 Ἐπεξήγησις.
840 2670 949 2700 Manes
985 2669 1073 2699 enim

394 2725 470 2749 sunt
484 2721 599 2750 auimae
614 2729 633 2750 a
648 2728 789 2758 corpore
805 2719 975 2757 sejunctae,
990 2727 1072 2758 quas

393 2767 577 2800 istiusmodi
591 2767 762 2799 sacrificiis
780 2767 855 2798 elici
875 2765 1071 2806 credebant,

827 278 964 308 NOTAE
999 276 1253 306 VARIORUM
1288 276 1338 306 ΙΝ

1109 367 1195 398 unde
1214 366 1398 406 ψυχαγωγία
1413 366 1504 398 dicta
1519 375 1560 398 ea
1574 367 1712 408 magicae
1725 369 1788 400 sci-

1109 415 1208 446 entiae
1233 425 1320 456 pars.
1337 415 1463 446 Tibull.
1485 417 1494 433 ‘
1514 415 1597 447 Haec
1613 421 1715 447 cantu
1728 415 1790 447 fln-

1109 462 1224 503 ditque
1263 463 1379 502 solum,
1411 472 1588 504 manesque
1628 463 1790 503 sepulcris

1110 511 1222 551 Elicit,
1248 516 1283 542 et
1309 511 1422 551 tepido
1447 511 1588 543 devocat
1603 521 1674 542 ossa
1687 511 1790 552 rogo?

1111 561 1248 592 Torrent.
1292 561 1564 601 Munenelicerent]
1581 561 1790 592 Mortuerum

1111 610 1234 640 animas
1250 611 1449 641 excitarent.

1151 661 1192 689 30
1215 658 1334 698 Lanea]
1364 659 1441 689 Non
1468 668 1540 689 sum
1562 658 1693 689 nescius
1718 661 1792 689 tota

1110 708 1172 738 hac
1199 707 1321 748 Satyra
1351 708 1452 739 rideri
1482 707 1643 747 magicam
1666 707 1791 738 vanita-

1112 761 1177 787 tem
1196 769 1204 795 ;
1226 757 1284 787 sed
1311 762 1419 788 tamen
1445 758 1531 798 quod
1555 759 1643 789 lanea
1657 762 1731 788 erat
1746 757 1795 788 al-

1111 809 1183 836 tera
1204 807 1330 846 ffgies,
1355 816 1428 846 quae
1455 815 1587 837 ceream
1609 805 1794 844 coerceret,

1111 863 1152 884 eo
1175 853 1317 885 fortasse
1341 859 1487 894 spectat,
1501 854 1588 895 quod
1604 855 1709 885 laneae
1725 853 1795 885 effi—

1112 906 1182 945 gies
1197 906 1440 946 Compitalibus
1455 911 1557 937 noctu
1571 906 1737 936 dabantur
1759 905 1794 935 iu

1113 956 1277 995 Compita,
1304 960 1354 987 tot
1384 966 1533 995 numero,
1561 962 1644 998 quot
1672 956 1794 988 liberos

1112 1005 1259 1036 homines
1301 1005 1525 1045 precabantur
1563 1005 1670 1035 salvos
1711 1013 1795 1035 esse.

1111 1055 1120 1071 ‘
1138 1053 1312 1094 Compita’
1330 1059 1441 1084 autem
1457 1053 1598 1084 Laribus
1613 1061 1720 1091 sacra,
1742 1061 1796 1082 eo-

1115 1113 1252 1144 rumque
1265 1103 1336 1134 dies
1349 1102 1454 1134 festus
1468 1102 1690 1143 ‘Compitalia
1700 1100 1710 1116 '
1725 1101 1796 1132 dic-

1114 1156 1160 1183 ta.
1221 1153 1295 1184 Nec
1326 1152 1416 1183 aliud
1445 1151 1651 1192 putabantur
1683 1151 1796 1185 Lares,

1114 1211 1211 1243 quarn
1240 1202 1358 1233 animae
1387 1201 1555 1240 hominum
1585 1199 1732 1231 redactae
1762 1208 1796 1230 m

1116 1261 1289 1283 numerum
1318 1252 1479 1283 deorum:
1511 1254 1627 1282 auctor
1663 1250 1796 1281 Festus.

1115 1302 1224 1333 Taceo
1250 1302 1337 1332 lanae
1365 1302 1399 1332 in
1425 1300 1564 1341 nuptiis,
1581 1300 1614 1330 in
1628 1298 1796 1330 flaminum

1117 1350 1223 1390 pileis,
1251 1350 1445 1381 hostiarium
1472 1348 1599 1389 infulis,
1626 1348 1659 1379 in
1686 1348 1796 1387 sepul-

1116 1399 1195 1436 cris,
1226 1399 1258 1429 iu
1289 1397 1536 1438 expiationibus
1569 1406 1674 1428 usum.
1711 1396 1797 1428 Torr.

1116 1449 1221 1479 Lanea
1246 1451 1275 1479 et
1303 1446 1431 1488 effigies]
1452 1446 1540 1477 Duae
1562 1450 1659 1476 erant
1682 1445 1798 1484 imagi·

1117 1506 1187 1531 nes,
1210 1497 1317 1527 altera
1339 1497 1447 1533 lanea,
1462 1496 1566 1526 altera
1581 1503 1689 1526 cerea.
1726 1494 1797 1524 Mn·

1107 1545 1176 1584 jor]
1199 1544 1310 1583 Major
1339 1542 1465 1583 effigies
1494 1547 1567 1573 erat
1591 1543 1697 1576 lanea,
1723 1551 1797 1581 quae

1117 1592 1318 1630 inferiorem,
1343 1591 1377 1622 id
1403 1594 1467 1626 est,
1493 1599 1625 1622 ceream
1648 1589 1799 1620 verbera-

1118 1647 1182 1674 ret.

1159 1693 1200 1721 32
1224 1690 1390 1721 Servilibns
1415 1688 1522 1727 utque]
1547 1689 1626 1719 Duo
1645 1688 1742 1720 codd.
1763 1692 1799 1718 ut

1119 1748 1184 1778 quae
1197 1739 1272 1768 Jam
1284 1738 1377 1777 perit.
1415 1737 1511 1768 Quod
1529 1736 1661 1767 tametsi
1670 1736 1799 1767 Lambi-

1119 1796 1180 1818 nus
1197 1787 1345 1824 damnat,
1361 1785 1439 1815 mihi
1454 1793 1532 1815 sane
1548 1793 1611 1814 non
1634 1783 1800 1824 displicet.

1121 1836 1247 1875 Lepide
1271 1844 1348 1866 vero
1371 1833 1492 1865 Horat.
1507 1837 1675 1873 tamquam
1689 1833 1802 1863 servili

1121 1885 1288 1924 supplicio
1313 1881 1398 1914 affici
1427 1882 1474 1912 ait
1497 1891 1583 1920 eam,
1605 1891 1679 1921 quae
1701 1881 1800 1911 nimio

1121 1933 1194 1974 plus
1211 1936 1394 1972 pateretur.
1439 1930 1525 1962 Nam
1545 1931 1578 1960 in
1600 1938 1713 1960 servos
1735 1939 1800 1960 uon

1122 1983 1218 2014 modo
1234 1982 1451 2019 dominorum,
1465 1979 1522 2011 sed
1539 1983 1575 2011 et
1593 1980 1703 2020 legum
1725 1984 1801 2010 nota

1121 2032 1200 2062 olim
1226 2031 1382 2062 atrocitas
1405 2030 1447 2060 ob
1474 2029 1672 2060 conditionis
1694 2029 1801 2059 vilita-

1123 2085 1200 2110 tem.
1233 2080 1372 2110 Torrent.
1429 2077 1598 2109 servilibus
1624 2077 1729 2118 utque]
1753 2078 1802 2108 Ut

1121 2128 1355 2159 miserabiliter
1371 2126 1528 2166 peritura.
1557 2127 1652 2166 [Vat.
1667 2129 1699 2157 4.
1713 2130 1802 2164 aeque

1120 2178 1181 2216 rat-J

1161 2228 1201 2256 33
1238 2224 1378 2255 Hecaten
1407 2222 1509 2262 vocat]
1552 2223 1800 2263 Proserpinam,

1121 2283 1194 2315 quae
1212 2273 1342 2304 Hecate
1362 2273 1529 2303 nominata
1549 2276 1612 2307 est,
1638 2273 1690 2303 vel
1713 2274 1800 2313 quod

1122 2326 1254 2354 centum
1285 2321 1426 2352 victimis
1457 2323 1508 2352 est
1536 2320 1706 2360 placanda,
1746 2322 1801 2351 vel

1123 2371 1211 2413 quod
1228 2376 1361 2402 centum
1379 2379 1481 2401 annos
1497 2378 1610 2400 errare
1635 2368 1734 2400 faciat
1757 2369 1804 2400 in-

1124 2422 1283 2462 sepultos.
1309 2421 1403 2460 Cruq.
1444 2420 1584 2451 Hecaten
1598 2418 1701 2458 vocat]
1718 2419 1800 2451 Pro-

1104 2504 1111 2512 „
1124 2471 1290 2512 serpinam
1306 2470 1494 2501 umbrarum
1510 2468 1685 2500 dominam.

1165 2522 1205 2551 34
1222 2518 1428 2559 Tisiphonem]
1451 2519 1558 2549 Unam
1574 2527 1615 2548 ex
1631 2517 1735 2549 tribus
1749 2516 1800 2548 fu-

1123 2570 1192 2609 riis,
1209 2577 1283 2609 quae
1299 2566 1409 2598 caedes
1423 2566 1608 2598 ulciscitur.
1642 2565 1801 2606 Serpentes

1122 2623 1212 2659 aeque
1223 2618 1341 2648 videres
1351 2615 1495 2654 Infernas
1505 2624 1607 2647 errare
1614 2615 1718 2656 canes]
1731 2615 1799 2646 He·

1123 2673 1207 2700 catae
1227 2666 1431 2705 Tisiphonen
1459 2664 1680 2704 adjunxerat3
1714 2671 1800 2694 nunc

1123 2725 1223 2749 canes
1250 2715 1311 2750 illi,
1338 2714 1414 2745 huic
1433 2717 1607 2753 serpentes
1635 2711 1799 2746 attribuit,

1123 2766 1242 2806 quibus
1259 2763 1430 2804 utriusque
1441 2762 1511 2794 deae
1526 2761 1685 2794 adventus
1701 2759 1801 2799 signi-
