1890 3230
443 284 654 316 noRA'rn
687 282 961 322 sannionum
997 282 1089 312 ms.
1122 283 1173 312 11.
1202 273 1243 314 5.

122 381 243 415 liaeres.
263 380 290 411 si
314 388 438 421 corpus
461 378 649 411 testatricis
669 378 744 410 oleo
759 386 814 408 co-

121 432 216 470 pioso
230 430 403 462 inunctum
419 428 516 460 nudis
536 428 682 460 humeris
700 430 814 468 porta-

122 484 189 512 ret.

165 532 207 562 8⁸1
233 529 324 561 Elabt‘
346 530 375 561 si
392 533 495 571 posset
508 528 645 568 mortua]
669 526 814 566 Elegans

121 578 266 611 locutio:
291 588 353 610 nec
376 580 503 620 placet,
527 578 615 619 quod
637 580 673 608 et
689 585 754 617 ego
767 580 815 607 ta-

122 637 199 660 men
229 628 263 659 in
291 628 421 668 aliquot
452 625 706 668 exemplaribus
733 625 815 666 legi,

121 677 200 709 elabi
221 680 252 709 et
275 677 320 708 sio
342 687 408 718 pos.
435 680 526 708 mort.
543 675 610 715 vel,
631 679 666 707 ut
687 675 734 706 sic
747 685 815 715 pos.

120 731 212 759 nort.
255 727 351 759 Anus
375 731 488 758 autem
517 726 575 758 illa
601 725 686 756 male
715 725 816 763 salsa,

120 776 245 818 (quare
267 781 302 807 et
322 777 332 794 ‘
347 775 532 816 improbam
546 774 555 788 ¹
579 778 690 814 vocat,
719 780 758 805 ut
781 773 815 804 in

121 835 158 857 re
187 836 255 858 non
287 826 428 857 multum
459 824 614 856 dissimili
651 822 815 854 Aristium

120 877 266 908 Fuscum
283 885 308 907 ι.
323 877 395 908 Sat.
410 875 462 916 9.)
477 884 521 907 ex
537 878 744 907 testamento
764 874 816 905 sic

120 931 173 957 est
193 926 297 962 elata,
320 926 374 957 vel
396 925 485 966 quod
509 933 584 956 eam
610 923 815 955 institutioni

119 974 350 1006 conditionem
377 973 619 1014 adscripserat,
645 972 699 1003 vel
725 971 816 1013 quod

120 1034 259 1065 gravem
283 1025 430 1066 aliquam
462 1032 594 1064 poenam
622 1022 816 1062 addiderat,

120 1075 155 1105 ni
174 1074 273 1106 lieres
298 1074 347 1106 sic
373 1073 527 1112 fecisset,
551 1078 591 1104 ut
616 1082 721 1113 supra
743 1072 818 1103 Sat.

120 1132 180 1155 ιιι.
204 1123 326 1157 ‘Quod
353 1124 388 1154 ni
413 1122 576 1155 fecissent
591 1123 817 1164 gladiatorum

120 1173 204 1205 dare
221 1178 358 1205 eentum
374 1174 536 1204 Damnati
552 1173 675 1213 populo
700 1171 818 1213 paria!

121 1223 199 1256 Quo
215 1233 337 1264 nempe
355 1227 516 1254 testatam
537 1221 670 1254 faceret
694 1222 817 1262 impor-

120 1273 288 1304 tunissimi
315 1273 490 1305 testatoris
517 1273 714 1314 nequitiam.
743 1271 818 1303 Tor-

62 1324 64 1327 '
119 1327 202 1356 rene.

162 1375 205 1404 88
239 1373 330 1409 Quod
359 1373 490 1405 nimium
518 1372 696 1414 institerat]
729 1373 819 1406 Quia

120 1421 222 1454 nimio
244 1421 357 1454 officio
380 1432 455 1455 eam
483 1423 592 1455 vivam
620 1429 818 1464 prosecutus

120 1470 247 1504 fuerat.

164 1524 207 1553 89
244 1521 317 1554 Neu
343 1522 426 1554 desis
452 1524 568 1564 operoe]
607 1524 714 1554 Vetus
744 1523 818 1554 baec

120 1573 302 1613 scriptura,
325 1582 386 1613 pro
409 1573 460 1604 Ne
475 1574 558 1605 desis
582 1581 707 1613 operoe3
730 1582 818 1613 prae-

119 1621 238 1652 scribit
253 1626 364 1658 autem
375 1622 546 1663 obsequiis
561 1622 708 1653 modum.
737 1621 818 1661 Ope-

119 1671 180 1712 τω]
202 1669 327 1702 Officio
340 1676 413 1703 tuo.
454 1671 547 1711 [Non
561 1673 643 1703 desis
659 1671 816 1711 Angelic.

120 1723 153 1751 2.
183 1721 234 1751 Ne
259 1720 342 1751 desis
367 1720 494 1750 Venet-
519 1722 614 1750 1490.
643 1720 744 1750 Dion.
775 1718 817 1749 ab

123 1769 249 1800 Harsio
261 1768 372 1809 Lugd.
385 1771 479 1799 1538.
490 1768 624 1810 Gryph.
641 1770 735 1799 1552.
750 1768 819 1799 Ve-

120 1822 192 1850 net.
206 1820 300 1850 1552.
315 1823 350 1849 et
362 1816 471 1857 Mun]

165 1870 208 1898 90
235 1867 327 1898 Ultro
352 1867 426 1898 Non
451 1866 547 1898 etiam
560 1866 670 1908 sileas]
693 1866 818 1898 Plures

122 1917 200 1949 libri
229 1918 338 1953 ultra5
365 1916 424 1948 sed
452 1917 532 1948 nihil
562 1923 668 1949 muto.
725 1918 818 1950 Ultra

123 1967 212 1999 enim
241 1976 302 2008 pro
327 1967 409 1998 ultro
435 1967 598 2008 scriptum
620 1976 710 2008 saepe
725 1967 818 1998 inve-

124 2019 211 2050 nias.
255 2018 349 2059 Lego
377 2023 492 2050 autem
519 2028 595 2050 cum
629 2019 818 2058 interroga-

124 2069 226 2101 tionis
246 2074 338 2110 nota,
361 2069 425 2100 hoc
449 2078 570 2100 sensu:
597 2068 633 2100 Si
649 2068 816 2100 hominem

124 2124 244 2151 nactus
279 2128 316 2151 es
349 2117 521 2151 difficilem
558 2129 598 2151 ac
636 2128 817 2158 morosum,

124 2169 243 2209 quales
266 2168 339 2200 fere
360 2174 440 2201 seint
463 2179 574 2209 senes,
590 2179 690 2211 quem
713 2167 816 2200 offen-

124 2218 207 2250 dant
219 2218 364 2258 garruli3
381 2218 497 2259 tu‚qui
513 2228 588 2249 eum
604 2223 738 2258 captas,
749 2228 815 2249 non

123 2269 214 2300 ultro
237 2272 350 2300 taceas
375 2268 501 2308 potius,
524 2277 624 2309 quam
641 2272 817 2308 expectes,

123 2324 163 2351 nt
177 2318 346 2351 silentium
357 2318 569 2357 imponatur?
587 2317 680 2347 Torr.
708 2315 818 2355 Ultro]

125 2369 195 2402 Qui
214 2376 280 2398 non
302 2369 506 2406 provocatus
521 2366 638 2404 garrit,
656 2363 820 2404 offendet,

126 2419 192 2448 &c.

167 2468 209 2496 91
236 2465 310 2496 Non
334 2463 428 2495 etiam
446 2463 551 2503 sileas]
573 2464 628 2495 Ne
654 2463 700 2495 sis
716 2464 819 2495 etiam

128 2514 264 2546 nimium
288 2513 486 2550 taciturnus.
529 2514 639 2545 Davus
663 2514 707 2545 sis
727 2515 821 2545 comi-

126 2563 196 2603 cus]
230 2564 338 2596 Indue
367 2573 542 2604 personam
569 2565 673 2604 Davi,
703 2563 821 2597 timide

127 2623 204 2646 cum
219 2613 355 2645 domino
370 2623 431 2645 sno
448 2614 630 2655 loquentis.

170 2667 213 2697 92
238 2665 310 2696 Stes
339 2664 440 2705 capite
468 2663 603 2704 obstipo]
633 2665 756 2706 Capite
787 2665 821 2697 in

128 2716 273 2757 alterum
287 2714 461 2746 humerum
478 2715 652 2754 inclinato,
666 2716 723 2756 qui
747 2726 821 2757 ges-

129 2771 184 2797 tus
214 2770 268 2797 est
295 2764 438 2796 hominis
468 2763 510 2795 ad
533 2765 738 2806 palpandum
764 2777 821 2808 pa-

127 2815 203 2847 rati.

1449 276 1559 318 1733

907 380 949 409 93
981 377 1135 418 Obsequio
1162 375 1320 417 grassare]
1349 377 1359 396 ⁴
1376 377 1534 411 Grassari
1551 380 1559 394 ’

865 426 1003 468 proprie
1025 431 1080 459 est
1104 427 1235 468 impetu
1258 426 1402 468 quodam
1425 427 1561 468 ingredi

866 481 969 518 atque
998 476 1126 508 aditum
1150 475 1308 517 aperire:
1333 475 1368 507 id
1396 475 1560 518 obsequio

866 526 940 558 fieri
957 526 1111 558 ostendit
1123 526 1287 558 Tiresias.
1311 527 1387 558 Nec
1399 526 1561 560 dissimile

866 575 950 607 illud
966 576 1053 607 Livii
1075 576 1135 608 lib.
1155 585 1191 607 x.
1213 576 1384 608 ‘Consilio
1407 585 1560 617 grassan-

866 626 959 666 dum,
981 625 1010 657 si
1031 625 1116 656 nihil
1139 626 1227 656 vires
1245 626 1421 666 juvarent,
1446 626 1562 658 ratus!

865 674 989 706 Varius
1021 678 1134 705 autem
1164 674 1264 714 hujus
1296 674 1452 706 vocabuli
1483 684 1564 706 usus

866 729 930 756 est.
974 723 1131 755 Venusta
1147 729 1262 756 autem
1278 724 1453 755 antithesis
1479 725 1564 756 obse·

865 774 936 814 quio
948 783 1096 812 grassare
1105 784 1116 805 .·
1129 774 1366 815 obsequuntur
1380 775 1469 805 enim
1482 784 1564 814 cap·

866 827 992 855 tatores
1006 822 1057 853 his
1080 832 1163 864 qnos
1187 823 1300 862 perire
1329 824 1446 854 velint.
1474 825 1563 856 Tor-r.

869 872 1021 913 Obsequio
1037 871 1199 911 grassare]
1221 871 1350 904 Quovis
1365 881 1489 912 genere
1505 872 1565 903 ob-

866 922 974 964 sequii
989 922 1128 953 divitem
1147 926 1251 962 capta
1273 922 1372 962 eique
1387 921 1562 954 insidiare.

865 971 903 1003 Sa·
928 970 1114 1011 increbruit]
1149 971 1185 1002 Si
1221 974 1342 1002 ventus
1369 969 1482 1002 factus
1510 976 1567 1002 est

867 1023 989 1054 acrior.
1050 1020 1226 1053 Increbruit
1255 1021 1348 1061 aura]
1383 1021 1393 1038 ‘
1411 1020 1539 1051 Auram
1554 1021 1564 1034 ’

867 1082 929 1112 pro
955 1075 1058 1103 vento
1088 1070 1185 1102 dixit.
1231 1069 1287 1102 Sic
1318 1070 1408 1102 enim
1440 1070 1564 1101 Cicero

868 1123 978 1163 Epist.
1007 1121 1050 1153 ad
1077 1120 1300 1153 Trebatium:
1324 1120 1334 1137 ‘
1350 1119 1484 1151 Ventus
1515 1120 1567 1151 in-

868 1171 1085 1205 crebrescit?
1109 1176 1146 1203 et
1170 1171 1286 1203 Caesar
1302 1170 1344 1201 de
1365 1170 1452 1202 Bell.
1476 1170 1566 1202 Gall.

867 1223 926 1255 lib.
943 1231 999 1254 ιιι.
1023 1226 1032 1240 ⁴
1046 1220 1231 1252 increbruit
1246 1219 1383 1251 auster-¹
1429 1218 1478 1251 At
1490 1229 1567 1260 pes-

867 1274 949 1304 sime
973 1272 1030 1314 qui
1055 1271 1207 1312 increpuit
1222 1270 1276 1302 hic
1291 1269 1371 1301 ferri
1388 1278 1487 1311 posse
1505 1279 1566 1310 pu-

869 1327 956 1360 tant,
989 1326 1201 1364 repugnante
1236 1320 1378 1362 syllaba.
1422 1319 1566 1351 Torrent.

867 1374 964 1415 [Vat.
990 1373 1090 1404 Rom.
1111 1374 1144 1404 ¹1.
1166 1370 1348 1402 incr-erevit.
1371 1369 1451 1400 Vat.
1467 1369 1565 1400 Rom.

869 1427 919 1455 lo.
934 1423 964 1454 si
981 1421 1128 1463 cremia]

909 1477 952 1505 94
978 1472 1113 1513 Cautus]
1130 1471 1203 1503 Sibi
1219 1480 1358 1504 cavens.
1385 1469 1503 1510 [Catus
1517 1470 1566 1501 uti

867 1525 949 1556 Vat.
966 1523 1035 1563 13.]

907 1577 949 1605 95
974 1573 1136 1614 Oppositt's
1146 1571 1298 1611 humeris]
1322 1570 1480 1611 objectis
1503 1570 1566 1601 hu-

865 1623 967 1656 meris
983 1623 1064 1663 tuis,
1076 1632 1119 1654 ne
1133 1623 1167 1654 in
1181 1621 1461 1662 turbajactetur.
1497 1622 1566 1654 Au-

863 1684 930 1704 rem
954 1673 1148 1711 substringe]
1179 1671 1270 1703 Quid
1296 1671 1342 1701 sit
1366 1680 1473 1701 aurem
1494 1671 1568 1701 sab-

864 1721 1020 1760 stn'ngere
1033 1720 1222 1759 dubitatur,
1245 1723 1282 1749 et
1308 1718 1403 1749 varie
1428 1717 1566 1758 quidem

866 1781 886 1802 a
904 1770 1066 1802 Lambino
1082 1774 1118 1801 et
1131 1768 1290 1800 Turnebo
1307 1768 1388 1799 viris
1411 1767 1566 1799 doctissi-

867 1821 928 1852 mis
944 1821 1147 1861 expouitur;
1171 1819 1230 1851 sed
1244 1818 1342 1850 nimis
1357 1818 1492 1850 hercule
1515 1817 1566 1849 di-

866 1871 1025 1912 ligenter.
1055 1871 1128 1910 Ego
1138 1869 1350 1909 substringere
1358 1877 1464 1900 aurem
1476 1868 1566 1899 idem

867 1931 943 1953 esse
958 1921 1130 1962 existimo,
1147 1919 1236 1961 quod
1256 1919 1447 1959 subrigere,
1462 1923 1498 1950 et
1514 1928 1567 1950 ar-

866 1972 991 2012 rigere,
1006 1975 1064 2002 aut
1079 1970 1278 2002 sustollere:
1294 1968 1384 2000 unde
1407 1967 1418 1985 ‘
1432 1968 1568 2000 sublata

867 2032 948 2053 aure
964 2021 973 2034 ’
997 2022 1086 2053 dixit
1100 2020 1224 2052 Horat.
1240 2019 1348 2061 Epod.
1364 2028 1415 2051 vr.
1437 2019 1481 2051 de
1499 2029 1568 2059 quo

866 2082 889 2104 1.
911 2073 985 2104 Sat.
999 2075 1032 2103 9.
1058 2073 1068 2090 ‘
1084 2071 1238 2103 Demitto
1253 2069 1444 2101 auriculas:
1491 2069 1567 2101 Nec

866 2122 1028 2154 omittere
1054 2121 1168 2160 velim,
1198 2120 1319 2161 legisse
1347 2119 1454 2150 videri
1480 2119 1567 2150 Por-

867 2172 1065 2213 phyrionem
1075 2181 1180 2203 aurem
1188 2171 1344 2210 distringe
1355 2180 1367 2207 ,·
1381 2169 1471 2212 quod
1485 2178 1568 2200 sane

866 2232 931 2253 non
947 2222 1165 2263 displiceret:
1191 2221 1250 2252 sed
1274 2220 1478 2251 dissentiunt
1497 2228 1566 2250 ma-

865 2282 958 2305 nusS.
973 2280 1101 2303 omnes.
1123 2269 1270 2302 Turneb.
1281 2278 1359 2302 xvi.
1372 2272 1427 2301 17.
1440 2273 1476 2301 et
1486 2278 1566 2300 xix.

867 2324 921 2354 13.
936 2327 972 2352 et
983 2330 1072 2352 xxx.
1087 2323 1141 2351 37.
1165 2321 1309 2351 Torrent-
1353 2319 1472 2350 Aurem
1494 2318 1566 2350 sab-

866 2371 988 2410 stringe
1018 2369 1153 2410 loquaci]
1190 2368 1319 2399 Aurem
1357 2372 1451 2398 tuam
1487 2368 1566 2399 sub-

868 2421 997 2460 stringe
1019 2419 1154 2461 loquaci
1178 2418 1262 2456 seni,
1288 2417 1322 2448 id
1344 2421 1410 2456 est,
1428 2417 1567 2448 auribus

870 2470 938 2502 tuis
961 2470 1155 2501 substrictis
1180 2473 1215 2499 et
1240 2467 1384 2498 arrectis
1414 2466 1504 2507 finge
1532 2472 1566 2498 te

870 2525 1003 2552 attente
1014 2520 1207 2551 auditurum
1222 2518 1340 2558 longas
1350 2516 1439 2548 senis
1451 2526 1568 2548 narra-

871 2571 992 2602 tiones.

913 2622 956 2651 96
978 2619 1174 2659 Importunas
1187 2619 1273 2648 amat
1292 2615 1432 2656 laudari]
1455 2615 1512 2647 Ita
1530 2620 1569 2647 ut

871 2678 940 2700 non
955 2668 1090 2699 desinat
1106 2668 1267 2698 molestus
1290 2675 1364 2701 esse
1390 2667 1425 2697 ni
1451 2666 1566 2698 laude-

873 2723 939 2750 tur.
962 2722 1000 2749 nt
1021 2718 1205 2758 importante
1220 2717 1358 2747 volucres
1373 2716 1516 2748 Horatio
1531 2722 1568 2748 et

871 2768 1029 2808 Virgilio,
1044 2776 1118 2807 quae
1133 2765 1265 2797 assidue
1284 2766 1467 2797 lacessunt.
1493 2765 1567 2797 Tor·

872 2821 952 2850 rent.
996 2815 1210 2858 Importunas]
1232 2815 1402 2858 Cruquius
1425 2816 1474 2848 sic
1488 2825 1567 2850 con·
