1916 3262
286 369 304 383 θ

328 299 440 342 1326
796 313 837 349 Q.
870 310 1074 341 HORA'rn
1107 313 1279 343 ruAccl

328 402 376 442 Si
396 402 620 443 defendere
642 402 845 443 delictum
867 415 994 455 quam
1017 408 1178 444 vertere
1199 405 1360 454 malles,

330 467 508 508 Nullum
529 469 639 509 ultra
660 469 834 508 verbum
855 474 931 508 aut
949 481 1127 521 operam
1146 470 1388 512 insumebat
1407 471 1602 522 inanem3

324 593 408 626 gere,
423 589 454 615 et
475 595 577 616 versus
595 585 765 616 inconditos
784 587 935 617 recudere.
982 587 1070 622 Quod
1084 587 1113 618 si
1126 590 1230 619 errata
1245 588 1402 625 defendere
1421 590 1525 620 malles
1546 597 1635 629 quam
1649 590 1745 620 corr-'-

916 677 1152 690 θ’θθθθιθθῦθθο

327 741 381 771 alii
398 742 542 780 vulgatae
560 741 704 773 omnium
721 743 802 774 Mss.
817 747 853 774 et
874 743 1054 781 editorum,
1076 753 1180 784 usque
1197 744 1238 775 ad
1263 744 1369 784 ipsum
1390 744 1548 776 indubiae.
1592 745 1685 776 Male
1700 745 1743 777 ab

327 783 466 813 eruditis
480 789 669 823 exceptam,
686 785 818 822 iterum,
831 789 867 816 et
879 785 1019 824 enixius,
1034 794 1106 816 eam
1121 787 1291 825 proposuit
1306 787 1338 816 in
1354 788 1440 817 notis
1457 786 1498 817 ad
1515 787 1600 818 hunc
1615 788 1722 818 locum
1735 797 1746 825 ς

327 829 363 854 et
376 823 555 855 defendere
572 831 710 856 conatus
726 830 778 856 est
789 826 993 866 digressione
1009 826 1148 857 infinita.
1185 827 1296 858 Novos
1312 833 1557 868 oppugnatores
1571 828 1744 864 excitavit.

328 875 411 905 quos
424 872 578 897 recenset
594 868 804 898 Burmannus
819 868 859 899 ad
878 869 1033 907 Propert.
1050 877 1091 898 ιι.
1108 869 1160 899 ΕΙ.
1181 871 1233 899 25.
1250 871 1303 901 43.
1325 876 1360 900 et
1381 869 1433 900 hic
1450 869 1601 901 refutant
1622 870 1743 901 leviter
1763 871 1766 873 “

327 907 360 936 in
389 908 479 938 notis
504 910 589 939 Dac.
614 909 713 939 Baxt.
737 910 841 940 Gesn.
866 910 1008 941 Wetzel.
1052 910 1180 940 Iterum
1204 919 1277 940 eam
1305 911 1512 950 reproduxit,
1534 916 1570 942 et
1590 911 1744 942 defendit

325 948 471 987 Schelle,
485 950 609 980 viribus
634 951 714 981 licet
738 951 932 990 imparibus.
977 950 1040 981 Sed
1068 961 1138 982 rem
1161 960 1255 981 nemo
1281 953 1412 991 penitus
1437 952 1562 992 attigit.
1605 952 1745 983 Pressus

327 989 507 1028 primorum
530 992 736 1031 argumentis
751 993 924 1023 Bentleius
946 993 1011 1023 huc
1037 993 1128 1023 litem
1146 992 1305 1031 adduxit3
1327 996 1458 1033 tornum,
1472 998 1507 1026 et
1521 994 1660 1024 incudem
1671 1003 1745 1024 esse

327 1039 378 1060 res
394 1031 555 1070 diversas,
578 1042 651 1073 quae
668 1033 826 1072 conjungi
842 1043 907 1064 non
933 1034 1068 1074 possint.
1112 1034 1230 1074 Neque
1248 1044 1325 1064 vero
1339 1036 1390 1065 vel
1407 1045 1490 1066 unus
1506 1035 1594 1075 apud
1613 1041 1745 1066 veteres

325 1071 514 1112 Scriptores
538 1074 630 1104 locus
646 1079 754 1113 extat,
774 1075 879 1115 inquit
895 1075 980 1114 ipse,
994 1085 1060 1116 quo
1074 1075 1195 1116 Τύρνος,
1218 1077 1269 1106 vel
1285 1077 1401 1107 Tor-nus
1414 1077 1558 1108 metallis
1574 1076 1748 1108 elaboran-

326 1113 378 1143 dis
397 1114 616 1152 adhibeatur;
639 1115 697 1146 sed
722 1116 819 1155 lignis
836 1120 978 1155 tantum,
1002 1122 1103 1157 atque
1128 1117 1305 1158 lapidibus.
1321 1118 1424 1153 ebori,
1440 1118 1538 1157 vitro,
1560 1120 1623 1150 &c.
1646 1118 1748 1159 idque

325 1155 392 1184 sola
408 1155 634 1196 rotundatione,
648 1157 700 1187 vel
715 1157 870 1188 circulari
883 1159 1068 1197 sculptura.
1090 1159 1180 1190 Huic
1197 1159 1370 1189 assertioni
1386 1159 1540 1190 Oudinus
1554 1160 1586 1190 in
1602 1159 1747 1191 Miscell.

327 1195 472 1228 Observ.
487 1197 573 1228 Crit.
593 1198 697 1228 Novis
713 1198 754 1228 ad
779 1208 900 1229 aunum
926 1202 1018 1230 1744.
1042 1204 1123 1231 tom.
1144 1209 1175 1232 v.
1203 1210 1276 1240 pag.
1295 1203 1368 1231 417.
1384 1210 1476 1241 seqq.
1496 1200 1634 1232 Amstel.
1653 1203 1748 1232 1744.

326 1237 511 1273 Gesnerns,
535 1243 571 1269 et
591 1239 734 1270 Wetzel.
750 1241 974 1280 respondent3
997 1242 1061 1272 etsi
1089 1251 1155 1272 non
1179 1247 1324 1281 constet,
1341 1247 1472 1273 veteres
1495 1246 1591 1273 torno
1612 1243 1748 1275 metalla

326 1278 538 1318 elaborasse3
560 1279 593 1310 id
611 1286 722 1312 tamen
737 1283 870 1312 omnino
886 1282 1102 1321 credendum,
1114 1288 1310 1323 argumento
1326 1283 1368 1314 ab
1382 1283 1452 1314 aliis
1468 1283 1616 1315 materiis
1632 1283 1748 1316 dumo.

326 1321 435 1351 Recte
460 1321 493 1351 id
509 1321 665 1362 quidem:
691 1327 727 1353 at
742 1332 801 1353 nos
817 1323 980 1361 addimus,
1003 1330 1096 1355 certo
1111 1324 1144 1355 id
1167 1325 1283 1356 Romae
1299 1330 1453 1356 constare
1469 1325 1590 1365 passim
1606 1335 1647 1356 ex
1663 1325 1749 1356 auti-

324 1361 398 1401 quis
413 1363 645 1398 monumentis,
656 1372 728 1403 quae
738 1373 757 1394 e
771 1367 861 1394 terra
875 1364 1058 1395 identidem
1073 1365 1202 1405 profert
1218 1366 1250 1395 in
1267 1367 1413 1404 apricum
1427 1370 1520 1404 aetas,
1531 1367 1642 1398 sivein
1655 1375 1748 1405 auro,

326 1403 396 1433 sive
420 1402 454 1433 in
477 1407 629 1443 argento,
644 1404 715 1435 sive
741 1405 774 1435 in
797 1414 874 1443 aere,
889 1405 1069 1444 orichalco,
1083 1410 1141 1437 aut
1166 1405 1270 1444 ferro,
1292 1410 1387 1436 torno
1407 1407 1574 1446 expolitis.
1618 1408 1748 1438 Praeter

325 1448 439 1475 cetera
455 1444 689 1483 instrumenta,
709 1455 784 1485 quae
799 1446 946 1476 videmus
962 1447 1097 1487 passim,
1111 1447 1280 1487 praecipue
1297 1457 1338 1478 ex
1354 1453 1494 1488 argento
1512 1453 1547 1479 et
1565 1458 1644 1488 aere,
1660 1458 1747 1480 auno

326 1485 499 1524 praeterito
508 1494 665 1518 mocccx.
678 1496 745 1526 prae
754 1487 904 1518 manibus
911 1487 1156 1528 habuiparvum
1169 1494 1331 1519 craterem
1342 1493 1537 1528 argenteum
1548 1489 1749 1530 hujusmodi,

325 1526 413 1557 forte
436 1527 498 1557 aevi
516 1527 705 1566 Horatiani,
720 1527 844 1566 affabre
858 1529 1123 1567 elaboratum‚ac
1140 1539 1235 1568 paene
1252 1534 1421 1561 recentem
1440 1541 1458 1561 e
1474 1539 1571 1561 manu
1586 1531 1746 1569 artificis;

326 1577 402 1598 cum
430 1568 646 1608 inscriptione
673 1567 803 1600 inferne
832 1571 965 1610 punctis
994 1571 1214 1602 eminentibus
1244 1581 1422 1611 expressa:
1460 1572 1508 1602 M.
1535 1572 1668 1604 NOVI.
1706 1573 1746 1604 P.

325 1609 386 1640 IIS
398 1609 428 1644 2³.
440 1611 474 1640 S.
521 1610 611 1641 Quid
626 1614 704 1641 sunt
719 1621 834 1642 versus
849 1615 896 1642 ter
911 1613 986 1642 male
999 1612 1085 1642 nati?
1129 1613 1238 1644 Natus
1254 1613 1318 1644 dici
1335 1622 1397 1643 non
1418 1617 1528 1652 potest
1543 1623 1669 1649 versus,
1683 1614 1748 1645 nisi

325 1651 393 1686 ille,
406 1651 461 1691 qui
477 1651 519 1681 ab
531 1656 669 1682 auctore
680 1661 752 1689 suo,
764 1653 1005 1693 nuntiavimus,
1021 1653 1160 1684 emissus
1175 1659 1228 1685 est
1243 1654 1276 1684 in
1295 1654 1476 1693 publicum,
1491 1659 1528 1686 ut
1540 1655 1669 1686 nesciat
1684 1665 1748 1686 vox

325 1692 425 1722 missa
441 1692 586 1729 reverti;
601 1702 703 1732 supra
718 1695 791 1724 390.
828 1694 903 1724 Hoc
917 1703 1015 1724 sensu
1032 1696 1110 1725 male
1125 1695 1190 1725 nati
1205 1695 1271 1726 dici
1289 1699 1447 1733 poterant
1461 1696 1502 1727 ab
1517 1696 1659 1728 Horatio
1675 1705 1748 1727 ver-

325 1742 379 1763 sus
395 1732 531 1763 Clioerili
547 1742 588 1764 n.
603 1734 713 1773 Epist.
732 1742 757 1764 ι.
771 1737 846 1765 233.
863 1744 928 1775 quo
943 1735 1018 1766 loco
1034 1735 1312 1766 abutitur-Bentl.
1329 1743 1362 1767 at
1376 1745 1484 1776 neque
1500 1738 1624 1776 emissi,
1640 1747 1751 1778 neque

325 1774 408 1812 nati,
424 1775 475 1805 vel
492 1774 591 1812 bene,
608 1775 660 1805 vel
675 1775 774 1810 male,
789 1775 854 1806 dici
871 1785 1014 1815 unquam
1031 1781 1188 1815 poterunt
1204 1786 1329 1814 versus,
1343 1778 1398 1818 qui
1414 1778 1505 1808 nullo
1519 1779 1617 1810 modo
1634 1788 1749 1810 versus

325 1820 415 1852 sunt,
439 1816 596 1855 concepti
624 1820 768 1854 tantum,
794 1816 973 1855 informes;
995 1817 1100 1856 rudis,
1125 1817 1355 1858 indigestaque
1380 1819 1503 1857 molem
1526 1820 1579 1850 vel
1608 1825 1672 1856 ter.
1696 1821 1749 1851 vel

325 1857 438 1888 decies
454 1858 619 1888 inutiliter
634 1858 813 1898 castigati:
837 1863 873 1889 et
899 1859 954 1898 qni
981 1858 1069 1898 ideo,
1091 1863 1248 1899 tanquam
1271 1860 1440 1890 metallum
1465 1860 1549 1900 ignis
1564 1861 1597 1891 vi
1613 1861 1751 1900 ductile,

327 1898 368 1929 ad
386 1899 540 1930 incudem
556 1900 681 1939 ingenii
699 1900 878 1930 revocandi
892 1903 980 1936 sunt,
995 1905 1028 1930 et
1045 1900 1237 1932 renovandi.
1269 1901 1458 1933 Bentleium
1472 1907 1656 1942 sequuntur
1671 1911 1751 1934 ano·

326 1949 444 1980 nymus
461 1943 554 1972 1713.
570 1946 605 1971 et
620 1940 816 1972 Wakefield.
842 1941 1007 1981 Gay-etus,
1023 1942 1214 1982 Menagius,
1230 1942 1340 1982 coste,
1365 1952 1427 1983 pro
1449 1946 1585 1974 tornatos
1598 1944 1751 1984 legerunt

316 1982 481 2018 formatos.
516 1982 555 2012 Id
572 1982 679 2021 ipsum
697 1982 830 2013 tandem
849 1983 1005 2022 proponit
1019 1983 1208 2019 Bentleius,
1223 1987 1273 2014 tot
1288 1994 1421 2015 surarum
1436 1984 1658 2016 eruditionum
1673 1994 1750 2026 per-

326 2028 440 2055 taesus.
486 2023 735 2062 Cnningamius,
751 2028 929 2063 postquam
945 2024 1132 2054 Bentleium
1155 2025 1277 2055 leviter
1298 2025 1469 2066 refutavit,
1489 2031 1524 2056 et
1549 2027 1623 2066 ipse
1639 2026 1750 2057 Hora-

326 2065 409 2094 tium
424 2065 586 2103 deturpat
601 2065 662 2095 hac
678 2073 780 2102 voce3
802 2073 943 2104 eumque
967 2066 1117 2104 sequitur
1139 2065 1217 2096 San.
1232 2065 1309 2096 inde
1326 2067 1434 2098 Merv.
1447 2067 1534 2096 Phil.
1551 2076 1613 2097 nec
1633 2067 1750 2107 displi-

325 2110 382 2135 cet
398 2105 499 2136 lectio
520 2105 687 2144 Gesnero,
701 2115 741 2135 ac
756 2105 866 2136 Wetz.
884 2115 992 2145 eoque
1007 2106 1139 2146 abrepti
1156 2111 1231 2137 sunt
1247 2108 1418 2146 praecipue
1434 2116 1475 2137 ex
1490 2107 1628 2139 Sidonio
1645 2108 1748 2148 Apol-

326 2146 384 2176 lin.
407 2147 493 2176 male
509 2146 694 2184 intellecto,
718 2155 771 2176 tx.
793 2147 902 2186 Epist.
927 2150 975 2178 13.
1001 2147 1057 2177 ubi
1073 2152 1151 2178 sunt
1167 2157 1278 2178 versus
1301 2153 1310 2166 ‘
1330 2148 1544 2188 Asclepiadei
1560 2149 1749 2181 Horatiana

327 2187 448 2218 incude
475 2187 632 2218 formati)
679 2188 812 2226 Ergone
839 2188 951 2218 statim
978 2187 1204 2219 reformandus
1225 2194 1276 2219 est
1297 2189 1338 2220 ab
1359 2190 1420 2220 hac
1446 2189 1566 2221 incude
1589 2191 1747 2222 Horatius

325 2229 416 2267 ipse?
458 2229 554 2259 Anne
572 2228 687 2259 vident
703 2228 735 2258 hi
752 2228 882 2266 Critici,
898 2238 962 2260 non
978 2229 1020 2259 de
1036 2229 1155 2260 incude
1181 2229 1290 2260 fabrili
1307 2231 1396 2271 loqui
1411 2230 1583 2262 Sidonium
1598 2241 1607 2270 3
1630 2232 1690 2263 sed
1705 2232 1748 2264 de

327 2270 459 2301 Horatii
476 2274 594 2305 metro,
608 2270 697 2310 stylo
715 2269 948 2310 Asclepiadeo,
964 2281 1059 2310 quem
1076 2271 1227 2302 incudem
1245 2278 1363 2310 vocat3
1380 2281 1487 2312 eoque
1500 2282 1611 2304 versus
1628 2283 1664 2304 se
1677 2274 1749 2311 for·

326 2314 478 2342 maturum
494 2311 686 2352 promittit?
729 2311 862 2342 Abeant
877 2313 1161 2352 ergornovitateu
1182 2317 1216 2344 et
1232 2313 1312 2344 nihil
1327 2314 1451 2354 aptius,
1465 2314 1544 2344 nihil
1561 2315 1747 2354 elegantius

324 2352 386 2383 huc
403 2353 489 2384 torni
505 2354 699 2392 metaphora
716 2357 921 2392 reputemus,
932 2353 956 2384 si
973 2358 1116 2385 mentem
1131 2355 1224 2385 simul
1242 2355 1282 2385 ad
1300 2355 1395 2395 hujus
1412 2355 1623 2388 instrumenti
1638 2356 1749 2388 subse-

327 2393 432 2424 civam
461 2404 595 2433 operam
612 2394 873 2432 transfer-amum
897 2401 930 2425 et
956 2395 1052 2426 istam
1079 2405 1152 2426 cum
1174 2405 1254 2427 cura
1280 2401 1316 2428 et
1339 2395 1496 2428 methodo
1513 2406 1624 2428 versus
1647 2399 1748 2429 casti-

328 2436 427 2474 gandi
443 2434 661 2467 conferamus.
694 2437 748 2467 De
765 2436 839 2466 aliis
854 2436 1009 2475 operibus
1025 2437 1066 2467 ad
1083 2442 1214 2468 tornum
1231 2437 1327 2469 factis
1343 2439 1440 2478 plura
1455 2437 1549 2469 dabit
1559 2438 1691 2471 Jannon
1705 2439 1748 2470 de

326 2476 361 2507 S.
380 2477 538 2508 Laureut.
569 2478 713 2508 Dissert.
729 2477 770 2508 de
787 2477 904 2518 Lapid.
931 2478 1025 2509 Pret.
1043 2479 1077 2509 in
1091 2478 1188 2509 Actis
1205 2478 1310 2510 Acad.
1325 2479 1523 2511 Cortonens.
1540 2484 1564 2511 t.
1583 2489 1631 2512 vr.
1648 2490 1681 2521 p.
1695 2483 1747 2512 41.

327 2518 434 2559 seqq.’
457 2519 640 2550 Fene—442
661 2519 740 2550 Vat.
756 2519 851 2550 Rom.
867 2522 898 2551 3.
912 2522 943 2550 9.
965 2521 1069 2551 cedere
1091 2521 1310 2552 mallem—443
1335 2521 1393 2552 Nil
1417 2532 1449 2553 a.
1473 2521 1571 2560 verbi,
1596 2532 1627 2552 a.
1648 2531 1748 2562 operae

327 2560 496 2592 insumebat
511 2561 615 2592 inanis
638 2560 784 2601 Cuning.
801 2561 920 2592 Sanad.
937 2565 972 2592 et
986 2562 1134 2593 Mervill.
1155 2562 1292 2594 sumebat
1317 2563 1464 2594 nonnulli
1491 2562 1589 2595 codd.
1615 2567 1650 2596 et
1671 2563 1748 2596 edd.

966 2644 1108 2676 NOTAE

325 2704 406 2744 fingi
423 2710 519 2738 torno
534 2711 686 2739 constat:
711 2712 746 2739 et
761 2711 905 2739 testatur
921 2709 1013 2739 Stra·
1063 2718 1128 2750 que
1144 2708 1328 2739 contrarias
1348 2708 1560 2748 metaphoras
1579 2707 1696 2740 incudis
1706 2711 1744 2738 et

327 2753 371 2784 bo
386 2753 427 2783 de
442 2755 572 2795 Cibyrae
587 2755 690 2789 ferro.
728 2757 816 2797 Ergo
831 2767 1010 2798 perperam
1063 2758 1146 2789 torni
1159 2758 1213 2790 hic
1230 2757 1333 2789 veluti
1349 2756 1542 2788 conferciat.

328 2801 547 2834 criminantur
561 2806 647 2844 quod
665 2805 826 2837 Horatius
842 2806 924 2837 duas
937 2816 1009 2837 eas-
