1916 3262
435 300 642 332 nonA‘rn
674 299 947 331 cAnmNUM
983 300 1080 331 ms.
1111 301 1186 331 111.
1216 289 1286 330 11.

181 396 221 426 10
245 393 296 426 Ne
310 398 450 426 currente
463 394 650 432 retro-sanis
672 396 722 424 eat
746 394 831 434 rota]

135 444 334 476 Torrentius
362 444 535 476 existimat
571 441 735 474 ‘fu‘n'em'
766 451 828 482 pro

134 493 367 525 ‘sufflamine'
392 503 457 526 non
483 491 694 525 incommode
719 491 829 533 accipi

134 555 244 587 posse.
281 547 291 564 ‘
307 545 510 578 Sufflamen’
525 549 638 575 autem
662 543 830 575 vocabant

134 600 268 628 veteres
294 596 367 628 sive
395 595 522 636 funem,
554 595 624 626 sive
658 598 829 633 catenam,

120 655 201 687 *quo
216 651 302 678 τοίω
313 645 541 687 procurrentis
552 645 711 686 impetus,
724 644 830 675 maxi·

132 695 237 728 mein
253 695 390 732 declivi,
418 694 558 726 retineri
580 698 639 725 ant
663 693 736 725 sisti
754 702 829 734 pos-

132 750 201 777 set.
236 744 319 777 Loci
343 754 426 786 ergo
447 744 544 785 hujus
570 743 743 776 sententia
763 747 828 783 est,

130 804 254 827 cavere
266 794 392 826 debere
407 794 535 836 Lycen,
549 803 607 834 ne,
622 793 650 824 si
671 802 765 824 saeva
778 793 829 824 ni-

128 843 260 875 mis-ac
284 843 434 884 superba
455 852 531 875 esse
556 847 679 884 pergat
701 842 735 874 iu
760 846 829 874 tam

127 901 294 933 prospero
308 891 455 924 fortunae
471 901 585 932 cursu,
605 896 708 933 rupto
724 891 830 923 veluti

127 940 327 981 retinaculo,
345 940 379 972 in
396 941 625 982 prmcipitium
642 939 828 972 deferatur.

128 989 229 1023 Quod
254 999 337 1022 vero
362 990 407 1022 de
433 989 540 1022 funali
564 999 654 1031 equo
675 990 830 1022 Lambin-

130 1038 236 1071 refert
260 1049 302 1071 ez
326 1040 432 1071 Turn.
447 1039 593 1072 Advers.
610 1048 710 1071 xxn.
725 1042 778 1072 24.
793 1044 830 1072 et

129 1097 249 1121 xxvn.
263 1092 298 1122 9.
309 1089 343 1121 id
360 1090 410 1121 ita
425 1089 543 1130 refert,
557 1095 596 1121 ut
608 1089 688 1130 quid
704 1087 829 1121 funalis

131 1137 239 1171 fuerit
262 1148 368 1181 equus
379 1149 420 1170 se
437 1139 572 1171 nescire
597 1138 769 1178 ostendat,
785 1139 828 1170 de

129 1195 284 1229 quo·nos
305 1190 348 1220 ad
371 1189 512 1221 Suetou.
533 1188 672 1220 Tiberio
695 1198 773 1229 cap.
794 1192 828 1220 6.

131 1237 278 1271 Torreat.
323 1238 376 1269 Ne
399 1241 543 1270 currente
565 1241 650 1269 rem
665 1237 760 1276 funis
779 1242 830 1270 eat

126 1289 214 1329 roto]
239 1287 295 1320 Ne
310 1288 461 1329 fortuna,
485 1298 560 1329 quae
585 1297 677 1319 nunc
699 1288 763 1320 tibi
777 1287 828 1319 fa-

127 1344 200 1378 vet,
215 1338 425 1370 retrocedat.
468 1337 662 1369 Similitudo
677 1342 732 1370 est
747 1338 828 1370 duc—

123 1391 164 1418 ›ta
181 1397 203 1418 a
226 1387 311 1418 rotis
322 1386 404 1418 fune
420 1386 650 1427 circumactis,
665 1396 732 1428 quo
746 1396 826 1428 rup-

69 1449 73 1454 ·
129 1438 278 1471 to,·rotae
291 1437 539 1466 retrocurrunt.

122 1500 133 1507 ·
168 1486 207 1516 11
235 1484 366 1514 Nowle
381 1483 557 1524 Penelopen
579 1483 750 1526 difficilem]
773 1485 825 1516 Tu

124 1540 193 1564 non
208 1541 244 1563 es
254 1532 430 1573 Penelope
444 1541 531 1566 uxor
545 1532 690 1573 Ulyssis,
702 1537 737 1564 et
749 1542 825 1572 quae

124 1582 298 1622 inbprocos
313 1580 379 1614 fuit
398 1591 492 1613 saeva
506 1585 541 1613 et
555 1580 713 1614 difficilis.
747 1583 824 1623 Tyr-

123 1631 252 1672 rhem]
274 1630 318 1662 Id
342 1635 408 1671 est,
430 1631 540 1663 Italus
557 1636 668 1673 pater,
683 1641 749 1663 nou
767 1641 824 1672 ge-

125 1680 201 1712 nuit
217 1685 253 1712 te
270 1679 384 1712 talem.

119 1750 126 1757 ‹
168 1732 208 1761 13
233 1731 276 1770 O,
304 1730 461 1771 quamvis]
496 1731 685 1772 Sequentia
720 1730 824 1762 verba

126 1779 278 1811 nonnihil
292 1778 503 1811 difficultatis
518 1780 659 1811 liabent.
682 1780 825 1810 Fatetur

125 1837 202 1860 earn
231 1838 295 1860 nec
324 1828 530 1868 muneribus,
560 1837 626 1860 nec
655 1828 824 1868 precibus,

125 1887 190 1908 nec
217 1877 401 1908 amantium
419 1878 562 1917 pallore,
578 1876 735 1918 quodque
757 1886 825 1908 ma·

127 1929 178 1969 gis
192 1931 258 1967 est,
280 1938 324 1960 ne
349 1928 462 1960 mariti
488 1926 624 1969 quidem
649 1930 824 1958 coutume-

125 1979 171 2010 lia
198 1977 316 2010 flecti:
344 1983 380 2009 et
405 1982 520 2009 tamen
545 1986 624 2008 mox
647 1976 822 2016 sequitur:

125 2028 372 2069 ‘Supplicibus
403 2027 470 2059 tuis
493 2025 639 2068 parcas!
682 2025 724 2056 In
757 2035 824 2067 quo

125 2081 201 2120 ipse
230 2078 297 2110 sibi
324 2078 516 2110 contrarius
543 2081 616 2116 est;
646 2077 710 2108 nisi
732 2076 823 2108 forte

124 2137 188 2170 per
211 2137 320 2169 preces
346 2127 452 2159 verba
482 2130 626 2165 tantum,
655 2125 699 2157 de
729 2134 822 2157 more

124 2177 494 2218 dicta.intenigamus=
517 2186 594 2218 quae
618 2175 646 2207 si
673 2175 716 2207 ad
742 2185 822 2207 exo·

125 2227 267 2260 randum
287 2237 356 2259 non
382 2225 606 2267 sufficiebant,
622 2229 659 2257 at
674 2224 819 2266 supplici

125 2278 259 2318 saltem,
274 2278 339 2309 lioc
349 2279 416 2317 est,
429 2274 528 2308 flexis
541 2274 685 2316 genibus
698 2273 822 2313 oranti,

128 2329 168 2358 ut
180 2330 357 2367 exponunt
364 2324 645 2364 Grammatici,ac
659 2328 769 2356 totum
784 2333 821 2356 se

125 2376 197 2417 ejus
218 2376 484 2417 in-potestatem
507 2373 661 2412 dedenti,
679 2382 821 2413 parcere

127 2425 288 2465 debebat,
312 2433 423 2465 neque
449 2423 544 2456 abuti
567 2423 655 2455 tanti
677 2423 820 2454 amantis

128 2474 305 2514 patientia.
329 2473 473 2504 Terreni.

172 2524 213 2554 14
237 2522 305 2555 Nee
326 2521 443 2553 tinctu·
455 2519 554 2560 viola]
576 2520 682 2552 Plura
695 2529 822 2562 genera

128 2572 292 2604 violarum
314 2573 404 2610 sunt,
425 2574 463 2602 et
485 2569 653 2601 coloribus
677 2569 823 2600 maxime

127 2621 403 2662 distinguuntur;
425 2623 505 2652 sunt
519 2619 608 2651 enim
628 2628 822 2660 purpureae,

128 2672 246 2712 luteae,
263 2670 367 2712 albae,
387 2674 427 2702 ut
447 2669 537 2702 Plin.
560 2668 683 2710 inquit,
695 2677 776 2700 xxi.
791 2671 824 2699 6.

125 2721 134 2738 ‘
154 2720 280 2753 Albas'
309 2729 390 2751 vero
413 2719 579 2760 pallentes
606 2722 719 2760 vocat,
742 2727 822 2759 qua-

127 2779 203 2802 rum
219 2770 366 2802 colorem
393 2770 427 2799 in
454 2767 638 2799 amantium
662 2765 751 2799 facie
768 2776 824 2807 ap-

127 2829 249 2862 parere
262 2819 335 2850 vult
350 2817 525 2850 Horatius.
552 2818 694 2850 Tor-rent.
731 2816 822 2849 Tinc-

211 2872 328 2914 Delph.
340 2875 372 2904 et
392 2870 466 2905 var.
482 2871 568 2904 cem.

798 2868 916 2901 Horat.

1467 290 1577 335 1457

879 397 931 424 eus
944 393 1042 435 viola]
1063 392 1165 424 Color
1180 391 1340 433 pallidus,
1358 392 1500 426 violacei
1522 406 1576 428 co-

880 442 963 474 loris
978 441 1168 483 particeps.

922 495 961 524 15
987 492 1055 523 Nec
1068 491 1118 523 vir
1134 490 1257 532 Pieria]
1280 492 1326 523 Et
1346 492 1497 533 quamvis
1512 502 1579 524 ma·

879 541 967 573 ritus
1002 546 1080 572 tuus
1118 540 1244 572 Pieriae
1278 541 1426 573 fidicinae
1465 553 1578 575 amore

879 595 1012 632 captus,
1053 600 1118 623 non
1155 594 1190 623 te
1220 590 1331 623 flectit
1362 592 1396 623 in
1430 601 1578 624 amorem

878 651 1000 675 meum.

924 695 966 724 16
990 691 1126 732 Cur-vat]
1144 691 1281 733 Flectit,
1290 691 1334 725 ab
1349 692 1506 724 instituto
1520 697 1579 724 tuo

878 741 1072 783 detorquet.
1094 741 1238 772 Lambin.
1283 741 1482 782 Supplicibus
1500 743 1579 782 tuis]

879 791 1046 830 Miserere
1086 795 1196 822 tamen
1225 791 1291 822 ulei
1316 792 1479 832 supplicis
1516 792 1576 823 tui.

881 840 1096 881 [Markland.
1117 840 1230 872 Flectit
1246 850 1308 881 pro
1323 841 1470 881 Cui-cat]

923 894 962 923 17
987 892 1056 923 Nec
1075 891 1181 931 rigida
1203 891 1324 922 mouim-
1341 892 1467 932 oesculo]
1489 892 1576 925 Quae

878 950 989 984 neque
1011 942 1136 973 aesculo
1158 951 1195 973 es
1219 940 1411 982 flexibilior,
1429 951 1493 973 nec
1517 942 1577 972 mi-

880 992 946 1024 tior
970 993 1130 1032 animum,
1160 992 1194 1023 id
1224 997 1291 1032 est,
1320 1001 1383 1023 nec
1409 992 1576 1024 mitiorem

878 1042 985 1075 habes
1000 1043 1160 1082 animum,
1170 1052 1269 1083 quam
1285 1046 1463 1083 serpentes
1477 1043 1577 1073 Mau-

879 1093 1024 1124 ritaniae.
1069 1092 1319 1134 [Schoenborn.
1333 1094 1365 1123 2.
1379 1101 1434 1122 nec
1449 1091 1577 1131 frigida

881 1143 1000 1174 mollior
1011 1143 1148 1183 esculo]

925 1195 966 1223 19
990 1192 1065 1222 Non
1092 1192 1147 1222 hoc
1170 1192 1302 1232 semper]
1331 1190 1409 1223 Non
1441 1199 1578 1231 semper

879 1251 936 1273 ero
957 1241 1105 1282 juvenis,
1132 1239 1316 1282 ufpossim
1342 1249 1446 1280 super
1473 1240 1577 1271 limen

873 1291 988 1331 januae
1011 1294 1078 1322 tuae
1100 1290 1238 1329 cubare,
1262 1289 1366 1330 idque
1389 1289 1476 1321 coelo
1502 1290 1576 1330 plu-

878 1341 994 1372 vioso:
1019 1339 1087 1371 noli
1103 1341 1207 1380 igitur
1229 1339 1441 1370 occasionem
1454 1339 1576 1370 amoris

876 1389 941 1420 mei
958 1388 1116 1430 potiundi
1131 1387 1318 1429 praeterire.
1353 1387 1469 1427 Aquoe]
1490 1387 1575 1418 Plu-

877 1447 951 1469 viae.
1089 1463 1091 1465 ,

876 1486 961 1519 om
974 1495 1026 1518 xi.
1048 1485 1301 1526 Προσφωνητική.
1346 1485 1404 1518 An
1427 1486 1576 1517 Mancu-

916 1544 1026 1567 mum.
1063 1536 1277 1568 Mercurium
1297 1540 1410 1577 rogat,
1434 1540 1472 1567 ut
1497 1545 1575 1567 can-

919 1589 974 1616 tus
989 1584 1053 1617 sibi
1070 1585 1191 1625 dictet,
1204 1585 1325 1625 quibus
1346 1586 1493 1616 animum
1509 1585 1576 1625 Ly-

917 1634 976 1666 des
996 1634 1114 1667 flectat
1131 1634 1166 1666 in
1182 1635 1253 1676 ejus
1273 1644 1435 1674 amorem,
1451 1645 1576 1675 propo-

916 1684 982 1715 sita
999 1683 1195 1716 Danaidum
1206 1683 1336 1716 fabula.
1377 1683 1575 1723 [Bamberg.

918 1733 1162 1773 Prosphonetice
1180 1733 1337 1764 Mercurio
1353 1732 1538 1772 Lydoeque.]

919 1784 935 1812 1
961 1781 1117 1823 Mercuri]
1139 1781 1235 1812 Ordo
1258 1785 1332 1812 est:
1357 1781 1388 1812 Ο
1411 1781 1576 1819 Mercuri,

876 1831 931 1862 dic
960 1830 1078 1862 modos
1107 1831 1227 1872 quibus
1258 1830 1355 1871 Lyde
1386 1830 1575 1862 obstinatas

875 1888 974 1910 aures
985 1879 1158 1919 applicet:
1184 1888 1260 1910 nam
1279 1885 1313 1910 te
1336 1879 1499 1919 magistro
1516 1880 1575 1910 do-

874 1927 949 1959 cilis
966 1927 1135 1968 Amphion
1151 1927 1256 1958 movit
1268 1927 1399 1967 lapides
1410 1929 1577 1968 cauendo,

874 1979 940 2008 διο.
983 1978 1067 2008 Num
1083 1981 1114 2009 te
1132 1977 1242 2008 docilis
1255 1978 1423 2018 magistro]
1448 1978 1575 2010 Osten-

874 2026 926 2058 dit
942 2025 1027 2057 nihil
1041 2035 1077 2057 se
1099 2036 1119 2057 a
1141 2026 1316 2058 Mercurio
1335 2031 1468 2067 petere,
1484 2028 1574 2068 quod

874 2085 940 2106 non
956 2074 1058 2107 facile
1073 2079 1240 2116 praestare
1257 2075 1382 2116 possit:
1406 2075 1574 2116 siquidem

873 2129 949 2157 arte
964 2124 1007 2156 ab
1030 2134 1071 2170 eo
1093 2125 1221 2156 tradita
1238 2123 1422 2164 Amphion,
1441 2124 1574 2156 Theba-

871 2185 925 2206 nae
941 2175 1029 2207 arcis
1050 2175 1219 2215 conditor,
1234 2175 1337 2206 etiam
1354 2174 1487 2215 lapides
1504 2183 1572 2206 mo-

873 2224 983 2264 verit;
1017 2228 1146 2266 quanto
1175 2234 1255 2264 ergo
1283 2223 1418 2255 facilius
1443 2223 1577 2266 Lyden,

872 2274 1026 2316 quamvis
1051 2275 1259 2307 obstinatam
1285 2274 1406 2306 adhuc.
1452 2274 1484 2304 A
1506 2274 1574 2305 dis-

872 2323 976 2364 cipuli
1019 2332 1101 2364 ergo
1138 2323 1340 2363 praestantia
1374 2323 1574 2363 magistrum

872 2372 1101 2404 commendat.
1137 2372 1252 2403 Simile
1270 2371 1349 2412 quid
1367 2371 1446 2403 vide
1464 2380 1489 2402 ι.
1504 2370 1573 2402 Od.

871 2423 923 2453 22.
952 2421 1094 2453 Tor-rene.

912 2472 933 2501 2
954 2469 1111 2511 Amphion
1126 2469 1243 2510 lapides
1253 2468 1404 2508 canendo]
1427 2468 1568 2509 Amphi-

871 2528 928 2556 on,
943 2518 1042 2551 Jovis
1057 2527 1100 2550 ex
1115 2518 1290 2559 Anthiopa
1304 2517 1407 2557 filius,
1428 2517 1571 2549 citharae

871 2572 976 2600 cantu
993 2567 1099 2598 traxit
1123 2571 1202 2607 post
1216 2577 1251 2598 se
1273 2566 1417 2607 lapides,
1431 2575 1475 2597 ex
1497 2567 1571 2607 qui-

871 2618 934 2650 bus
951 2616 1039 2648 muri
1057 2615 1212 2647 Thebani
1224 2620 1300 2647 sunt
1315 2615 1477 2646 extructi.

914 2669 934 2698 3
959 2666 1094 2698 Taruda
1126 2665 1284 2705 resonare]
1322 2664 1380 2695 De
1405 2663 1572 2696 Mercurii

871 2717 946 2758 lyra
976 2725 1037 2747 seu
1071 2714 1244 2746 testudine
1283 2713 1374 2754 loqui
1411 2712 1569 2745 videtur:

873 2776 974 2808 quam
989 2764 1192 2798 chordarum
1214 2768 1345 2805 septem
1370 2762 1467 2802 facit,
1490 2772 1568 2795 cum

873 2820 1023 2856 veteres,
1036 2815 1063 2847 si
1079 2813 1438 2847 Macrobiocredimus
1454 2813 1528 2845 Sat.
1541 2822 1568 2845 1.
