1916 3262
353 292 464 334 1498

394 394 564 435 praecipue
590 394 772 426 Pindarum
800 394 923 426 imitari
947 393 1035 434 peri-

393 444 541 475 culosum
557 449 620 476 est.

392 497 409 525 1
435 494 608 525 Pindarum
622 493 770 534 quisquis]
792 493 974 524 Pindarum
987 492 1035 523 in-

352 545 405 572 ter
427 543 564 582 Lyricos
586 542 711 573 poetas
727 541 826 572 facile
850 541 1035 581 principem

350 590 378 620 si
394 591 466 631 quis
488 591 609 621 imitari
632 591 727 628 velit,
749 591 776 621 is
799 599 874 621 suos
896 594 1034 620 conatus

351 639 462 669 irritos
483 640 617 678 sentiat,
631 644 670 670 ut
693 639 768 669 olim
791 638 907 670 Icarus
924 639 1035 669 volare

352 691 496 725 tentans,
511 688 542 718 in
558 697 649 719 mare
665 687 804 719 decidit.

394 739 414 767 2
438 738 503 776 Ope
531 737 694 777 Daedalea]
731 738 793 768 Vel
829 736 870 767 ad
904 735 1034 766 Daedali

352 783 499 816 fabulam
516 787 675 826 respicit;
698 787 767 826 qui,
782 788 792 804 ‘
809 785 952 824 Fugiens
967 785 1033 816 Mi-

351 833 429 864 noia
444 843 556 874 regna,
574 835 786 875 Praepetibus
805 835 921 874 pennis
937 843 1034 865 ausus

351 891 387 912 se
408 883 546 913 credere
562 884 644 915 coelo
672 889 721 914 est
738 883 759 914 ι’
790 884 841 914 vel
863 884 938 924 quia
955 884 1036 914 arti·

350 930 465 962 ficiosa
480 933 588 962 omnia
603 934 613 949 ⁸
626 932 768 963 Daedala
779 932 787 945 ¹
803 941 978 970 vocamus;
997 936 1035 962 ut

349 980 359 996 ‘
376 980 507 1011 Daedali
521 980 592 1011 ars'
616 981 793 1020 proverbio
815 981 923 1011 locum
945 978 1033 1010 fece-

352 1028 408 1058 rit.
455 1029 575 1059 Ceratae
590 1039 720 1070 quoque
738 1038 857 1069 pennae,
879 1038 939 1068 pro
959 1037 1036 1060 cera

353 1075 447 1106 illitae
462 1082 563 1117 atque
579 1087 730 1108 annexae.
755 1078 897 1109 Torreat.

394 1128 412 1156 3
437 1126 566 1157 Nititur
578 1127 698 1167 pennis]
717 1127 803 1158 Tres
818 1127 952 1157 codices
967 1136 1037 1157 ma-

353 1174 518 1214 nuscripti
533 1175 652 1206 Bland.
665 1175 717 1205 hic
730 1180 766 1205 et
777 1174 899 1215 ubique
915 1175 948 1205 in
965 1175 1038 1206 aliis

354 1222 450 1258 Odis,
466 1223 591 1254 liabent
605 1224 709 1264 pinnis
721 1233 781 1264 pro
791 1224 909 1264 pennis.
935 1224 1037 1265 Cruq.

353 1271 480 1302 Nititur
506 1271 628 1311 pennis]
675 1274 893 1304 sustentatur
919 1273 1038 1313 pennis

353 1329 431 1350 cera
451 1320 579 1359 junctis
605 1321 733 1352 Daedali
761 1322 866 1361 patris
884 1321 1038 1353 artificio.

358 1368 463 1399 Vitrea
484 1369 626 1408 daturus]
661 1370 770 1400 Ponto
794 1370 963 1409 pellucido
987 1370 1037 1400 in-

352 1421 422 1449 star
438 1418 515 1448 vitri
530 1429 538 1448 :
559 1419 611 1449 vel
627 1419 738 1459 potius
753 1419 899 1459 ejusdem
918 1420 1038 1451 coloris

352 1475 427 1498 cum
450 1468 550 1507 vitro,
567 1469 654 1509 quod
679 1469 720 1500 ab
735 1469 835 1500 Icaro
857 1478 946 1500 mare
962 1469 1038 1500 Ica-

353 1517 437 1548 rium
454 1523 506 1548 est
521 1518 738 1558 appellatum.
781 1518 924 1548 Daturus
943 1517 1038 1548 nomi-

353 1564 408 1606 na]
425 1566 501 1598 Hoc
517 1573 580 1606 est,
595 1572 633 1598 ut
647 1568 764 1598 Icarus
780 1567 850 1607 ille,
861 1567 914 1608 qui
931 1572 1037 1608 ponto

354 1625 472 1646 nomen
494 1615 599 1653 dedit,
624 1617 917 1657 periturus,atque
931 1617 1038 1657 impar

354 1663 570 1694 discessurus.
596 1665 734 1696 Torreat.

396 1716 414 1742 5
436 1713 546 1743 Monte
559 1713 732 1753 decurrens]
755 1713 848 1745 Ordo
865 1717 937 1745 est:
959 1715 1039 1745 Fer-

354 1765 412 1792 vet
428 1761 594 1792 Pindarus
611 1762 701 1793 velut
723 1762 828 1794 amnis
849 1767 964 1793 monte
982 1762 1039 1793 de-

354 1820 504 1851 currens,
529 1822 626 1853 quem
652 1812 773 1844 imbres
800 1813 913 1843 aluere
938 1822 1040 1853 super

353 1864 448 1890 notas
463 1860 564 1900 ripas,
575 1865 611 1892 et
626 1861 693 1892 ruit
706 1861 884 1892 immensus
897 1869 954 1892 ore
965 1870 1041 1900 pro·

354 1908 468 1940 fundo.
495 1910 668 1950 Significat
686 1910 846 1941 Horatius
863 1910 1040 1950 Metapho-

354 1958 426 1988 rice
440 1959 608 1998 copiosam
624 1958 766 1990 Pindari
781 1959 991 1999 sapientiam,
1005 1963 1041 1990 et

355 2007 499 2037 celerem
515 2007 550 2037 in
565 2007 707 2038 dicendo
723 2007 923 2038 ubertatem.

396 2058 417 2085 6
434 2054 548 2086 Alme
558 2055 658 2094 ripas]
678 2055 755 2086 Duo
768 2055 890 2086 vetusti
907 2053 1040 2086 codices

353 2102 478 2133 habent
493 2103 630 2134 Saliere:
654 2113 750 2144 quam
771 2104 948 2134 lectionem
973 2112 1039 2134 non

356 2156 424 2182 tam
447 2151 596 2190 ineptam
627 2160 711 2191 esse,
734 2161 832 2191 quam
860 2151 1039 2182 Lambinus

356 2200 537 2239 existimat,
579 2198 678 2231 facile
715 2199 931 2239 ostenderim,
974 2199 1039 2229 nisi

356 2250 366 2267 ‘
384 2248 511 2280 alendi'
534 2249 671 2279 verbum
693 2248 746 2279 hic
770 2247 909 2278 mirifice
931 2247 1039 2287 place-

358 2303 422 2330 ret.
465 2298 566 2338 Apud
595 2302 727 2328 veteres
756 2297 842 2328 enim
872 2296 1039 2336 ‘augere'

356 2346 546 2388 significat:
576 2346 663 2378 unde
693 2351 728 2378 et
756 2345 950 2377 ‘alescere’
979 2355 1040 2386 pro

355 2405 519 2436 crescere,
534 2395 646 2426 multis
667 2395 755 2436 apud
779 2395 970 2426 Lucretium
992 2395 1040 2426 lo-

357 2445 417 2476 cis.
442 2444 529 2475 Torr.
571 2444 686 2475 Aluaere
702 2444 802 2485 ripas]
824 2444 880 2476 Ita
904 2453 1038 2485 auxere,

356 2498 394 2524 nt
411 2498 509 2524 extra
521 2493 610 2532 ripas
625 2497 790 2533 erumpat.

398 2545 417 2572 7
441 2541 667 2580 Immensusque
680 2540 761 2580 ruit]
785 2539 892 2581 Adeo,
907 2545 944 2572 ut
958 2550 1039 2572 non-

356 2591 455 2621 nullis
484 2591 581 2621 nimis
611 2591 720 2630 opima
755 2590 935 2631 pinguique
968 2597 1039 2622 esse

357 2639 513 2671 facundia
522 2641 728 2671 existimatus
739 2641 794 2672 sit.
811 2640 939 2672 Gellius
946 2649 1038 2672 xvn.

359 2690 410 2718 10.
454 2688 677 2729 Immensusque
693 2689 772 2728 ruit]
795 2689 940 2730 Propter
955 2690 1039 2720 dilu-

359 2744 458 2765 vium.

401 2786 422 2814 9
447 2782 566 2814 Laurea
604 2786 775 2825 donandus]
825 2787 1039 2819 Coronandus

800 301 941 333 NO'rAE
973 300 1190 333 vAmoRu
1199 302 1231 331 M
1268 301 1315 334 IN

1087 393 1177 424 lauro
1204 393 1320 425 Poetis
1345 395 1556 425 consecrata.
1589 391 1677 424 Vide
1698 393 1765 426 Od.

1085 442 1148 472 ult.
1163 442 1221 473 lib.
1237 451 1292 473 111.

1128 492 1167 520 10
1189 490 1329 522 Audaces
1348 490 1570 531 dithyrambos]
1598 491 1699 522 Hunc
1720 491 1768 522 lo-

1086 548 1161 570 cum
1177 539 1301 579 prolixe
1317 544 1350 571 et
1364 540 1556 580 pei-erudite
1571 549 1651 571 sane
1662 540 1769 581 expli·

1086 594 1142 620 cat
1165 590 1268 621 Turn.
1289 589 1435 622 Advers.
1456 598 1481 621 1.
1502 593 1534 621 4.
1570 590 1766 631 Quanquam

1084 639 1379 679 Ditliyramborum
1400 640 1485 670 ratio
1507 640 1598 677 mihi,
1618 643 1656 670 ut
1678 639 1770 679 inge-

1084 697 1151 719 nue
1175 686 1292 724 fatear,
1320 689 1554 720 obscurissima
1582 693 1646 720 est.
1690 689 1766 720 Hoc

1085 740 1216 767 tantum
1233 741 1374 772 constat,
1392 737 1515 768 Bacchi
1532 738 1680 769 laudibus
1695 746 1768 768 car-

1084 794 1158 815 men
1187 785 1268 816 illud
1295 785 1485 817 dedicatum
1509 785 1625 824 fuisse,
1653 786 1701 817 ita
1729 790 1767 817 ut

1085 834 1173 864 aliud
1190 835 1314 866 nullum
1330 835 1401 874 ejus
1421 839 1651 875 argumentum
1670 843 1767 875 quam

1086 882 1190 913 Liber
1211 887 1308 923 pater
1330 884 1494 916 extiterit.
1535 883 1634 914 Unde
1652 887 1687 914 e't
1705 889 1767 913 vuo-

1086 939 1161 960 men
1188 931 1220 961 ei
1249 931 1412 970 contigit3
1447 931 1609 970 siquidem
1633 932 1666 962 id
1692 940 1768 962 cum

1087 979 1160 1009 Deo
1182 978 1256 1018 ipso
1278 987 1452 1008 commune
1472 983 1535 1014 est,
1557 988 1655 1018 quem
1683 979 1694 997 ‘
1710 979 1769 1010 Di-

1087 1025 1314 1066 thyrambum’
1335 1030 1488 1056 vocatum
1512 1027 1628 1065 tradit,
1650 1028 1694 1058 ob
1713 1037 1770 1058 va-

1085 1075 1150 1105 rias
1176 1075 1341 1105 rationes:
1367 1075 1419 1104 vel
1441 1073 1528 1115 quod
1553 1074 1680 1106 duabus
1702 1075 1771 1106 vel-

1087 1124 1133 1155 uti
1160 1124 1285 1164 januis,
1311 1125 1413 1155 semel
1442 1134 1484 1156 ex
1513 1125 1630 1156 matris
1659 1129 1768 1163 utero,

1085 1173 1187 1204 semel
1236 1183 1278 1204 ex
1329 1173 1433 1213 patris
1485 1172 1612 1205 femore
1647 1174 1682 1204 in
1724 1173 1772 1204 vi-

1086 1226 1154 1253 tam
1180 1222 1317 1263 prodiit.
1361 1222 1422 1253 Est
1449 1227 1484 1254 et
1508 1222 1572 1253 alia
1593 1223 1677 1254 ratio
1703 1232 1769 1262 quo

1084 1273 1277 1313 simplicior,
1307 1282 1347 1303 eo
1376 1277 1412 1304 et
1437 1273 1564 1311 melior,
1581 1272 1670 1313 quod
1694 1272 1770 1304 vino

1085 1324 1178 1364 capti
1206 1327 1241 1354 et
1265 1327 1400 1363 pectora
1423 1326 1457 1354 et
1483 1332 1540 1353 ora
1560 1322 1654 1353 sinml
1675 1331 1771 1362 aper-

1087 1377 1123 1402 ta
1157 1377 1286 1412 gerant.
1326 1373 1463 1402 Torreat.
1535 1370 1677 1402 Audaces
1715 1381 1768 1402 no-

1083 1420 1138 1460 va]
1174 1421 1390 1461 Dithyrambi
1420 1421 1472 1451 vel
1503 1421 1647 1451 numeris
1674 1420 1769 1451 innu-

1085 1470 1196 1504 meris,
1223 1473 1259 1500 et
1283 1468 1423 1510 pedibus
1449 1469 1524 1509 lege
1549 1469 1665 1500 solutis
1692 1477 1769 1499 con·
1799 1496 1802 1502 ,

1085 1522 1189 1556 stant,
1213 1518 1266 1549 vel
1292 1522 1369 1548 sunt
1400 1527 1513 1548 versus
1546 1517 1643 1548 valde
1672 1518 1769 1548 vehe-

1084 1571 1213 1597 mentes
1228 1565 1268 1597 ad
1284 1566 1409 1597 animos
1428 1566 1661 1597 concitandos.
1706 1566 1770 1596 Di-

1085 1615 1268 1656 thyrambis]
1305 1615 1371 1646 Hic
1400 1624 1464 1645 non
1491 1614 1670 1646 dubitarim
1701 1618 1768 1645 tam

1086 1664 1126 1694 ad
1163 1664 1350 1693 cantionem
1387 1663 1495 1702 ipsam
1537 1662 1769 1703 rhythmicam,

1085 1721 1183 1752 quam
1207 1711 1248 1742 ad
1271 1711 1406 1742 chorum
1425 1711 1627 1743 Bacchicum
1649 1711 1769 1743 referri
1818 1726 1820 1729 ’

1086 1759 1351 1799 Dithyrambos;
1375 1760 1431 1800 qni
1454 1760 1496 1790 ad
1518 1769 1671 1791 numeros
1685 1761 1770 1801 ipse,

1086 1817 1175 1839 nunc
1191 1808 1223 1839 in
1238 1807 1405 1846 dextrum,
1421 1817 1509 1839 nitnc
1529 1808 1563 1839 in
1589 1808 1773 1847 sinistrum,

1086 1867 1206 1896 magno
1235 1861 1270 1888 et
1295 1857 1443 1897 corporis
1470 1861 1505 1887 et
1530 1857 1622 1888 vocis
1645 1858 1771 1897 impetu

1087 1906 1334 1947 contendebat:
1373 1906 1462 1946 quod
1493 1906 1569 1937 ideo
1599 1906 1771 1937 inventum

1087 1961 1151 1997 est,
1177 1966 1218 1987 ne
1247 1966 1313 1997 qua
1335 1965 1411 1996 pars
1433 1956 1582 1996 corporis
1611 1955 1772 1996 religione

1089 2010 1233 2044 vacaret,
1249 2005 1342 2046 qnasi
1366 2005 1500 2045 penitus
1521 2014 1616 2036 sacro
1638 2005 1772 2036 numine

1087 2054 1205 2094 afflati,
1214 2059 1250 2085 et
1262 2054 1403 2094 quodam
1419 2053 1530 2084 furore
1544 2053 1634 2092 capti
1647 2057 1770 2084 essent.

1085 2103 1174 2134 Vide
1204 2104 1302 2134 Alex.
1328 2103 1370 2133 ab
1395 2101 1493 2132 Alex.
1513 2111 1564 2132 tv.
1588 2104 1639 2132 1⁷.
1675 2101 1770 2140 eraq.

1086 2150 1324 2191 Dithyrambos]
1348 2149 1559 2190 Dithyrambi
1576 2153 1653 2180 sunt
1675 2149 1772 2181 metri

1087 2209 1192 2240 genus
1219 2199 1355 2230 liberius
1385 2198 1417 2229 in
1455 2199 1614 2229 honorem
1645 2197 1771 2230 Bacchi

1087 2250 1325 2291 compositum.

1098 2309 1102 2317 ·
1130 2303 1167 2330 11
1197 2298 1358 2338 Devolvit]
1399 2298 1564 2328 Deorsum
1593 2296 1708 2337 volvit,
1736 2297 1771 2328 id

1087 2352 1154 2389 est,
1168 2347 1270 2378 verba
1285 2346 1419 2386 grandia
1433 2346 1591 2386 loquitur.
1629 2345 1773 2377 Numer-is

1087 2398 1153 2436 lege
1177 2395 1300 2436 solutis]
1324 2394 1427 2435 Atqui
1453 2395 1580 2425 numeri
1606 2394 1679 2425 sine
1698 2394 1772 2434 lege

1074 2455 1162 2477 ‘esse
1177 2449 1358 2486 nequeunt.
1392 2445 1402 2461 ‘
1415 2443 1556 2484 Legem’
1577 2453 1659 2484 ergo
1673 2444 1771 2486 intel-

1088 2494 1240 2534 ligamus,
1254 2503 1319 2534 qna
1333 2492 1445 2532 Lyrici
1460 2501 1516 2522 seu
1530 2492 1645 2523 Melici
1657 2501 1772 2524 versus

1087 2542 1240 2574 adstricti
1257 2546 1331 2572 sunt
1349 2542 1391 2572 ob
1407 2541 1559 2581 strophas
1574 2541 1648 2571 illas
1664 2546 1699 2572 et
1714 2549 1771 2572 an-

1089 2591 1271 2632 tistroplias
1293 2591 1361 2620 sive
1382 2590 1626 2627 conversiones,
1641 2590 1770 2630 quasin

1089 2640 1276 2671 Pindaricis
1291 2638 1492 2670 carminibus
1507 2638 1683 2669 cernimus.
1712 2636 1770 2668 Di-

1090 2688 1254 2729 tlnyrambi
1276 2688 1361 2718 enim
1391 2687 1496 2717 multo
1525 2685 1772 2721 concitatiores,

1089 2747 1128 2769 ac
1145 2738 1248 2768 veluti
1263 2746 1283 2767 a
1299 2735 1491 2776 Lymphatis
1512 2733 1619 2774 effusi,
1639 2732 1766 2772 maJore

1089 2787 1223 2818 licentia
1250 2783 1472 2826 profluebant.
1503 2783 1590 2813 Tor-r.
1640 2781 1767 2820 Fertur]
