1890 3230
451 320 659 351 nourrii
695 317 971 350 sannionum
1007 318 1101 348 ms.
1135 317 1187 348 ιι.
1216 306 1258 348 5.

128 413 287 447 narrasti.

166 467 186 496 2
202 462 359 504 Anniam]
383 462 572 504 Naufragio
589 461 753 504 perditas,
778 461 822 492 ob

123 515 209 547 Solis
233 515 336 547 boves
359 523 379 546 a
401 514 498 546 sociis
522 514 674 551 violatos,
703 517 822 544 contra

123 565 266 597 Tiresiae
288 564 474 596 oraculum.
500 565 597 605 qu.
641 562 720 604 Res]
742 562 822 595 Jac-

123 620 216 648 tnras
231 616 426 656 praeteritas
441 615 618 647 resarcire.

164 667 184 696 8
207 665 343 697 Artibus
355 668 449 706 atque
463 663 578 704 modis]
599 663 622 696 J
626 673 686 695 ure
703 664 756 695 vel
772 664 821 695 in-

114 714 221 755 juria.
254 715 371 746 Jamne
381 715 483 746 doloso
498 714 570 745 Non
585 713 664 744 satis
678 717 736 753 est,
749 714 820 754 esa]

119 764 240 796 Scribe
253 764 366 800 dolose.
381 768 420 795 nt
434 763 641 804 lepidissime
657 763 703 794 illi
720 763 820 795 alteri

120 813 348 855 respondeat:
372 814 383 832 ‘
398 813 429 844 Ο
441 812 523 844 nulli
535 812 714 853 quicquam
727 821 819 843 men-

118 860 208 894 tite!
228 861 393 894 Heinsius.
437 860 570 901 Doloso]
592 859 706 893 Δόλιος
722 861 819 893 Grae-

118 912 170 943 cis
189 910 313 950 dictus,
339 911 509 943 communi
537 920 613 942 cum
644 910 819 942 Mercurio

118 959 286 1002 epitheto.
328 960 488 992 Videnda
503 966 616 992 autem
630 971 706 1002 quoe
722 965 818 992 nota-

119 1011 228 1043 vimus
244 1019 269 1043 ¹.
287 1010 358 1042 od.
373 1013 406 1042 6.
420 1011 430 1029 ⁸
445 1010 520 1041 Nec
537 1020 656 1042 cursus
670 1010 818 1052 duplicis

119 1069 184 1102 per
199 1069 293 1092 mare
307 1059 468 1101 Ulyssei!
513 1061 575 1091 Est
602 1065 714 1092 autem
741 1061 819 1092 Ern-

119 1109 233 1150 phasis
254 1109 289 1140 in
310 1109 422 1140 verbis
444 1109 510 1140 illis
530 1109 671 1141 Ithacam
693 1109 819 1146 revehi,-

118 1163 276 1191 votorum
300 1159 390 1190 enim
415 1166 543 1190 summa
571 1164 657 1199 erat,
686 1159 820 1200 patriae,

116 1218 188 1250 prae
198 1218 264 1251 qua
272 1209 564 1243 immortalitatem
578 1209 819 1250 repudiaverat

117 1259 274 1300 Ulysses‚
298 1257 424 1290 fumum
449 1259 615 1300 aspicere.
661 1259 709 1291 At
731 1261 783 1292 liic
799 1271 817 1291 a

56 1321 58 1324 ⁴
116 1308 248 1340 Tiresia
263 1307 306 1340 ad
330 1309 584 1348 recuperandas
607 1310 709 1342 etiam
734 1321 818 1351 opes

119 1358 297 1390 consilium
325 1359 470 1400 expetit.
497 1357 640 1392 Torreat.
685 1361 817 1401 Dolosa]

117 1407 243 1439 Nonne
257 1407 341 1439 satis
359 1412 413 1440 est
427 1408 490 1440 tibi
505 1414 618 1440 astuto
633 1414 668 1441 et
681 1409 815 1442 fallaci?

116 1456 150 1488 0
166 1457 319 1498 Ulysses,
333 1459 399 1490 ὅτε.
442 1458 530 1490 Sunt
544 1459 646 1491 verba
661 1460 814 1492 Tiresia».

163 1505 200 1546 [4
223 1507 313 1539 Num
328 1507 407 1539 satis
421 1508 504 1540 Vat.
531 1509 631 1540 Rom.
648 1512 699 1542 10.
715 1510 816 1550 patri-

119 1557 393 1589 osve‘Barberin.
407 1558 456 1598 1.]

119 1616 122 1619 ’
157 1609 176 1638 ⁵
196 1607 318 1638 Omani
337 1608 503 1648 quidquam
517 1607 661 1648 mentite]
686 1608 815 1648 Magna

114 1655 220 1687 divini
233 1652 323 1688 illius
332 1657 473 1688 Tiresiae
486 1657 571 1693 laus,
585 1657 655 1698 qui,
666 1657 756 1698 quod
773 1667 814 1689 ex

117 1704 271 1737 Homero
285 1706 337 1737 M.
350 1706 480 1737 Tullius
501 1715 639 1746 quoque
662 1706 815 1742 tradidit,

113 1754 205 1784 aolus
220 1753 312 1794 apud
334 1751 461 1784 inferos
487 1759 637 1794 saperet,
660 1764 735 1786 cum
759 1765 813 1786 ce·

115 1802 179 1833 teri
205 1803 410 1846 *umbrarum
462 1803 561 1834 modo
599 1809 816 1844 vagarentur.

118 1852 261 1884 Torrent.
307 1853 338 1883 0
357 1852 436 1883 nulli
457 1852 633 1893 quicquam]
664 1854 695 1885 Ο
719 1861 815 1886 vales

118 1902 283 1943 veridice,
293 1902 403 1944 inquit
414 1903 566 1944 Ulysses.
590 1903 639 1944 [0
650 1904 816 1944 quicquam

114 1953 194 1984 nsua·
211 1953 307 1984 vm.
323 1954 357 1983 7.
374 1955 426 1984 12.
443 1951 515 1992 13.]

156 2005 178 2033 6
194 2003 238 2034 Te
251 2001 337 2042 vate]
359 2003 407 2034 're
425 2003 644 2035 vaticinante.

155 2054 175 2083 ’1
205 2051 380 2093 Apamena]
415 2053 505 2086 Quid
537 2053 691 2093 horreum,
732 2054 813 2095 quid

114 2100 274 2142 «metheca,
298 2101 375 2133 vide
394 2111 450 2134 ιιι.
475 2102 543 2135 Od.
559 2105 612 2134 28.
656 2103 815 2144 Apotheca

113 2150 230 2191 procis]
254 2150 400 2190 Penum,
416 2152 468 2183 vel
484 2153 737 2193 repositorium.

156 2202 177 2231 8
200 2199 279 2231 Nisi
296 2210 365 2231 cum
386 2201 437 2242 re]
462 2202 536 2233 Nisi
567 2211 643 2234 cum
673 2203 813 2236 divitiis.

114 2248 217 2289 Alga]
243 2249 357 2293 Herba
373 2251 497 2282 nullius
514 2260 606 2283 usus.
650 2252 739 2283 Vide
754 2263 811 2285 ιιι.

113 2299 183 2331 od.
201 2301 254 2332 17.
299 2299 398 2340 [Vat.
414 2301 510 2332 Rom.
523 2304 557 2333 5.
568 2306 604 2333 et
617 2302 766 2334 Chisian.
782 2307 812 2336 l.

111 2349 278 2389 augustine
294 2348 367 2388 est]

155 2400 177 2429 9
201 2398 334 2433 Quando
361 2398 555 2438 pauperiem,
581 2399 651 2440 lya]
681 2400 812 2432 Quoni-

114 2456 181 2487 am,
205 2449 271 2478 &tt-
288 2447 399 2487 inquit
424 2448 580 2478 Tiresias.
622 2448 814 2488 Ambagilms

114 2496 236 2537 lum-res]
279 2496 399 2536 Longo
441 2497 621 2529 verborum
666 2498 813 2530 circuitu

115 2544 251 2576 omisso.
288 2572 292 2577 ,

162 2597 203 2626 10
218 2594 359 2635 maram]
373 2594 452 2626 Sive
468 2596 600 2628 turdus.

158 2646 199 2676 u
226 2644 378 2684 Privum]
407 2645 466 2676 Sic
490 2647 500 2663 ‘
517 2646 620 2677 Priva
646 2646 815 2687 triremis:

116 2693 229 2735 Epist.
245 2702 271 2726 1.
286 2693 328 2725 ad
345 2694 585 2735 Maecenatem,
606 2695 639 2726 id
657 2701 724 2737 est,
745 2706 815 2736 sua,

116 2745 188 2776 sive
203 2743 360 2785 propria:
377 2745 565 2785 opponitur
576 2746 662 2776 enim
678 2746 815 2787 navigio

114 2793 298 2826 conducto.
341 2794 395 2826 De
411 2795 557 2835 genuina
577 2800 691 2827 autem
715 2806 815 2828 voca-

116 2843 188 2876 buli
200 2844 300 2886 hujus
309 2843 558 2886 significatione
568 2850 663 2878 recte
673 2846 794 2880 Festus
805 2858 815 2888 3

1461 306 1575 348 1727

874 411 923 443 ait
948 411 1036 444 enim
1068 411 1077 429 ‘
1094 410 1209 452 privos
1239 409 1420 452 privasque
1447 409 1573 442 dixisse

873 462 1032 503 antiquos
1050 470 1111 502 pro
1126 460 1291 501 singulis;
1313 460 1402 491 unde
1416 463 1452 492 et
1462 460 1574 501 priva·

873 516 908 542 ta
923 512 1084 544 dicautur
1108 521 1184 553 quoe
1202 510 1466 552 uniuscujusque
1482 510 1548 542 sint
1563 521 1572 542 τ

872 561 950 593 binc
979 561 1084 603 igitur
1115 566 1151 593 et
1181 560 1422 603 privilegium!
1481 562 1573 595 Quia

871 620 966 651 vero,
990 621 1067 653 quae
1092 611 1299 652 singulorum
1323 615 1414 651 sunt,
1436 611 1572 642 cariora

870 661 1052 701 habentur,
1066 671 1165 703 quam
1184 671 1259 702 quae
1276 661 1309 693 in
1327 671 1389 693 usu
1411 661 1572 703 publico;

870 712 998 744 sactum
1009 713 1102 753 inde,
1115 719 1152 743 ut
1161 712 1444 754 quemadmodum
1458 713 1573 753 singu·

870 761 941 792 lare
958 766 1061 803 atque
1078 761 1229 799 unicum,
1249 762 1299 792 sic
1323 761 1425 793 etiam
1447 762 1572 802 privum

870 820 932 851 pro
949 820 1001 850 eo,
1018 811 1108 851 quod
1130 811 1291 841 eximium
1317 820 1358 842 ae
1382 820 1493 842 rarum
1517 813 1574 846 sit,

869 865 905 892 et
920 860 1060 892 minime
1077 860 1285 901 gregarium,
1301 861 1510 900 accipiatur3
1534 866 1572 892 ut

870 911 962 952 apud
992 911 1160 942 Lucilium
1174 921 1183 941 :
1209 911 1219 927 ‘
1230 910 1424 941 Abdomina
1451 910 1570 942 thnnni

869 961 976 992 Priva
993 959 1107 992 dabo!
1133 960 1175 991 Et
1192 961 1254 991 hoc
1267 961 1342 1001 ipso
1359 961 1454 992 loco:
1472 961 1572 992 aliter

869 1010 957 1042 enim
974 1019 1147 1051 exponere
1164 1009 1326 1050 frigidum
1344 1010 1388 1041 sit
1406 1016 1441 1041 et
1457 1011 1570 1042 inane.

872 1061 1015 1092 Torrent.
1061 1059 1207 1099 Privum]
1229 1060 1309 1091 Sive
1334 1060 1426 1091 aliud
1457 1061 1569 1101 priva⁴

870 1116 953 1143 tum.
1001 1111 1130 1143 Devolet
1145 1111 1234 1151 illuc]
1253 1110 1418 1152 Apposita
1429 1110 1570 1142 festina-

870 1161 954 1192 tioni
967 1161 1186 1201 Metaphora,
1199 1161 1243 1192 ab
1257 1161 1376 1192 avibus
1392 1161 1481 1192 dono
1494 1160 1572 1192 mit-

870 1210 982 1241 tendis
1010 1211 1204 1252 desumpta,
1226 1219 1269 1241 ne
1290 1210 1374 1241 alius
1389 1219 1504 1242 senem
1520 1209 1571 1240 di-

871 1261 974 1291 vitem
1001 1265 1238 1300 praeoccupet:
1264 1270 1329 1290 nou
1356 1269 1453 1298 raro;
1475 1269 1570 1291 nam-

869 1319 935 1349 que
965 1311 1086 1340 nocuit
1117 1308 1257 1341 differre
1286 1310 1428 1350 paratis.
1475 1309 1570 1350 Cruq.

867 1359 1002 1391 Devolet
1017 1359 1108 1401 illuc]
1134 1359 1321 1391 Deferatur
1336 1360 1431 1391 illuc.

912 1411 952 1440 12
979 1410 1046 1441 Res
1066 1410 1163 1450 nitet]
1191 1410 1295 1441 Nitor
1320 1410 1440 1441 domus
1470 1419 1570 1450 argu—

868 1464 1019 1491 mentum
1032 1465 1085 1491 est
1097 1459 1304 1492 divitiarum.
1335 1460 1452 1491 Dulcia
1460 1459 1570 1500 poma]

868 1510 947 1541 Non
962 1514 1095 1541 certum
1109 1510 1244 1551 aliquod
1257 1510 1347 1551 pomi
1360 1519 1570 1551 genus,qna-

866 1559 911 1590 lia
921 1559 1087 1591 melimela
1101 1568 1121 1590 a
1134 1569 1256 1600 sapore
1269 1559 1378 1590 mellis
1391 1558 1500 1597 dicta,
1511 1563 1570 1589 aut

866 1612 1009 1649 mustea,
1034 1608 1094 1639 sed
1118 1617 1344 1650 quaecumque
1369 1608 1571 1649 pra-stantia

866 1658 935 1690 siut
951 1663 987 1689 et
1004 1658 1140 1697 placere
1158 1658 1301 1697 possint.
1335 1657 1441 1688 Fundi
1455 1652 1569 1688 aut'em

865 1707 994 1736 honores
1005 1705 1106 1744 dixit,
1123 1710 1160 1736 ut
1175 1705 1257 1736 alibi
1272 1706 1379 1737 ‘ruris
1394 1705 1569 1738 honores.'

869 1755 1016 1786 Torrent.

910 1807 950 1836 13
974 1803 1136 1845 Honores]
1168 1804 1330 1844 Optimos
1354 1802 1487 1836 fructus
1511 1804 1570 1836 ho-

865 1854 1005 1886 noribus
1022 1854 1163 1885 deorum
1180 1854 1326 1885 debitos.

911 1907 949 1936 14
962 1907 1046 1936 Ante
1054 1903 1186 1944 Larem]
1202 1904 1355 1936 Turneb.
1366 1914 1408 1937 Π.
1423 1907 1475 1936 19.
1501 1906 1568 1937 An-

864 1957 895 1986 te
910 1954 1040 1994 Larem]
1057 1953 1252 1995 Antequam
1268 1953 1441 1986 fructuum
1453 1955 1570 1997 primi-

866 2006 931 2036 tias
946 2005 1091 2036 Laribus
1108 2005 1176 2035 tuis
1193 2003 1331 2036 offeras.

909 2057 948 2085 15
975 2054 1039 2089 Qui
1054 2054 1209 2095 quamvis]
1231 2055 1353 2086 Monet
1378 2054 1486 2086 omnis
1510 2063 1568 2095 ge-

865 2104 955 2135 neris
970 2103 1094 2135 divites
1111 2114 1185 2134 esse
1200 2103 1402 2144 captandos,
1431 2104 1568 2144 probos,

866 2154 1049 2193 improbos,
1065 2154 1210 2193 nobiles,
1225 2153 1404 2195 ignobiles,
1416 2156 1480 2186 &c.
1490 2163 1567 2186 nam

863 2204 979 2235 valere
995 2203 1126 2234 debent
1142 2204 1252 2244 pudor
1267 2208 1304 2235 et
1319 2204 1484 2244 probitas,
1509 2204 1568 2235 ubi

862 2252 904 2283 de
920 2253 1108 2283 nummaria
1124 2262 1160 2283 re
1178 2253 1310 2294 agitur-3
1331 2254 1454 2285 Virtus
1477 2254 1568 2286 enim

862 2308 940 2343 post
957 2314 1123 2335 nummos.
1141 2304 1236 2345 Cruq.
1261 2304 1340 2336 Sine
1354 2305 1466 2346 gente]
1482 2307 1567 2337 Cum

862 2351 906 2382 de
923 2352 1014 2382 civili
1030 2353 1234 2392 cognatione
1247 2355 1374 2393 agitur,
1387 2355 1398 2371 ‘
1410 2361 1549 2394 gentem
1560 2354 1571 2367 '

863 2402 892 2432 is
908 2401 1058 2431 ‘habere
1070 2400 1080 2414 '
1103 2400 1243 2441 dicitur,
1255 2402 1311 2442 qui
1325 2403 1473 2443 maj0res
1489 2413 1567 2435 suos

864 2450 965 2481 simili
987 2450 1123 2481 nomine
1146 2449 1238 2481 ciere
1261 2451 1394 2491 possit:
1418 2451 1507 2483 unde
1531 2457 1569 2484 et

864 2499 954 2540 apud
972 2500 1111 2531 Festum
1129 2499 1177 2531 ait
1196 2499 1336 2532 Cincius
1351 2510 1360 2531 ε
1383 2501 1393 2518 ‘
1407 2500 1567 2534 Gentiles

863 2550 943 2580 mihi
965 2554 1044 2581 sunt
1059 2549 1117 2591 qui
1133 2559 1209 2580 meo
1233 2550 1368 2581 nomine
1395 2551 1570 2593 appellan-

863 2599 946 2638 tur-,³
963 2603 1034 2639 aut,
1046 2603 1085 2630 ut
1102 2599 1233 2639 plenius
1250 2609 1292 2631 ex
1309 2600 1474 2633 Scaevolae
1491 2612 1568 2634 sen-

866 2649 975 2680 tentia
1002 2649 1035 2679 in
1056 2648 1191 2689 Topicis
1218 2650 1360 2683 Cicero:
1385 2652 1567 2685 ‘Gentiles

865 2703 943 2730 sunt
960 2699 1018 2740 qni
1034 2698 1152 2730 eodem
1167 2700 1302 2733 nornine
1318 2706 1398 2734 sunt
1414 2711 1457 2734 ex
1472 2703 1567 2744 inge-

865 2749 939 2780 nuis
963 2748 1109 2786 oriundi,
1125 2759 1268 2791 quorum
1283 2751 1450 2792 majorum
1466 2761 1566 2784 nemo

865 2800 1066 2831 servitutem
1080 2800 1238 2842 servivit,
1256 2804 1290 2832 et
1306 2801 1364 2843 qui
1378 2799 1490 2843 capite
1506 2801 1565 2835 de-

865 2849 988 2883 minuti
1017 2859 1084 2882 non
1112 2849 1213 2882 sunt.'
1271 2851 1457 2884 Libertinae
1483 2861 1564 2894 ergo
