1916 3262
529 264 740 298 noum-11
775 265 1046 297 οΑηΜιΝυΜ
1081 265 1178 297 mn.
1210 266 1278 296 ιν.
1304 256 1349 297 2.

210 361 382 395 Pindarus
406 362 500 394 velut
523 365 616 392 vates
639 359 772 401 rapitur
793 367 909 390 nume-

210 422 324 444 rorum
348 411 682 454 Dithyrambicornm
713 409 841 451 majore
872 409 909 440 li-

209 463 336 494 centia.

255 515 294 544 1³
317 512 379 545 Seu
393 514 478 553 deos,
489 520 634 552 regesque
648 509 750 550 canit]
767 510 777 528 ‘
792 508 909 545 Deos.’

209 568 248 596 ut
263 563 482 605 Apollinem:
499 565 509 581 ⁸
520 561 656 603 Reges‚’
667 567 706 593 ut
721 561 908 593 Hieronem

209 614 467 655 Syracusanum,
484 612 541 654 qui
566 620 627 643 suo
656 615 813 650 tempore
836 620 909 651 reg-

209 663 303 695 navit
326 663 359 694 in
381 662 507 694 Sicilia.
551 661 691 692 Deorum
709 658 908 700 sanguinem]

208 713 319 745 Prisci
347 718 459 744 autem
486 720 583 752 reges
609 710 659 741 illi
680 719 797 742 omnes
814 719 910 741 suam

210 763 255 794 ad
282 762 372 794 Deos
403 761 565 801 originem
597 759 805 792 referebant.
865 760 910 791 Et

207 811 334 853 alioqui
349 810 503 848 βασιλέας
516 809 568 842 καὶ
585 809 722 842 ἄνακτας
742 810 911 842 vocabant

205 861 335 902 Graeci,
351 861 441 893 viros
455 870 676 902 quoscunque
700 861 911 892 excellentes

206 921 247 944 ac
265 921 386 952 magna
405 911 495 953 apud
519 921 596 942 suos
613 911 719 951 gloria
737 910 912 951 praeditos,

206 971 411 1004 quamquam
428 971 495 992 non
513 961 734 1002 imperarent.
762 960 852 992 Tor-r.

251 1014 292 1044 14
307 1012 375 1044 Per
386 1021 461 1052 quos
475 1011 610 1042 cecidere
617 1010 724 1051 justa]
744 1010 814 1041 Per
825 1020 910 1052 quos

206 1060 413 1102 (Herculem
429 1067 465 1093 et
477 1061 686 1102 Pirithoum)
700 1061 818 1092 divicti
830 1066 910 1093 sunt

207 1111 372 1143 Centauri
388 1112 548 1143 Thraciae
565 1111 695 1153 populi,
712 1111 769 1152 qui
786 1121 805 1142 a
820 1111 909 1142 Poe-

208 1161 250 1191 tis
264 1160 439 1202 finguntur
455 1171 529 1193 esse
545 1161 655 1192 media
667 1166 766 1202 parte
781 1161 857 1201 viri,
874 1166 909 1192 et

206 1211 318 1242 media
344 1212 435 1252 equi,
459 1211 625 1252 originem
643 1211 685 1242 ab
702 1211 822 1242 Ixione
841 1215 909 1242 tra·

205 1260 338 1293 luentes.
362 1260 606 1302 [Marklandus
621 1270 675 1301 ap.
690 1261 800 1293 Jaeck
813 1271 822 1292 :
838 1262 848 1278 ‘
861 1270 910 1292 ce-

204 1311 318 1343 cidere.
341 1310 396 1342 An
404 1311 495 1349 justo
511 1311 620 1342 Marte
631 1310 679 1350 θ’]

247 1363 289 1391 16
312 1360 457 1391 Flamma
485 1359 665 1400 Chimoeroe]
696 1360 766 1399 Per
794 1360 906 1391 Belle—

205 1409 407 1450 rophontem
443 1409 570 1440 cecidit
601 1409 782 1448 Cluimaera,
811 1409 908 1450 cujus

204 1458 272 1490 tria
299 1458 416 1500 capita
445 1459 557 1500 iguem
587 1457 716 1492 efflant.
768 1460 857 1492 Vide
883 1469 908 1491 1.

205 1508 341 1541 od.2⁷.

246 1560 287 1591 17
310 1559 386 1592 Sive
398 1559 488 1601 quos]
512 1559 590 1591 Sive
609 1560 708 1600 dicit,
725 1564 762 1591 et
787 1559 906 1591 laudat

203 1618 278 1649 eos,
291 1619 373 1651 quos
389 1610 533 1641 victoria
548 1610 638 1651 apud
656 1609 790 1642 Elidem
807 1614 907 1651 parta

203 1659 340 1691 domum
363 1660 497 1692 reducit
520 1661 689 1700 coelestes,
706 1660 740 1691 id
757 1665 822 1700 est,
837 1670 906 1691 coe-

202 1709 347 1741 lestibus
386 1710 430 1741 ob
465 1710 605 1750 gloriam
646 1708 906 1750 comparandos.

205 1758 286 1789 Eleu
299 1757 450 1797 coelestes]
476 1759 531 1789 De
557 1757 672 1797 Elide,
697 1758 907 1798 Peloponesi

204 1807 246 1837 ad
261 1816 422 1838 occasum
438 1811 475 1838 et
494 1807 621 1848 oppido
639 1812 676 1838 et
702 1816 796 1848 agro,
811 1807 907 1837 multi

206 1857 314 1886 multa
340 1856 522 1896 scripsere.
566 1855 655 1887 Vide
681 1855 772 1887 Plin.
797 1864 848 1887 tv.
874 1859 908 1888 6.

206 1905 300 1938 Hinc
316 1916 398 1947 ergo
421 1907 431 1924 ⁴
450 1907 553 1938 Eleus
570 1906 737 1948 campus‚'
758 1910 795 1938 et
815 1906 908 1947 apud

205 1958 304 1999 virg.
327 1960 337 1978 ⁸
353 1959 492 1990 Eliades
507 1958 628 2001 equae‚'
643 1962 708 1991 &c.
741 1958 909 2001 Appellat

204 2014 320 2040 autem
347 2009 495 2040 victores
523 2009 695 2051 Olympiae
716 2010 910 2049 Coelesteis,

206 2059 296 2100 quod
329 2059 423 2091 Deos
453 2059 559 2098 gloria
589 2060 745 2100 proxime
775 2060 907 2092 contin-

204 2114 308 2149 gant:
333 2109 361 2140 si
377 2109 512 2151 quidem
535 2109 624 2140 idem
642 2114 718 2141 erat
734 2110 856 2142 vicisse
872 2110 905 2142 in

203 2159 389 2201 Olympiis,
411 2159 502 2201 quod
527 2160 644 2192 Romae
667 2161 906 2202 triumphasse.

207 2209 352 2242 Torrent-

249 2262 290 2292 18
312 2260 508 2300 Pngilemiae,
523 2259 686 2300 equumte]
706 2260 819 2302 Lyrici
835 2270 907 2292 car-

203 2311 303 2342 minis
318 2311 470 2342 materia.
491 2311 502 2328 ‘
515 2310 560 2341 Et
576 2311 728 2351 pugilem
741 2311 906 2343 victorem

205 2366 243 2392 et
257 2370 382 2401 equum
408 2361 594 2392 certamine
617 2359 775 2401 primum,
795 2361 839 2392 Et
849 2361 906 2402 ju-

205 2418 329 2440 venum
345 2418 458 2449 euras,
474 2413 511 2440 et
526 2409 635 2440 libera
650 2409 728 2441 vina
751 2409 906 2443 referre!

206 2458 399 2498 Pugilenwe,
409 2458 569 2498 equumve]
582 2458 651 2489 Seu
663 2460 828 2500 pugilatu,
844 2469 906 2492 seu

205 2516 369 2548 equorum
384 2516 485 2538 eursu
501 2509 712 2547 superiorem
728 2508 827 2540 dicit.

249 2558 291 2587 19
314 2556 447 2588 centum
460 2556 578 2596 potiore
592 2556 708 2597 signis]
734 2557 811 2588 Hoc
827 2558 906 2590 ideo

206 2605 304 2646 dicit,
327 2605 418 2647 quod
440 2605 628 2637 victoribus
655 2606 810 2638 omnibus
837 2612 905 2640 sta-

204 2661 274 2688 tuae
291 2656 430 2697 publice
445 2655 672 2696 ponebantur.
698 2655 841 2688 Tor-rent.

247 2710 291 2739 20
317 2707 451 2739 Munere
471 2705 582 2746 donat]
610 2706 825 2738 Carminibus
847 2707 907 2739 do-

206 2762 278 2797 nat,
306 2766 382 2798 quae
409 2762 487 2788 sunt
517 2760 655 2788 centum
683 2757 804 2790 statuis
832 2758 906 2790 diu—

206 2807 371 2839 turniora.

1547 257 1662 302 1499

1001 361 1041 390 21
1067 358 1183 390 Flebili
1201 358 1338 400 sponsoe]
1361 358 1487 400 Dignae
1509 358 1592 393 fletu
1620 373 1661 395 ae

959 408 1138 450 lacrymis:
1163 413 1202 440 ut
1224 417 1250 440 1.
1273 408 1342 440 od.
1364 410 1417 440 24.
1439 408 1584 440 ‘Multis
1605 411 1662 443 ille

959 457 1097 499 quidem
1113 456 1237 490 flebilis
1254 457 1407 490 occidit.'
1440 459 1559 491 Flebili
1573 470 1662 500 spon·

957 507 1019 548 soe]
1040 507 1120 539 Sive
1143 508 1179 539 in
1202 507 1388 549 Epitaphio
1404 508 1568 549 exprimit
1591 510 1663 550 plo-

958 562 1068 588 ratum
1083 556 1206 589 flebilis
1230 567 1377 599 sponsae,
1400 562 1545 599 propter
1560 558 1663 600 juve-

959 617 1035 640 nem
1064 618 1226 650 sponsnm
1254 610 1434 641 immatura
1461 614 1572 642 morte
1597 610 1663 643 sibi

959 663 1128 698 ereptum.

1001 711 1044 740 22
1072 709 1176 745 Vires,
1192 709 1406 751 animumque]
1427 710 1515 742 Sunt
1537 711 1595 752 qui
1615 711 1664 742 vi-

958 770 1009 792 res
1032 770 1094 802 pro
1110 760 1240 792 virtute
1257 764 1443 802 exponant.
1489 760 1559 792 Alii
1580 761 1664 792 vires

959 810 1152 852 animumque
1169 820 1231 852 pro
1247 811 1349 842 animi
1359 811 1502 851 viribus,
1515 811 1580 843 hoc
1596 818 1662 848 est,

960 870 1022 902 pro
1038 860 1243 893 fortitudine
1262 862 1452 904 accipiunt,
1469 862 1566 904 quasi
1582 872 1663 894 vero

961 919 1026 941 non
1044 912 1144 942 etiam
1161 912 1315 952 corporis
1330 913 1420 944 vires
1437 921 1530 954 saepe
1545 912 1664 944 laudet

960 960 1144 993 Pindarus.
1177 962 1322 994 Torrent.

1002 1013 1043 1042 23
1066 1012 1189 1043 Aur-eos
1205 1012 1347 1053 deducit]
1371 1012 1416 1043 Et
1430 1011 1536 1043 bonos
1550 1021 1662 1044 mores

960 1060 1115 1101 ejusdem
1125 1061 1264 1100 juvenis
1277 1060 1379 1093 effert
1391 1061 1433 1092 ad
1449 1066 1551 1094 astra.
1574 1063 1663 1093 Edu-

959 1109 1005 1140 cit
1030 1110 1065 1140 in
1089 1111 1191 1152 astra]
1219 1111 1277 1142 Sic
1303 1111 1440 1152 quidem
1462 1116 1533 1143 tres
1557 1113 1664 1143 nostri

960 1159 1116 1191 codices:
1144 1160 1205 1192 sed
1229 1161 1344 1202 plures
1373 1171 1412 1193 ac
1435 1162 1592 1194 meliores
1613 1172 1663 1194 re-

959 1210 1046 1242 ducit
1062 1210 1212 1242 habent:
1231 1217 1268 1243 ut
1282 1220 1322 1243 11.
1337 1211 1410 1243 Sat.
1422 1211 1431 1228 ‘
1444 1211 1490 1242 Di
1503 1210 1567 1243 tibi
1580 1211 1664 1243 dent

960 1265 1064 1301 capta
1080 1262 1221 1292 classem
1238 1261 1404 1293 reducere
1419 1261 1548 1303 Troja.’
1592 1261 1663 1293 Ubi

960 1309 1089 1349 vulgati
1111 1309 1188 1340 libri
1210 1310 1366 1342 similiter
1383 1311 1392 1327 ‘
1405 1310 1598 1342 deducere’
1615 1311 1663 1342 le-

958 1364 1054 1399 gunt.
1082 1359 1226 1390 Torrent.

1001 1411 1043 1440 24
1066 1409 1192 1441 Invidet
1212 1409 1310 1450 Orco]
1333 1409 1470 1441 Invidet
1491 1409 1606 1445 morti,
1627 1410 1661 1441 id

959 1464 1023 1495 est,
1039 1468 1058 1489 a
1074 1463 1184 1490 morte
1206 1463 1242 1490 et
1257 1458 1431 1491 oblivione
1455 1468 1532 1490 enm
1553 1459 1661 1491 vindi-

958 1513 1028 1540 cat.

1000 1561 1040 1590 25
1065 1559 1171 1590 Multa
1194 1559 1370 1601 Dircaeum]
1396 1559 1507 1600 Lycus
1529 1559 1662 1592 Theba-

956 1621 1031 1643 rum
1059 1621 1133 1651 rex,
1157 1612 1338 1652 repudiata
1364 1621 1470 1643 uxore
1496 1611 1662 1654 Antiopa,

959 1662 1088 1692 Dircen
1106 1661 1218 1692 duxit.
1256 1660 1443 1701 Antiopam
1457 1663 1662 1702 compressit

957 1710 1109 1751 Jupiter,
1125 1720 1227 1752 quam
1253 1711 1360 1742 Dirce
1386 1710 1562 1751 suspicata
1584 1721 1661 1742 cum

958 1760 1082 1791 marito
1098 1760 1208 1791 adhue
1223 1769 1460 1798 consuescere,
1473 1760 1507 1790 in
1527 1760 1663 1793 vincula

958 1809 1123 1850 conjecit.
1147 1809 1238 1840 unde
1261 1809 1320 1840 illa
1333 1809 1430 1842 Jovis
1445 1809 1661 1842 miseratione

957 1859 1116 1897 liberata,
1127 1859 1162 1890 in
1179 1858 1400 1891 Citlieronem
1416 1864 1566 1891 montem
1580 1869 1662 1892 oon-

957 1908 1104 1950 fugiens,
1127 1909 1274 1941 Zethum
1298 1908 1346 1940 ibi
1374 1913 1410 1940 et
1434 1909 1660 1950 Amphionem

957 1959 1106 2001 peperit.
1132 1960 1189 2001 qui
1212 1959 1332 2000 adulti,
1353 1959 1539 1992 interfecto
1555 1961 1662 2002 Lyco,

957 2010 1076 2041 matris
1091 2010 1261 2048 aemulam,
1277 2009 1356 2051 eqni
1373 2009 1530 2041 indomiti
1542 2011 1660 2043 cnuidae

956 2058 1150 2099 alligarunt.
1205 2060 1293 2092 Qum
1321 2059 1381 2090 diu
1411 2064 1559 2100 raptata,
1582 2061 1660 2092 Diis

956 2109 1096 2141 tandem
1121 2110 1454 2149 commiserantibus,
1475 2110 1510 2141 in
1528 2109 1660 2143 fontem

955 2168 1024 2190 nou
1041 2160 1159 2200 procul
1177 2169 1196 2190 a
1209 2159 1332 2191 Thebis
1347 2168 1523 2199 conversa,
1545 2160 1577 2191 ei
1602 2170 1661 2192 no-

954 2217 1032 2240 men
1059 2208 1170 2241 dedit.
1230 2210 1322 2242 Hinc
1351 2210 1549 2252 ‘Amphion
1579 2211 1661 2242 Dir-

955 2258 1071 2290 caeus-³
1108 2259 1156 2291 Et
1185 2260 1372 2292 ‘Dircaeus
1397 2260 1543 2301 cycnus'
1572 2261 1658 2292 The-

955 2308 1034 2340 bani
1059 2309 1171 2350 poetae
1196 2319 1257 2341 seu
1274 2309 1433 2349 Pindari,
1449 2310 1659 2351 periphrasis

956 2365 1010 2390 est
1024 2370 1032 2391 z
1057 2365 1096 2391 ut
1111 2361 1121 2377 ‘
1135 2360 1239 2391 Teius
1254 2360 1400 2401 cycnus'
1417 2360 1658 2392 Anacreontis.

957 2411 1004 2442 Et
1034 2419 1096 2441 cur
1122 2411 1242 2451 cycnis
1272 2416 1516 2452 comparentur
1546 2411 1658 2452 poe'tae

957 2465 1038 2491 ante
1064 2460 1195 2492 dictum
1222 2464 1285 2497 est,
1311 2470 1351 2492 ιι.
1373 2460 1510 2492 Od.2o.
1556 2461 1659 2492 Nunc

956 2509 1079 2540 addam
1104 2509 1204 2540 simili
1228 2510 1359 2541 ratione
1383 2511 1427 2541 ob
1443 2514 1562 2541 cautus
1584 2509 1659 2541 dul-

956 2558 1124 2597 cedinem,
1142 2558 1245 2589 etiam
1261 2560 1270 2575 ‘
1282 2558 1436 2589 Sirenas’
1457 2567 1515 2590 eos
1532 2560 1658 2591 vocari.

957 2609 1048 2641 Tm.
1095 2608 1258 2639 Dircoeum
1272 2609 1352 2640 levat
1363 2608 1455 2649 aura]
1471 2609 1658 2643 Pindarum

957 2658 1101 2690 Poe'tam
1142 2657 1354 2697 Thebanum,
1387 2659 1436 2690 sic
1467 2659 1656 2692 dietum-a

958 2706 1072 2749 Dyrce
1086 2707 1182 2739 fonte
1196 2707 1368 2740 Thebano.
1395 2709 1555 2750 Cygnum]
1569 2709 1657 2742 Poe‘·

957 2763 1048 2798 tam3
1072 2767 1147 2789 nam
1171 2761 1210 2789 ut
1232 2767 1362 2799 cygnus
1378 2767 1472 2799 aura,
1493 2765 1529 2791 et
1554 2765 1655 2792 vento

956 2809 1089 2841 levatus
1105 2808 1139 2839 iu
1155 2808 1259 2840 altum
1274 2808 1364 2840 volat
1378 2819 1387 2848 ς
1411 2809 1459 2841 sic
1472 2809 1654 2848 Pindarus,
