1916 3262
451 313 663 350 HoRArn
711 313 984 343 CARMfflUM
1024 313 1117 343 [AB.
1150 314 1180 343 1.
1211 304 1252 343 2.

134 406 168 438 id
199 406 288 449 quod
318 406 478 443 instituit.
508 405 664 437 nimirum
694 409 732 436 ut
758 403 830 436 Au-

134 462 269 499 gustum
286 459 410 491 Divum
426 457 541 496 faciat,
565 455 622 498 qui
645 455 746 486 rebus
756 455 830 496 jam

134 518 244 550 prope
260 507 450 550 desperatis
466 507 499 538 in
515 511 670 547 tempore
694 515 831 537 succur-

133 563 199 591 rat.
224 559 321 600 Cruq.
367 559 563 594 Quemvocet
576 555 713 596 Divum]
742 556 832 587 Hac-

134 614 234 640 tenus
267 609 311 641 de
339 607 498 647 ostentis,
527 615 617 637 nnuc
644 606 686 637 ad
715 615 832 637 eorum

133 658 392 699 procurationes
418 667 458 689 ac
479 657 654 688 numinum
679 657 833 688 obsecra-

134 708 246 740 tiones
271 708 493 740 convertitur.
540 707 639 742 Quem
661 709 750 738 vocet
772 706 834 738 Di-

132 757 221 799 vum]
242 758 334 798 Ergo
348 767 448 799 quem
464 758 590 789 Divum
614 762 712 789 vocet
727 767 834 799 popu-

132 808 209 840 lus?
223 809 292 851 &cf

171 859 216 889 26
238 856 357 898 Imperi
371 857 477 900 rebus]
506 858 570 890 Est
587 858 764 898 imperium
784 858 835 899 ip·

130 917 216 940 sum.
269 907 394 950 Rebus]
414 908 583 940 Libertati
610 915 646 939 et
672 908 834 949 dignitati

131 961 282 998 senatus,
296 958 469 999 vergentis
487 958 530 990 ad
546 958 690 990 ruinam.
736 959 835 990 Prece

131 1017 192 1048 qua
206 1007 369 1048 fatigent]
393 1008 526 1041 Quibus
555 1008 715 1049 precibus
733 1009 834 1050 virgi-

131 1066 192 1088 nes
207 1057 368 1090 Vestales
384 1057 536 1099 impense
552 1062 674 1099 rogent
689 1063 724 1090 et
737 1058 834 1090 obse-

131 1117 230 1140 crare
241 1109 389 1141 debeant
403 1110 547 1141 Vestam
561 1110 572 1140 ?

174 1162 216 1192 2⁴1
244 1160 392 1201 Virgines
406 1161 538 1202 sanctae]
568 1161 741 1201 Vestales,
757 1170 834 1202 per-

132 1215 247 1252 petuae
259 1211 463 1252 virginitatis
471 1212 599 1244 honore
613 1211 835 1243 venerabiles.

134 1259 250 1292 Quare
265 1269 332 1292 non
350 1262 444 1293 Deos
469 1266 602 1293 tantum
629 1261 834 1292 immortales

131 1309 200 1340 suis
227 1311 386 1351 precibus
413 1309 554 1342 flectere
581 1311 833 1350 credebantur3

132 1358 192 1391 sed
209 1365 246 1392 et
269 1361 359 1401 apud
385 1361 567 1401 Principes
590 1362 680 1392 viros
703 1371 833 1392 summa

131 1409 262 1440 illarum
275 1410 310 1440 in
322 1410 542 1450 deprecando
555 1409 620 1441 fuit
634 1410 832 1441 auctoritas.

130 1459 243 1491 Minus
281 1460 473 1500 audientem]
518 1460 830 1491 Obsurdescentem

130 1509 272 1541 Vestam
307 1515 449 1550 propter
478 1510 681 1541 sceleratam
710 1519 830 1542 necem

129 1559 267 1600 cognati
283 1559 335 1591 sui
351 1559 437 1592 Julii
453 1559 608 1591 Caesaris.

129 1647 132 1651 Δ
171 1611 214 1640 28
240 1610 408 1651 Carmina]
446 1610 615 1651 Hymnus,
643 1615 680 1642 et
710 1620 832 1652 preces

129 1659 410 1700 supplicantium.

172 1713 216 1743 29
247 1711 309 1743 Cui
333 1712 423 1744 dabit
446 1713 588 1753 Jupiter,
613 1712 683 1753 ξα]
723 1714 831 1744 Recte

130 1762 229 1794 Deos
258 1763 491 1802 invocaturus,
531 1762 652 1795 Jovem
684 1763 831 1803 primum

131 1817 293 1854 tanquam
305 1821 499 1852 supremum
510 1812 586 1843 caeli
598 1812 762 1843 arbitrum
774 1822 830 1852 ag-

130 1863 265 1894 noseit:
291 1862 432 1894 aliorum
449 1862 539 1893 euim
556 1866 708 1902 potestas
725 1862 833 1893 omnis

132 1921 151 1942 a
166 1911 255 1944 Jove
281 1915 346 1951 est,
365 1912 422 1952 qui
450 1912 540 1942 solus
565 1912 691 1950 omnia,
714 1912 833 1943 caeteri

133 1966 296 2002 quantum
313 1961 388 2002 ipse
402 1961 582 2001 permittit,
595 1967 747 2002 possunt.
773 1962 834 1994 Cui

131 2010 234 2052 dabit]
249 2010 311 2042 Cui
327 2011 476 2042 Deorum
493 2010 589 2042 dabit
603 2011 741 2051 Jupiter
754 2021 832 2052 par-

131 2066 196 2100 tes,
205 2058 238 2092 id
251 2063 315 2095 est,
329 2068 448 2090 munus
459 2058 593 2091 delendi
605 2061 730 2100 scelus,
742 2061 831 2102 quod

131 2113 352 2150 patraverunt
363 2110 505 2142 Romani
517 2111 551 2141 in
562 2110 749 2142 occidendo
758 2111 831 2142 Cae·

130 2170 218 2192 sare.

172 2213 210 2242 31
240 2211 331 2243 Nube
342 2210 521 2251 candentes]
554 2212 605 2243 Ea
621 2212 736 2243 amicti
751 2217 831 2244 sunt

130 2260 192 2293 Dii
200 2270 276 2295 cum
291 2262 323 2293 iu
335 2266 441 2293 terras
453 2261 592 2302 propitii
604 2262 832 2302 descendunt;

130 2311 273 2343 eandida
287 2321 434 2353 namque
450 2311 565 2343 fausta
581 2317 682 2352 sunt;
699 2318 738 2345 ut
752 2323 831 2345 con·

131 2366 198 2402 tra,
207 2362 316 2403 nigra,
328 2361 489 2394 infausta.
513 2362 615 2394 Nube
630 2373 711 2404 ergo
727 2364 831 2395 amic-

133 2417 205 2443 tum
231 2411 424 2452 Apollinem
447 2412 546 2452 facit,
575 2414 627 2444 vel
655 2414 745 2455 quod
771 2414 832 2446 Dii

133 2470 209 2492 cum
226 2461 268 2492 ad
283 2461 434 2493 homines
451 2462 592 2493 veniunt
617 2473 682 2494 non
701 2469 830 2495 temere

134 2509 243 2541 videri
259 2511 390 2550 volunt,
404 2511 457 2542 vel
474 2511 595 2542 nubem
622 2522 681 2552 pro
705 2515 832 2545 tenuis-

132 2561 217 2592 simo
243 2560 388 2592 amiculo
412 2562 548 2602 accipit.
576 2562 709 2594 Turneb-
736 2573 783 2595 vr.
800 2567 830 2596 8.

128 2610 292 2650 Amici-us]
314 2610 454 2642 Habens
466 2611 621 2643 humeros
634 2613 833 2654 candentes,

132 2660 223 2692 nube
240 2661 393 2692 amietos.

176 2713 218 2744 32
241 2711 356 2751 Augur
370 2711 496 2752 Apollo]
520 2710 713 2752 Apollinem
729 2713 832 2744 etiam

132 2762 242 2803 primo
257 2762 332 2793 loco
345 2762 615 2802 implorat,quod
628 2762 741 2803 Trojae
756 2772 834 2794 auc-

132 2817 286 2848 toi-,cum
295 2812 449 2853 Trojanis
462 2811 616 2844 omnibus
630 2821 744 2843 eorum
757 2822 834 2853 pos-

129 2861 228 2903 teris,
244 2866 315 2900 tum
328 2863 443 2894 AEueae
460 2867 562 2904 atque
576 2862 651 2902 ejus
664 2863 776 2905 stirpi,
790 2873 833 2895 ex

885 413 950 445 qua
959 403 1087 441 Caesar,
1097 405 1273 446 praecipue
1284 405 1428 438 faveret.
1443 407 1588 441 Torreat.

883 454 998 493 Augur
1019 454 1146 496 Apollo]
1175 455 1295 492 Vates,
1323 457 1380 497 qui
1407 461 1588 497 praesentit

884 502 1011 536 futura.
1057 506 1338 538 Divinationibus
1355 508 1446 538 euim
1463 506 1587 548 Apollo

883 564 1034 596 praeesse
1051 556 1268 588 credebatur.
1435 553 1439 557 ’

926 607 967 636 33
991 605 1132 646 Erycina
1143 606 1266 648 ridens]
1291 606 1376 638 Post
1392 606 1588 648 Apollinem

883 659 1017 696 patrem
1034 655 1195 697 Augusti,
1218 656 1356 688 invocat
1371 663 1515 689 matrem
1531 657 1588 688 ΙΕ-

883 715 957 737 neae
973 705 1011 747 (a
1026 716 1093 747 quo
1108 706 1277 739 Juliorum
1303 706 1450 748 familia)
1469 708 1590 748 Eryci·

884 765 962 788 nam
983 756 1166 797 Venerem,
1190 758 1244 789 cui
1261 759 1377 789 Romae
1394 762 1493 789 extra
1510 767 1589 798 por-

884 810 953 838 tam
971 807 1136 838 Collinam
1160 817 1284 849 magna
1310 808 1398 839 mole
1422 809 1588 849 templum

884 861 1081 890 extructum
1105 857 1223 889 ferunt
1245 859 1278 889 in
1303 858 1425 899 insigni
1440 858 1589 899 porticu,

884 908 1076 949 Syracusis,
1098 914 1136 941 ut
1162 908 1317 947 tradunt,
1341 909 1548 950 expungnatis
1570 919 1590 940 a

884 959 934 990 M.
951 959 1135 991 Marcello:
1161 968 1272 1000 eoque
1288 960 1398 990 Deam
1417 968 1459 990 ex
1475 960 1588 1000 Eryce

885 1014 999 1041 moute
1015 1010 1140 1041 Siciliae
1157 1019 1233 1041 esse
1259 1010 1459 1041 translatam
1479 1010 1589 1050 Sibyl-

885 1059 943 1090 lini
959 1060 1119 1091 carminis
1131 1060 1279 1092 monitu:
1296 1060 1381 1092 lianc
1391 1065 1506 1091 antem
1521 1070 1590 1091 me-

884 1110 1026 1141 retrices
1043 1109 1162 1141 Romae
1180 1110 1353 1142 colebant.
1371 1111 1468 1150 Cruq.
1507 1111 1589 1151 Ery-

884 1160 956 1190 cina
975 1159 1098 1200 ridens]
1133 1160 1250 1191 Venus
1265 1160 1315 1191 sic
1328 1160 1420 1191 dicta
1436 1170 1456 1191 a
1474 1165 1589 1191 monte

885 1210 1012 1250 Eryce,
1028 1209 1086 1240 ubi
1101 1209 1354 1250 religiosissime
1370 1209 1561 1241 colebatur.

928 1261 970 1290 34
996 1259 1098 1295 Quam
1113 1258 1226 1300 docus]
1250 1260 1353 1291 Circa
1367 1269 1466 1301 quam
1482 1259 1588 1292 Jocus

885 1309 990 1345 volat,
1004 1314 1040 1340 et
1057 1309 1202 1341 Gratiae.

927 1361 968 1390 35
992 1359 1066 1390 Sive
1081 1361 1253 1399 neglectum
1268 1361 1380 1401 genus]
1406 1360 1433 1391 A
1450 1360 1588 1391 Venere

883 1407 1072 1439 AEneadum
1088 1409 1270 1448 genitrice,
1294 1409 1335 1440 ad
1355 1411 1502 1441 Martem
1522 1411 1588 1441 Ro·

884 1457 965 1488 muli
992 1462 1124 1497 patrem
1157 1459 1381 1491 convertitur.
1438 1460 1525 1491 Nam
1552 1466 1589 1492 et

884 1506 974 1538 hunc
999 1508 1009 1524 ‘
1021 1508 1180 1539 Patrem’
1200 1509 1343 1541 Romani
1361 1511 1394 1541 iu
1410 1511 1516 1541 sacris
1533 1519 1588 1541 vo·

883 1557 1032 1590 cabant:
1058 1564 1178 1590 auctor
1200 1559 1356 1591 Macrob.
1380 1562 1454 1592 Sat.
1478 1561 1537 1592 lib.
1562 1571 1588 1593 1.

886 1608 1006 1649 Genus,
1019 1612 1048 1640 et
1059 1609 1199 1649 nepotes]
1215 1609 1333 1642 Genus
1346 1621 1389 1642 ex
1400 1611 1508 1643 oculis
1521 1612 1588 1643 tuis

883 1658 1052 1700 rejectum
1065 1659 1102 1702 (o
1115 1659 1228 1701 Mars)
1241 1661 1298 1701 qui
1314 1671 1413 1702 opem
1426 1660 1517 1693 ferre
1529 1671 1587 1693 ue-

883 1709 996 1749 gligis.

927 1761 970 1790 36
993 1760 1154 1800 Respicis]
1188 1760 1380 1801 Opitularis
1407 1767 1443 1792 et
1468 1760 1563 1792 faves
1578 1772 1587 1792 :

885 1817 962 1838 nam
989 1809 1047 1839 Dii
1070 1810 1256 1849 intuentes,
1281 1811 1446 1851 adjuvare
1464 1818 1602 1852 putans

887 1861 952 1887 tur.
1006 1858 1143 1899 Auctor]
1177 1859 1287 1899 Mars,
1313 1867 1410 1900 pater
1438 1861 1588 1898 Romuli,

886 1907 943 1948 qui
964 1907 1105 1939 Romam
1122 1908 1288 1941 condidit.

929 1960 968 1988 37
988 1958 1063 1990 Heu
1078 1959 1186 2000 nimis]
1209 1959 1312 1992 Πάθος
1328 1971 1347 1992 a
1362 1961 1588 1994 diuturnitate

885 2013 921 2038 et
931 2010 1103 2050 gravitate
1116 2011 1281 2042 bellorum
1295 2013 1455 2044 civilium.
1481 2014 1587 2055 Ludo]

884 2058 1004 2095 Bellis,
1031 2070 1106 2101 quae
1132 2066 1211 2092 sunt
1237 2062 1360 2093 Martis
1385 2064 1455 2095 ludi
1476 2071 1512 2097 et
1527 2066 1587 2097 ob-

883 2109 1102 2142 lectamenta.

925 2161 968 2190 38
990 2159 1104 2202 Leues]
1128 2162 1248 2194 Galeae
1265 2165 1441 2204 expolitae.

925 2213 967 2242 39
989 2210 1073 2242 Acer
1084 2214 1114 2242 et
1130 2213 1241 2244 Mauri
1256 2215 1384 2257 peditis]
1419 2216 1522 2249 Hunc
1540 2218 1587 2249 lo-

882 2271 958 2293 cum
983 2262 1025 2292 ad
1055 2262 1242 2295 Historiam
1271 2263 1410 2297 referas.
1457 2267 1584 2299 Notum

882 2313 970 2343 enim
986 2312 1085 2345 Jubae
1112 2314 1203 2354 regis
1225 2315 1388 2348 adversus
1413 2318 1585 2350 Caesarein

882 2363 1020 2404 bellum,
1043 2369 1080 2395 et
1103 2370 1231 2405 quanto
1248 2367 1449 2399 Caesarianis
1465 2370 1586 2400 terrori

881 2413 946 2445 fuit
963 2414 1038 2454 ejus
1054 2415 1240 2455 exercitus,
1255 2416 1298 2446 de
1311 2427 1376 2458 quo
1392 2418 1585 2452 Suetonius,

883 2463 1019 2494 Caesare
1033 2473 1108 2504 cap.
1125 2467 1179 2496 66.
1232 2467 1315 2498 Acer
1329 2470 1360 2497 et
1376 2468 1486 2498 Mauri
1498 2469 1581 2507 pedi-

881 2513 938 2553 tis]
961 2514 1076 2545 Virilis
1091 2519 1127 2545 et
1144 2516 1372 2555 truculentus,
1387 2517 1495 2557 qualis
1510 2521 1586 2548 erat

883 2564 1080 2594 Maurorum
1094 2564 1218 2595 vultus.

925 2616 965 2644 41
984 2613 1060 2644 Sive
1074 2617 1194 2645 mutata
1206 2615 1372 2655 Juvenem]
1397 2616 1441 2646 Et
1453 2625 1534 2648 saue
1551 2616 1584 2648 in

884 2662 1040 2704 Augusto
1063 2663 1178 2694 divina
1201 2673 1335 2704 semper
1359 2664 1490 2696 indoles
1513 2667 1585 2698 eni-

885 2714 950 2744 tuit
965 2723 972 2744 :
990 2718 1090 2753 atque
1108 2713 1194 2743 adeo
1210 2713 1377 2753 Apollinis
1393 2724 1466 2746 esse
1482 2715 1584 2757 filius,

885 2765 937 2795 vel
954 2764 996 2795 ob
1014 2767 1128 2794 notum
1146 2764 1297 2803 parentis
1309 2764 1381 2805 ejus
1391 2763 1483 2797 Atiae
1495 2776 1583 2798 som.

885 2814 990 2848 nium,
1007 2813 1049 2843 de
1064 2823 1130 2854 quo
1147 2813 1331 2845 Suetonius
1347 2823 1421 2855 cap.
1438 2818 1491 2848 94.
1512 2818 1581 2848 vnl-

886 2873 927 2904 go
943 2863 1214 2908 existimabatur.
1259 2864 1342 2896 Tum
1359 2865 1401 2898 ob
1417 2872 1581 2907 praestan.
