1904 3216
355 266 465 307 1648

355 372 453 398 mane
467 364 660 406 turpissime
677 361 913 393 foenerabatur,

397 417 458 446 122
478 414 531 445 Ad
545 410 698 453 quartam]
729 410 782 441 Ad
804 411 918 441 horam
943 418 1037 450 quar·

354 469 435 496 tam.
479 464 555 494 Post
575 462 654 492 hanc
676 463 852 500 eugamina
874 469 929 499 ego
951 460 1040 497 lecto,

353 515 418 546 Aac
431 513 557 552 scripto,
568 510 644 550 quod
657 519 703 541 me
722 510 850 540 tacitum
855 508 955 547 juvet,
969 509 1036 548 &ct-J

354 562 478 592 Sensus
504 563 577 589 est:
612 559 795 599 Postquam
817 562 875 588 aut
897 558 963 597 legi
982 561 1040 588 aut

355 608 476 648 scripsi
490 606 681 648 ¹quidpiam,
706 605 792 647 quod
815 615 868 636 me
891 606 1040 636 suaviter

353 656 491 694 afficiat,
506 659 716 694 recreetque.
752 654 816 685 Vel
832 658 908 694 post
922 653 1040 684 lectio-

355 715 445 742 nem,
466 707 523 735 aut
544 696 761 744 scriptionem
784 703 832 734 rei
855 712 912 733 seu
935 707 1039 733 mate-

358 755 419 785 riae
449 753 602 792 alicujus,
631 762 706 793 quae
732 757 767 783 et
790 753 978 783 levamento
1003 757 1039 783 et

355 801 519 842 voluptati
532 801 576 831 sit
592 800 686 839 mihi3
705 800 828 831 deinde
844 809 942 840 porro
954 801 1039 840 oleo,

355 853 391 878 et
413 848 548 888 quidem
572 849 718 880 melioris
747 854 849 888 notae,
873 858 1039 889 perungor

356 898 479 929 solens.
509 899 677 929 Punctum
689 899 801 938 itaque
818 903 892 938 post
906 897 1039 936 &juvet

354 946 592 977 inducendum.
635 947 703 976 Aut
722 955 778 984 ego
797 946 888 985 lecto]
909 947 918 963 ‘
930 947 1039 976 Lecti·

355 994 447 1025 tare'
465 999 501 1025 et
517 995 527 1011 ⁴
538 995 731 1034 scriptitare
742 994 751 1007 ’
772 995 873 1025 verba
887 1000 964 1026 sunt
979 1004 1039 1025 usu

355 1043 513 1082 cognita:
529 1042 538 1059 ‘
548 1043 674 1074 lectare
687 1041 695 1055 ’
711 1047 746 1073 et
760 1043 769 1059 ‘
780 1043 941 1081 scriptare
951 1042 959 1055 '
975 1052 1040 1073 non

355 1091 414 1121 ita.
458 1090 547 1123 Quid
563 1099 643 1130 ergo
665 1091 692 1120 si
715 1090 874 1120 continua
889 1089 1040 1121 oratione

355 1141 488 1179 legatur
503 1149 607 1180 usque
623 1139 664 1170 ad
681 1148 810 1170 versum
833 1144 1041 1180 sequentem,

356 1193 393 1219 et
407 1190 484 1219 lecto
498 1192 535 1218 et
547 1188 661 1228 scripto
676 1188 742 1218 sint
757 1187 908 1219 absolute
920 1189 1043 1229 posita,

356 1246 418 1278 pro
444 1241 622 1278 postquam
648 1237 713 1277 legi
737 1243 796 1268 aut
818 1237 936 1278 scripsi
953 1238 1039 1279 quod

356 1287 490 1317 silentio
505 1296 556 1317 me
571 1291 713 1325 recreet,
737 1296 840 1326 ungor
853 1288 952 1327 olivo,
973 1297 1042 1319 mo-

357 1343 394 1364 re
409 1335 568 1375 loquendi
585 1345 650 1366 non
667 1335 825 1374 vulgato?
856 1335 914 1367 sed
935 1345 1041 1377 neque

356 1382 550 1422 ineleganti‚
578 1388 614 1414 ut
641 1383 801 1422 ‘audito,'
825 1385 1046 1424 ‘comperto‚’

359 1435 395 1460 et
413 1431 543 1462 similia.
586 1431 642 1462 Sic
664 1436 672 1449 ¹
684 1430 751 1462 frui
768 1432 890 1471 parto,’
904 1435 914 1449 ‘
927 1442 1042 1472 parce-

358 1487 395 1509 re
428 1478 552 1519 parto,'
580 1479 700 1519 Virgil.
739 1479 876 1511 Torreat.
932 1480 1042 1520 Lecto]

357 1527 491 1559 Lectito
504 1532 562 1559 aut
577 1528 738 1567 scriptito.

399 1578 459 1606 123
486 1575 593 1614 Unger
612 1575 706 1615 olivo]
741 1575 846 1606 Recte
866 1575 1040 1607 Turnebus

358 1632 408 1655 ιν.
428 1626 461 1654 9.
478 1624 606 1654 monuit
618 1625 628 1641 ‘
639 1624 748 1654 oleum
759 1623 768 1637 ’
783 1624 926 1663 intelligi
941 1623 1042 1654 debe—

357 1681 394 1702 re
410 1671 500 1712 quod
514 1671 629 1702 Aetius
645 1672 803 1709 λυχνιαῖον
820 1672 981 1711 appellat,
997 1674 1043 1702 vi-

359 1721 423 1751 lius
453 1720 698 1761 sordidiusque,
729 1729 794 1760 quo
820 1719 862 1750 ad
891 1721 1043 1751 lucernas

357 1770 557 1802 utebantur:
582 1780 646 1802 non
658 1770 745 1811 quod
757 1780 797 1800 ex
810 1770 945 1802 lucerna
957 1781 1045 1802 sum-

359 1825 441 1854 tum,
455 1819 513 1850 sed
528 1819 616 1860 quod
630 1819 732 1851 odore
745 1820 812 1850 tale
822 1829 896 1850 esse
909 1822 1044 1852 sentias.

361 1868 500 1899 Torreat.
547 1869 652 1910 Oliva]
688 1869 785 1908 Oleo,
802 1877 867 1899 uon
883 1878 925 1899 ex
939 1870 1045 1901 lucer

358 1917 407 1946 nis
423 1916 589 1948 detracto.

402 1967 463 1996 124
488 1965 606 2005 Natta]
638 1965 694 1997 Ita
716 1966 818 1997 habet
832 1971 927 1998 vetus
943 1968 1045 2008 scrip—

359 2017 447 2052 tura,
460 2017 497 2043 et
519 2014 621 2044 Natta
637 2014 707 2044 sive
722 2015 810 2046 Nata
829 2015 965 2046 celebre
988 2016 1048 2046 Pi·

360 2062 528 2092 uariorum
545 2071 742 2101 cognomen,
764 2067 801 2094 ut
815 2072 857 2093 ex
873 2064 1047 2103 Cicerone,

359 2110 490 2147 Tacito,
502 2109 688 2150 tabulisque
697 2111 894 2150 Capitolinis
903 2115 1046 2142 constat.

359 2157 501 2195 Mureti,
515 2157 572 2196 qui
588 2158 711 2196 primus
727 2158 816 2187 Naca
837 2167 898 2197 pro
920 2157 1044 2189 fullone

361 2204 522 2243 restituit,
531 2205 697 2244 ingenium
710 2205 843 2246 quidem
858 2210 893 2236 et
905 2206 1044 2246 diligen-

360 2254 441 2283 tiam
457 2252 568 2291 laudo,
582 2253 640 2283 sed
655 2247 755 2298 Ναΐα
769 2257 880 2284 tamen
894 2254 1021 2285 retineo
1035 2265 1043 2284 ε

359 2300 440 2342 quid
455 2300 590 2331 enimin
613 2310 652 2331 eo
674 2301 798 2341 leporis
819 2305 854 2332 et
875 2302 1005 2341 gratiae,
1018 2302 1046 2332 si

361 2359 437 2381 cum
463 2349 630 2381 immundo
656 2348 781 2381 fullone
806 2360 842 2381 se
868 2349 1045 2382 conferat?

362 2399 520 2440 Denique
550 2399 729 2430 sententiae
761 2404 883 2430 nostras
915 2399 1047 2431 accedit

360 2449 439 2481 Juv.
463 2450 535 2480 Sat.
558 2458 640 2480 νιιι.
667 2450 677 2467 ‘
691 2450 775 2481 Cum
797 2450 911 2481 Pansa
925 2450 1046 2491 eripiat

361 2497 523 2539 quidquid
553 2497 613 2529 tibi
640 2498 744 2529 Natta
770 2498 929 2539 reliquit!
972 2499 1046 2530 Vid.

360 2547 505 2578 Tui-neb.
525 2555 633 2578 xxiii.
657 2549 710 2578 22.
744 2547 883 2578 Torrent.
929 2547 1044 2587 Natta]

362 2595 523 2626 Sordidus
538 2595 671 2635 quidam
689 2596 866 2626 Romanus.

406 2646 466 2674 125
488 2643 543 2674 Sol
556 2643 672 2683 acrior]
701 2644 758 2675 Sol
773 2644 922 2676 calidior.
964 2643 1045 2684 [Aut

363 2690 414 2720 uln‘
429 2692 506 2722 Vat.
523 2692 617 2724 Rom.
632 2692 680 2732 7.]

406 2741 467 2769 126
489 2740 727 2782 Raloiosisigni]
751 2742 932 2774 Caniculae.

799 272 937 302 NOTAE
980 270 1237 301 vAmoRUM
1270 269 1321 300 IN

1128 362 1189 391 127
1202 360 1340 390 Pramus
1347 367 1405 389 non
1412 358 1514 400 avide]
1528 357 1670 389 Veteres
1678 357 1766 391 diem

1087 408 1225 448 agendis
1248 407 1360 447 rebus,
1375 411 1508 441 noctem
1527 405 1682 438 curandis
1697 415 1769 437 cor-

1087 457 1223 497 poribus
1236 457 1383 495 dabant;
1404 465 1470 487 non
1482 455 1558 498 quia
1579 455 1702 496 saepius
1714 446 1768 487 die

1086 505 1196 537 cibum
1223 508 1415 544 sumerent;
1447 502 1506 536 sed
1527 513 1593 536 non
1609 504 1651 535 ad
1669 504 1769 536 satie—

1088 557 1202 594 tatem,
1215 554 1277 584 nisi
1296 554 1330 584 in
1352 562 1447 584 coena
1463 556 1602 584 tautum.
1646 552 1770 585 Quam·-

1088 610 1185 642 quam
1213 611 1255 632 ne
1288 601 1350 632 hoc
1387 600 1521 641 quidem
1559 605 1770 640 perpetuum.

1089 650 1301 681 Domitianus
1316 650 1404 680 enim
1416 649 1457 680 ad
1470 649 1660 680 satietatem
1673 658 1770 689 pran-

1087 699 1202 736 debat,
1231 698 1387 730 coenabat
1417 702 1529 729 autem
1566 698 1769 736 parcissime.

1087 749 1192 779 Plura
1219 749 1372 779 Muretus
1400 748 1480 778 Var.
1509 747 1606 778 Lect.
1635 755 1690 778 ιιι.
1720 748 1771 789 12.

1089 797 1229 829 Tor-rent.
1275 798 1347 828 Non
1361 797 1464 836 avide]
1497 796 1644 827 Pransus
1659 794 1771 826 mode-

1086 851 1159 877 rate
1175 850 1209 878 et
1224 855 1334 886 parce.
1355 845 1533 884 Interpellat
1547 844 1648 883 inani]
1663 844 1774 876 Quan-

1089 898 1159 924 tum
1173 903 1239 924 nou
1254 894 1340 924 sinat
1360 902 1414 923 me
1429 892 1593 932 integrum
1615 891 1703 922 diem
1726 892 1772 922 in-

1089 943 1143 972 ani
1166 948 1283 972 ventre
1305 950 1513 981 permanere.
1556 942 1664 982 [Vatt.
1685 943 1716 972 4.
1740 944 1771 973 9.

1090 993 1140 1022 12.
1156 993 1207 1022 13.
1223 995 1259 1021 et
1273 990 1350 1020 Vat.
1366 990 1461 1020 Rom.
1476 991 1528 1020 10.
1540 989 1737 1029 interpellat]

1132 1041 1193 1070 128
1216 1038 1412 1078 Deme-§licus
1426 1036 1520 1077 otior]
1553 1037 1653 1068 Domi
1669 1037 1772 1068 otium

1091 1096 1162 1127 ago.

1132 1138 1193 1166 130
1215 1135 1280 1166 His
1300 1144 1346 1166 me
1367 1133 1515 1174 consolor]
1547 1134 1622 1166 Hac
1635 1133 1773 1177 vitame

1089 1186 1254 1217 consolor.
1315 1185 1489 1225 Victuram]
1520 1185 1577 1216 Sic
1600 1184 1713 1225 plures
1739 1188 1775 1215 et

1090 1235 1243 1266 meliores
1259 1234 1334 1265 libri
1348 1245 1356 1265 :
1382 1234 1437 1265 alii
1448 1234 1594 1264 victurus.
1609 1232 1775 1264 -Torrenn

1090 1285 1137 1315 Ac
1148 1285 1175 1315 si
1193 1285 1334 1320 Quoestor
1347 1284 1436 1324 auus]
1468 1282 1609 1314 Suavius
1633 1290 1730 1322 quam
1746 1282 1774 1312 si

1091 1343 1133 1364 ex
1146 1333 1271 1364 familia
1286 1342 1394 1364 essem
1410 1331 1588 1363 senatoria.

1090 1382 1171 1413 SAT.
1211 1391 1278 1413 νιι.
1338 1381 1459 1412 Rixam
1495 1379 1621 1420 Rupilii
1651 1387 1774 1419 cogno-

1134 1435 1246 1471 mento
1263 1431 1363 1470 Regis
1378 1439 1454 1461 cum
1464 1429 1619 1460 Graeculo
1632 1427 1774 1469 quodam

1133 1481 1250 1511 Persio
1266 1480 1438 1512 describit.
1461 1479 1677 1518 Proscriptus
1686 1478 1774 1508 enim

1131 1529 1174 1560 ab
1191 1529 1345 1569 Augusto
1363 1529 1437 1559 Rex
1454 1527 1543 1567 fugit
1557 1527 1599 1558 ad
1617 1527 1774 1565 Brutum,

1134 1578 1188 1609 ubi
1214 1578 1355 1608 Horatio
1381 1582 1460 1608 tunc
1482 1576 1617 1607 tribuno
1633 1575 1774 1606 militum

1134 1627 1377 1666 ignobilitatem
1405 1625 1626 1666 exprobrasse
1651 1623 1774 1659 ferunt,

1133 1675 1189 1715 qui
1206 1684 1292 1706 nunc
1308 1684 1380 1705 eam
1403 1673 1638 1705 contumeliam
1659 1672 1776 1704 ulcisci

1135 1723 1227 1753 velit.

1136 1774 1152 1802 1
1181 1770 1302 1811 Rupili]
1339 1770 1434 1802 Inter
1460 1769 1628 1810 Rupilium
1654 1779 1775 1810 cogno-

1093 1825 1207 1852 mento
1232 1821 1356 1860 Regem
1381 1824 1416 1851 et
1437 1819 1588 1851 Persium
1612 1819 1775 1860 quendam

1093 1871 1229 1902 natione
1229 1869 1402 1912 ssraecum
1425 1869 1573 1900 molestae
1593 1867 1670 1898 lites
1691 1867 1775 1898 exti-

1095 1924 1220 1951 terunt.
1229 1903 1414 1959 “Rupilius
1437 1917 1480 1948 ab
1496 1916 1647 1957 Augusto
1669 1916 1702 1946 in
1721 1915 1778 1946 tri·

1095 1969 1260 2000 umviratu
1283 1965 1490 2008 proscriptus
1510 1970 1562 1997 est
1583 1970 1619 1997 et
1639 1965 1776 1996 damna-

1095 2022 1160 2049 tus.
1203 2018 1271 2048 Pus
1295 2020 1385 2056 atque
1409 2014 1570 2054 venenum]
1593 2014 1662 2045 Pus
1679 2023 1777 2045 vene·

1093 2074 1220 2104 nosum,
1234 2065 1268 2095 id
1284 2069 1346 2103 est,
1368 2063 1560 2104 pestiferam
1576 2062 1775 2094 maledicen-

1093 2114 1186 2143 tiam.
1231 2113 1292 2143 Vel
1318 2114 1425 2152 ipsum
1452 2111 1618 2152 Rupilium
1646 2111 1776 2150 ingenio

1093 2159 1256 2199 improbo.

1134 2210 1154 2238 2
1177 2207 1336 2248 Hybrida]
1361 2207 1414 2238 Sic
1433 2207 1508 2238 libi-i
1523 2205 1624 2238 nostri
1640 2214 1776 2243 omnes;

1093 2256 1286 2286 sed'Ibrida
1314 2255 1456 2287 fortasse
1485 2255 1696 2286 scribendum
1722 2255 1776 2293 sit,

1094 2313 1159 2335 non
1176 2305 1216 2335 ab
1232 2304 1327 2344 ὕβρις,
1343 2309 1380 2335 ut
1395 2304 1614 2336 Grammatici
1628 2305 1776 2341 voluere,

1094 2351 1153 2383 sed
1169 2352 1255 2392 quod
1275 2352 1402 2383 Umbros
1417 2352 1555 2393 antiqui,
1570 2357 1628 2383 aut
1649 2351 1776 2390 Imbros,

1094 2400 1237 2440 Ibrosque
1258 2400 1394 2441 (parum
1418 2401 1504 2432 enim
1527 2400 1662 2433 differre
1683 2402 1776 2433 vide-

1095 2448 1167 2489 tur)
1191 2450 1320 2490 spurios
1343 2450 1565 2491 appellarunt.
1615 2451 1713 2483 Unde
1740 2458 1778 2490 et

1095 2498 1228 2529 Umbris
1250 2498 1358 2530 Italiae
1382 2499 1513 2540 populis
1536 2508 1668 2536 nomen,
1687 2501 1774 2542 quod

1095 2546 1229 2578 insititii
1245 2551 1371 2587 essent,
1386 2553 1420 2579 et
1434 2548 1534 2579 mbr-i
1548 2549 1657 2580 ovium
1673 2549 1776 2590 qnod-

1094 2595 1170 2626 dam
1192 2596 1331 2627 mixtum
1354 2605 1458 2636 genus
1481 2597 1570 2638 apud
1591 2597 1680 2630 Plin.
1695 2607 1774 2630 vm.

1093 2647 1147 2676 49.
1170 2649 1209 2675 ut
1238 2645 1410 2685 eleganter
1431 2655 1510 2677 sane
1540 2646 1773 2686 Conjectaneis

1095 2695 1127 2724 in
1141 2694 1324 2725 Varronem
1338 2693 1412 2727 Jos.
1427 2695 1576 2735 Scaliger
1591 2694 1773 2727 annotavit.

1094 2742 1158 2774 Vel
1173 2741 1330 2783 Hybrida.
1373 2743 1530 2779 Canium,
1546 2743 1674 2776 caninae
1688 2751 1770 2774 mor-
