1916 3262
354 276 463 317 1236

352 377 512 418 Verum
532 377 664 430 equiti
686 390 853 430 quoque
867 377 960 428 jam
978 377 1174 428 migravit
1192 378 1247 417 ab
1268 389 1370 417 aure
1387 378 1585 430 voluptas

353 443 506 483 omnis
524 443 581 483 ad
601 444 789 482 incertos
807 441 959 482 oculos
979 444 1021 481 et
1039 441 1196 493 gaudia
1214 454 1339 484 vana.

351 506 547 557 Quatuor
566 513 641 548 aut
662 508 803 560 plures
825 507 967 547 aulaea
985 511 1230 559 premuntur
1250 507 1293 547 in
1311 507 1454 557 horas,

350 572 468 613 Dum
484 572 648 623 fugiunt
667 572 858 624 equitum
877 575 1026 612 turmae
1046 571 1327 624 peditumque
1348 577 1558 624 catervae;

349 636 460 678 Mox
480 638 652 677 trahitur
673 637 868 678 manibus
889 650 1034 689 regum
1053 637 1221 677 fortuna
1238 639 1434 688 retortis;

347 701 517 743 Esseda
536 701 753 751 festinant,
774 703 952 754 pilenta,
973 703 1190 755 petorrita,
1209 715 1366 754 naves3

816 288 857 324 Q.
888 283 1091 314 HORATn
1124 285 1291 316 FLAccl

1676 572 1758 614 190

347 826 394 854 tes
408 824 468 863 ipsi
482 825 597 863 abjecta
610 827 731 856 aurium
751 827 903 865 voluptate
917 827 1134 855 convertuntur
1151 825 1191 854 ad
1205 825 1354 855 oculorum
1370 824 1580 855 oblectationes
1601 823 1759 854 instabiles

347 867 378 894 et
395 865 502 904 fluxas
514 877 524 895 .·
546 877 601 906 per
615 871 744 906 quatuor
765 871 819 897 aut
843 868 947 906 plures
970 867 1058 896 horas
1073 866 1138 896 vela
1152 866 1379 906 complicantur,
1394 867 1466 896 dum
1479 866 1611 904 fugiunt
1625 865 1758 905 equitum

347 908 454 936 turmoe
469 911 499 936 et
513 908 648 947 peditum
659 909 806 938 cohortes.
849 908 928 938 Mox
943 916 1029 946 reges
1042 910 1132 937 antea
1150 906 1308 942 fortunati
1321 907 1464 937 revinctis
1477 917 1497 938 a
1519 911 1604 945 tergo
1618 904 1757 936 manibus

349 947 514 978 trahuntur
526 959 538 985 ;
556 953 719 989 properant
736 950 849 988 esseda,
866 949 994 988 pilenta,
1005 947 1166 987 petorrita,
1179 957 1270 978 naves
1279 958 1289 978 .-
1307 950 1449 987 portatur
1461 947 1535 979 ebur
1549 947 1711 987 captivum,
1726 949 1757 976 et

927 1029 944 1040 φ

345 1080 409 1110 cel.
425 1083 456 1110 3.
473 1080 518 1110 bis
529 1081 609 1118 jam.
647 1082 797 1113 Quatuor
812 1081 908 1112 codd.
933 1082 1019 1121 Feae,
1043 1091 1126 1112 unus
1142 1080 1295 1121 Cruquii,
1319 1090 1402 1111 unus
1426 1081 1506 1112 item
1533 1090 1588 1120 ap.
1602 1079 1756 1112 Oberlin.

339 1121 471 1158 plaudit.
505 1121 592 1151 Octo
619 1123 708 1161 Feae,
734 1123 790 1152 alii
814 1132 867 1161 ap.
893 1123 1007 1153 Lamb.
1029 1123 1131 1163 Cruq.
1155 1131 1236 1152 unus
1261 1121 1412 1152 Oberlin.
1433 1123 1567 1162 plaudet.
1609 1120 1678 1152 Alii
1702 1129 1756 1160 ap.

344 1161 456 1200 Feam,
471 1166 506 1191 et
527 1162 647 1201 Jaeck,
666 1164 896 1200 gaudem—187
925 1164 1038 1197 Verum
1051 1164 1149 1203 equiti
1163 1172 1204 1193 ex
1221 1163 1415 1202 conjectura
1435 1162 1594 1193 Bentleii.
1625 1161 1759 1201 equitum

341 1201 570 1248 ⁸f¹¹⁰⁸”¹'⁰‘¹¹'
585 1206 659 1251 ²⁶·-
663 1205 1198 1277 ¹9⁸1.12³5?”1⁵⁸-‘¹‘1¹s}›”⁶'s’'31‘13?e1?83{·n
1206 1204 1321 1276 Βὲ“ἓ“,;
1343 1203 1758 1285 afflfflssffissssz

342 1245 987 1316 &315'145‘2533d1‘2‘3022mm212‘tranum—
998 1287 1145 1318 enisian.
1157 1290 1189 1318 ⁵.
1203 1267 1242 1317 'ut
1253 1266 1341 1326 Eonj.
1353 1266 1600 1326 eandm—192
1612 1285 1756 1316 schoen-

982 1356 1120 1388 NOTAE

385 1419 444 1447 187
472 1416 579 1448 Verum
600 1418 697 1457 equiti
719 1428 845 1458 quoque,
867 1419 935 1459 Sym]
957 1419 1025 1450 Sed

342 1470 500 1506 equester
523 1467 625 1497 etiam
640 1467 722 1498 ordo
738 1468 906 1498 levitatem
927 1467 1024 1498 modo

345 1516 540 1554 popularem
567 1516 737 1556 sequitur:
768 1521 804 1547 et
830 1516 1024 1556 spectaculo

341 1563 470 1593 malunt
490 1563 602 1594 oculos
619 1573 767 1603 pascere,
782 1574 854 1604 qua’
871 1565 1023 1604 voluptas

341 1611 409 1642 cito
438 1612 622 1650 evanescit,
643 1622 741 1652 quam
772 1612 905 1642 auribus
934 1613 1022 1642 exci-

341 1667 422 1698 pere
438 1659 525 1698 quod
543 1661 651 1691 animo
666 1666 791 1692 certam
808 1666 843 1691 et
861 1660 1023 1691 diuturni-

339 1715 431 1737 orem
447 1706 565 1738 afferat
581 1709 797 1748 voluptatem.

383 1757 446 1785 189
466 1755 575 1786 Aulaea
587 1755 782 1796 premuntur]
814 1756 824 1772 ‘
837 1755 955 1787 Aulaea
971 1766 1021 1788 re-

340 1803 475 1834 condita
495 1804 650 1842 cessant‚’
671 1809 708 1834 ut
731 1804 820 1835 canit
839 1805 1021 1844 Juvenalis,

338 1852 410 1882 Sat.
441 1861 489 1884 vr.
520 1859 714 1883 ornamenta
743 1862 853 1884 scenae
884 1859 919 1884 et
947 1854 1020 1884 vela

338 1905 565 1940 removentur,
587 1901 736 1942 adeoque
757 1901 870 1932 fabula
893 1906 927 1933 et
949 1912 1020 1933 car-

339 1949 429 1979 mina
453 1949 740 1988 intermittumur3
764 1950 841 1981 dum
862 1950 904 1981 ad
928 1951 1021 1981 obse-

340 1998 506 2036 quendum
533 1999 635 2029 stulto
660 1998 748 2038 vulgi
773 1998 894 2037 studio,
918 1999 1020 2029 intro-

339 2045 507 2076 ducuntur
523 2047 688 2087 quaepiam
701 2047 903 2086 spectacula.
947 2047 1020 2078 Cic.

338 2096 449 2135 Epist,
466 2105 528 2126 vn·
543 2099 572 2127 1.
590 2096 631 2127 ad
648 2096 791 2126 Marium
810 2095 859 2126 ita
874 2096 992 2127 scribit
1007 2107 1015 2127 ε

338 2145 348 2160 ‘
364 2143 462 2174 Nosti
484 2145 627 2185 reliquos
647 2145 753 2180 ludos,
769 2144 824 2184 qui
840 2153 881 2175 ue
897 2144 929 2175 id
947 2145 1017 2185 qui-

338 2191 412 2223 dem
441 2194 564 2232 leporis
587 2193 772 2223 habuerunt
799 2193 886 2233 quod
909 2193 1018 2224 solent

337 2241 524 2272 mediocres
537 2241 623 2273 ludi:
641 2245 820 2282 apparatus
831 2241 917 2271 enim
925 2251 1016 2281 spec-

338 2290 424 2320 tatio
461 2290 600 2321 tollebat
631 2299 761 2320 omnem
790 2290 1015 2321 hilaritatem:

337 2347 402 2378 quo
437 2339 571 2379 quidem
607 2346 770 2379 apparatu
799 2348 864 2370 non
900 2339 1018 2370 dubito

338 2388 417 2427 quin
432 2388 542 2418 auimo
553 2389 742 2428 aeqnissimo
756 2388 913 2419 carueris.
927 2389 1017 2420 Quid

339 2437 426 2468 enim
452 2428 684 2468 delectationis
712 2437 835 2468 habent
866 2439 1016 2469 sexcenti

338 2485 418 2515 muli
443 2485 476 2516 iu
499 2486 773 2526 Clytaemnestra?
794 2491 851 2517 aut
876 2486 908 2516 in
932 2495 1015 2527 equo

336 2533 482 2573 Trojano
496 2539 701 2566 craterarum
723 2534 790 2566 tria
810 2534 938 2565 millia?
958 2540 1017 2565 aut

337 2586 506 2614 armatura
529 2583 619 2614 varia
635 2583 802 2623 peditatus
817 2588 875 2615 aut
888 2583 1015 2624 equita-

338 2632 392 2658 tus
407 2630 440 2659 in
456 2632 564 2671 aliqua
577 2632 711 2672 pugna?
732 2641 806 2673 quae
823 2632 1016 2672 popularem

338 2675 589 2710 admirationem
602 2680 801 2720 habuerunt,
820 2679 1016 2711 delectatio-

338 2732 414 2754 nem
431 2725 491 2755 tibi
508 2727 626 2759 nullam
643 2729 844 2760 attulissent.
856 2751 865 2761 .
879 2751 887 2760 .
899 2750 907 2759 .
930 2729 1015 2762 Quae

1078 1423 1191 1459 potest
1214 1428 1286 1450 esse
1308 1418 1430 1450 homini
1450 1418 1586 1458 politico
1606 1418 1754 1450 delecta-

1078 1469 1137 1507 tio,
1151 1477 1225 1498 cum
1241 1472 1298 1498 aut
1313 1468 1410 1498 homo
1422 1467 1606 1498 imbecillus
1617 1476 1636 1497 a
1646 1467 1756 1498 valen-

1077 1515 1202 1546 tissima
1216 1516 1323 1546 bestia
1338 1515 1492 1554 laniatur,
1515 1521 1572 1546 aut
1591 1515 1756 1556 praeclara

1075 1564 1183 1595 bestia
1191 1564 1352 1595 venabulo
1364 1563 1651 1595 transverberatur
1659 1562 1682 1594 2⁹
1690 1565 1753 1595 dcc.

1119 1615 1180 1644 190
1210 1613 1295 1643 Dum
1311 1613 1445 1652 fugiunt
1471 1613 1605 1652 equitum
1632 1616 1754 1652 eurmae,

1074 1663 1142 1703 ξω]
1162 1663 1252 1692 Dum
1282 1662 1444 1693 bellorum
1473 1662 1603 1702 species
1631 1670 1754 1702 repre—

1074 1714 1238 1748 sentatur,
1253 1709 1396 1740 hostium
1411 1709 1493 1750 fuga
1507 1710 1692 1749 simulatur,
1713 1719 1753 1741 ac

1074 1757 1215 1787 subinde
1237 1757 1442 1797 triumphalis
1471 1767 1592 1797 pompa
1619 1757 1753 1789 exhibe—

1074 1811 1137 1837 tur.
1180 1806 1258 1836 Huc
1274 1805 1362 1836 refer
1380 1815 1453 1846 quae
1468 1810 1544 1836 sunt
1559 1814 1584 1836 1.
1599 1806 1706 1846 Epist.
1719 1809 1753 1838 6.

1072 1856 1125 1884 40.
1141 1863 1212 1894 seq.
1235 1854 1278 1884 de
1303 1863 1422 1894 magno
1449 1863 1584 1885 numero
1608 1854 1754 1895 chlamy·

1073 1901 1150 1932 dum
1164 1910 1272 1932 scenae
1287 1902 1523 1941 praestitarum.

1115 1953 1176 1980 192
1198 1950 1330 1990 Esseda]
1364 1950 1487 1981 Currus
1516 1950 1636 1990 quibus
1659 1951 1752 1992 capti

1074 2009 1170 2039 reges
1188 2000 1417 2031 traducuntur.
1435 2000 1593 2031 Essedum
1610 2001 1752 2032 vehiculi

1071 2047 1244 2087 gestatorii
1266 2056 1369 2086 genus
1397 2047 1485 2086 apud
1511 2047 1626 2078 Gallos
1649 2048 1750 2079 usita—

1071 2102 1151 2129 tum.

1111 2145 1251 2185 Pilenta]
1289 2146 1491 2185 Reginarum
1511 2149 1748 2178 matronarum-

1070 2201 1133 2234 que
1163 2195 1371 2234 captivarum
1406 2194 1565 2229 vehicula,
1601 2204 1675 2235 quae
1711 2201 1748 2227 et

1070 2248 1243 2282 carpenta.
1368 2240 1370 2242 ’

1110 2289 1284 2329 Petorrita]
1307 2289 1369 2320 His
1398 2290 1531 2330 captiva
1551 2298 1667 2330 regum
1689 2289 1746 2320 de-

1069 2339 1230 2370 victorum
1243 2337 1365 2369 familia
1378 2338 1582 2369 vehebatur:
1605 2341 1748 2379 quatuor

1069 2393 1215 2420 rotarum
1231 2391 1336 2418 erant.
1378 2387 1465 2418 Vide
1481 2387 1571 2418 Gen.
1586 2395 1648 2418 xv.
1663 2389 1717 2418 3⁰.

1110 2437 1229 2477 Ναυεε]
1251 2436 1378 2468 Quibus
1401 2435 1508 2466 navali
1522 2434 1747 2475 praelioregee

1069 2485 1167 2522 victi;
1204 2485 1256 2515 vel
1281 2483 1427 2515 exhibita
1445 2483 1655 2522 naumachia3
1691 2483 1747 2514 vel

1069 2534 1239 2575 productis
1255 2533 1405 2568 navibus.
1418 2542 1475 2564 seu
1489 2533 1587 2573 pictis
1597 2533 1631 2564 in
1647 2541 1747 2564 scena

1067 2593 1124 2614 seu
1141 2583 1225 2614 veris
1235 2583 1268 2613 in
1276 2582 1401 2622 Tiberi,
1410 2581 1467 2623 qui
1476 2582 1621 2613 Theatra
1634 2581 1746 2622 proxi-

1068 2641 1151 2667 mus,
1165 2635 1202 2662 ut
1218 2631 1288 2662 vult
1312 2635 1407 2662 vetus
1426 2631 1536 2662 Scliol.
1560 2635 1617 2662 aut
1631 2631 1741 2671 potius

1067 2681 1101 2710 in
1118 2680 1378 2719 amphitheatr03
1401 2676 1673 2719 quemadmodum
1686 2678 1742 2710 do·

1068 2733 1122 2760 cet
1143 2727 1287 2759 Martial.
1311 2727 1466 2766 Spectac.
1483 2729 1536 2758 21.
1556 2725 1611 2758 ubi
1626 2725 1668 2758 de
1689 2735 1741 2757 re-
