1930 3204
388 276 498 323 1578

389 382 537 422 graviter
566 382 698 414 afficere
734 387 863 414 mentes
898 385 1070 417 humanas.

391 431 486 471 Cruq.
527 431 592 462 Vel
617 431 738 461 Sabella
766 432 914 467 carmina,
945 433 978 463 id
1007 437 1069 472 est,

388 479 537 510 Canidiae
568 479 708 510 Sabellae
730 479 901 510 cantiones
926 481 991 511 vim
1011 481 1070 511 ha-

388 527 467 559 bere
485 528 527 559 ad
549 529 790 568 permovendos
807 534 842 559 et
871 529 1069 569 perturban-

387 577 448 607 dos
463 577 630 607 hominum
644 576 781 607 animos.
803 577 944 608 Lambin.
990 577 1068 616 [Er-

384 636 425 664 go
437 631 547 666 negato
559 627 785 658 Schoenborn.
801 630 834 658 2.

427 677 469 705 28
492 675 627 714 Sabella]
645 675 789 716 Magica,
807 676 858 707 vel
874 676 960 716 quod
972 677 1069 708 Cani-

387 722 442 753 dia
467 723 500 753 in
523 723 653 754 Sabinis
667 729 757 763 nata,
779 725 830 755 vel
847 725 932 765 quod
949 725 1070 756 Marsis

386 769 487 800 vicini
511 770 638 802 fuerint
656 772 790 804 Sabelli.
833 773 937 804 Marsi
958 779 1069 804 autem

387 818 558 850 veneficiis
583 819 722 859 nobiles,
745 825 783 852 ut
807 822 912 860 Epod.
931 832 961 853 v.
985 822 1070 852 dixi-

385 875 470 898 mus.
514 867 674 907 Increpare
688 874 800 899 autem
817 870 904 900 dixit
925 879 986 910 pro
1002 870 1071 910 agi-

386 917 473 953 tare,
501 915 683 956 impellere,
704 922 856 956 quatere,
881 922 918 949 ut
943 919 1069 949 Ennius

384 962 529 1002 Thyeste
543 964 630 1003 apud
648 965 793 995 Nonium
807 976 814 995 :
834 967 843 983 ‘
858 966 925 997 Sed
942 967 1070 997 sonitus

387 1020 483 1041 aures
509 1021 599 1043 meas
628 1012 751 1050 pedum
776 1014 874 1053 pulsu
894 1015 1071 1055 increpat!

388 1059 530 1089 Torrent-

427 1109 469 1137 29
491 1107 638 1138 Dissilire
662 1108 779 1148 noenia]
803 1109 954 1148 Dirumpi
970 1111 1070 1141 male-

385 1153 450 1186 fico
463 1157 619 1188 carmine.
663 1157 767 1188 Marsi
788 1158 915 1189 Sabinis
931 1164 1008 1190 sunt
1023 1159 1070 1190 vi-

386 1204 465 1244 cini,
481 1213 500 1235 a
522 1205 635 1236 Circes
661 1205 731 1236 filio
758 1207 917 1246 originem
935 1209 1070 1238 trahen-

386 1257 448 1285 tes.
492 1253 623 1292 Naem'a]
660 1254 712 1285 De
731 1256 838 1287 naenia
864 1256 1007 1288 diximus
1029 1265 1069 1287 11.

386 1301 455 1334 Od.
468 1305 498 1332 1.

432 1349 490 1388 [30
511 1350 616 1381 Codd.
643 1359 696 1390 ap.
723 1351 843 1387 Jaeck‚
870 1362 887 1382 ο
912 1354 1018 1384 coelum
1039 1356 1070 1384 et

385 1397 498 1436 terrm]
556 1424 562 1439 J

427 1446 483 1485 [31
507 1414 654 1486 Guelpli.
666 1457 720 1478 nec
735 1447 859 1487 atro]

426 1497 468 1526 32
492 1495 588 1526 Nessi
609 1497 729 1536 cruore]
753 1497 879 1527 Cruore
897 1498 1068 1532 Centauri,

386 1543 443 1584 qui
459 1543 628 1575 Deianirae
644 1545 709 1575 vim
722 1540 846 1575 inferre
872 1546 1067 1576 conabatur.

385 1591 461 1622 vide
475 1601 577 1631 supra
592 1592 699 1632 Epod.
717 1601 751 1622 v.
781 1593 848 1623 Nec
856 1592 984 1633 Sicana]
996 1594 1068 1624 Nec

385 1644 515 1670 tantum
530 1637 663 1670 flamma
677 1639 787 1669 virens
795 1639 845 1679 (id
861 1645 924 1679 est,
939 1639 1070 1672 flamma

384 1687 495 1718 valida
510 1691 546 1718 et
570 1686 751 1726 perpetua)
768 1686 865 1717 ardet
891 1687 925 1716 in
949 1688 1071 1718 Sicana‘

385 1735 496 1774 AEtna‚
521 1744 596 1775 quae
621 1739 672 1765 est
698 1735 729 1765 in
756 1734 885 1772 Sicilia,
909 1740 1069 1775 quantum

385 1794 447 1824 ego
464 1783 578 1815 ardeo.
622 1783 734 1823 [Nessi
745 1792 817 1813 sano
840 1782 1069 1814 Schoenborn.

385 1835 416 1862 2
427 1841 502 1863 cum
519 1833 629 1872 glossa
641 1840 757 1862 cruore.
761 1831 776 1871 ]

426 1883 467 1911 33
506 1880 616 1911 Virem
641 1881 675 1910 in
697 1881 795 1910 AEtna
812 1878 957 1919 flamma]
993 1879 1070 1911 Alia

385 1928 591 1969 exemplaria
607 1928 724 1959 Furens
746 1928 800 1958 vel
817 1928 916 1959 Urens
930 1928 1067 1968 legunt:

384 1976 507 2008 scribae
530 1976 618 2007 enim
642 1976 804 2016 imperiti,
820 1986 895 2007 cum
916 1977 995 2017 quid
1017 1977 1071 2008 Vt‘·

382 2034 455 2055 rens
470 2029 560 2055 esset
579 2023 711 2055 flamma
736 2033 802 2054 non
817 2024 1068 2064 intelligerent;

385 2072 474 2112 quod
499 2073 685 2112 proximum
710 2075 795 2111 erat,
822 2072 922 2102 Urem
949 2072 1069 2102 substi-

385 2124 495 2154 tuere,
522 2119 610 2149 unde
630 2119 728 2157 paulo
751 2119 927 2157 peritiores
949 2119 1069 2149 Furens

383 2167 507 2198 fecere.
543 2167 666 2197 Notum
678 2170 787 2196 autem
803 2165 953 2196 omnibus
970 2175 1068 2206 quam

386 2215 534 2255 eleganti
561 2213 777 2245 translatione
803 2213 922 2252 optimi
947 2214 1070 2254 quique

386 2267 541 2294 auctores
580 2263 589 2279 ‘
606 2261 731 2293 virere’
785 2261 902 2292 dicant
949 2262 1070 2300 omnia,

385 2321 459 2352 quoe
470 2311 566 2342 firma
577 2319 617 2341 ac
631 2310 739 2341 valida
751 2313 847 2340 sunt:
865 2314 916 2344 ut,
931 2309 942 2326 ‘
955 2309 1070 2340 viridis

379 2360 543 2400 juventa,'
559 2365 594 2390 et
612 2359 622 2376 ‘
638 2358 742 2389 cruda
755 2358 940 2398 viridisque
955 2367 1070 2389 senec—

386 2413 440 2439 tus
455 2411 463 2424 ³
503 2407 591 2447 apud
625 2406 720 2446 Virg.
786 2406 911 2436 Noster
946 2406 1069 2438 etiam:

385 2458 395 2475 ‘
410 2457 562 2498 Dumque
578 2456 687 2486 virent
703 2454 835 2495 genua?
877 2455 997 2495 Neque
1012 2455 1072 2486 ali-

386 2510 439 2537 ter
451 2505 566 2537 Graeci
579 2503 741 2535 vocabulo
750 2502 883 2543 χλωρὸς,
893 2504 963 2534 sive
977 2509 1072 2543 χλοε·

385 2554 448 2595 ρδς,
459 2555 510 2585 usi
519 2557 612 2592 sunt,
622 2562 682 2593 pro
697 2552 852 2592 ἀκμάζων,
868 2556 956 2583 teste
969 2553 1072 2584 Suida

387 2610 423 2635 et
438 2604 632 2644 Hesycbio:
655 2608 692 2635 ut
712 2603 789 2642 ’γόνυ
802 2602 938 2643 χλωρόν.
981 2602 1071 2636 Quid

388 2662 467 2692 ergo
491 2653 675 2684 mirandum
699 2653 727 2683 si
755 2653 889 2683 ‘virens
915 2652 949 2683 in
972 2651 1072 2683 AEtna

387 2700 538 2732 flamma'
559 2703 643 2733 dixit
671 2702 793 2733 Horat.
819 2701 853 2732 id
880 2705 945 2740 est,
970 2700 1071 2740 acris,

389 2753 565 2790 perpetua,
591 2759 656 2781 non
682 2751 913 2790 languescens.
965 2750 1071 2781 Donec

842 293 978 324 NO'rAE
1009 292 1266 326 VARIORUM
1299 295 1350 326 IN

1117 385 1209 424 cinis]
1234 387 1349 417 Donec
1365 385 1478 417 aridus
1494 386 1577 418 cinis
1587 379 1795 428 fantasmata

1116 435 1222 466 ventis
1234 435 1390 466 ludibrio.
1434 436 1518 476 [Tua
1531 437 1623 467 donec
1636 451 1670 467 .<.
1683 458 1691 467 .
1702 458 1711 467 .
1736 437 1796 467 Ca-

1114 482 1155 512 [ει
1168 483 1265 514 codd.
1282 493 1335 523 ap.
1351 483 1488 523 Jaeck.]

1157 533 1197 562 35
1214 532 1302 562 Cales
1312 532 1433 562 venenis
1446 531 1578 573 qfficina]
1600 531 1708 563 Ardet
1723 525 1795 563 tanss

1115 588 1211 619 quam
1222 579 1353 610 officina
1362 581 1491 619 repleta
1499 580 1633 611 venenis
1645 575 1795 618 Medea}

1116 631 1190 657 erat
1215 628 1301 658 enim
1326 628 1451 658 Medea
1471 637 1514 658 ex
1539 628 1675 659 Colcho.
1721 629 1796 669 Offi-

1115 674 1198 714 cina]
1223 675 1296 706 Hoc
1323 676 1371 706 ita
1400 680 1574 715 exponunt
1597 676 1725 716 antiqui
1748 677 1798 706 in·

1118 726 1297 762 terpretes‚
1313 729 1349 754 nt
1366 723 1538 754 Canidiam
1551 724 1656 764 ipsam
1670 726 1681 743 ⁶
1693 723 1797 755 offici-

1117 771 1208 801 nam’
1222 777 1318 803 vocet
1329 773 1413 803 omni
1427 772 1662 804 veneficiorum
1673 781 1797 812 genere

1117 817 1300 850 refertam:
1323 824 1361 851 ut
1384 820 1411 850 si
1441 825 1449 838 ‘
1465 820 1588 851 virtus’
1610 822 1682 861 ipsa
1697 821 1798 860 Cato,

1118 871 1177 898 aut
1189 868 1262 907 ipsa
1277 869 1286 886 ‘
1298 869 1509 909 eloquentia’
1525 869 1658 901 dicatur
1667 870 1798 901 Cicero.

1121 915 1259 946 Torrent.

1159 966 1200 993 36
1224 964 1302 998 Quae
1320 964 1416 1003 finis]
1437 965 1521 997 Quis
1550 966 1710 997 terminus
1731 967 1798 998 erit

1116 1011 1190 1042 istis
1213 1011 1294 1042 meis
1310 1012 1424 1042 malis?
1442 1012 1513 1055 *Aut
1533 1013 1609 1052 quod
1623 1012 1685 1052 me]
1705 1014 1798 1046 Quas

1117 1069 1233 1100 poenas
1249 1060 1455 1100 pecuniarias
1471 1064 1530 1091 aut
1542 1060 1701 1092 tributum
1714 1069 1735 1091 a
1748 1069 1800 1091 me

1117 1109 1248 1149 exigis?
1272 1108 1482 1148 Stipendium]
1504 1108 1581 1139 Non
1610 1108 1696 1149 qnod
1725 1109 1800 1149 ipse

1117 1157 1276 1198 accipiat,
1292 1157 1350 1188 sed
1367 1156 1455 1198 quod
1472 1156 1619 1188 Canidiae
1634 1155 1801 1197 conferat,

1117 1215 1182 1246 quo
1212 1205 1394 1237 liberetur:
1425 1206 1504 1245 quin
1532 1209 1567 1236 et
1595 1205 1800 1245 stipendium

1117 1253 1236 1284 militia
1264 1258 1300 1285 et
1329 1262 1474 1284 aerumna
1504 1262 1543 1283 ac
1572 1252 1678 1284 labor.
1721 1252 1800 1284 Vid.

1115 1302 1261 1333 Turneb.
1277 1310 1367 1332 xxx.
1384 1305 1436 1332 27.
1459 1302 1601 1332 Torrent-
1633 1299 1802 1342 [Qm'fim's

1117 1351 1342 1382 Schoenborn.
1370 1353 1401 1382 2.
1456 1351 1535 1386 Quoe
1545 1350 1625 1391 finit
1647 1353 1702 1381 aue
1727 1350 1801 1390 quid

1116 1402 1217 1430 manet
1231 1399 1413 1438 stipendium
1422 1408 1468 1429 me
1483 1398 1644 1438 Guelph.]

1125 1461 1128 1467 ·
1158 1449 1212 1479 37
1220 1446 1347 1486 Jussas]
1381 1447 1506 1478 Poenas
1525 1455 1544 1477 a
1564 1450 1602 1477 te
1619 1447 1800 1486 imperatas

1116 1494 1216 1525 luam.
1250 1495 1430 1535 Cumfide]
1440 1495 1612 1526 Fideliter
1639 1495 1801 1534 [Schoen-

1118 1542 1214 1573 born.
1226 1545 1258 1573 2.
1278 1539 1449 1583 cumfi'ne.]
1497 1558 1499 1561 .
1542 1554 1549 1559 *

1158 1593 1199 1621 38
1223 1591 1403 1631 ExpiareJ·
1425 1591 1568 1622 Paratus
1595 1601 1741 1658 purgare
1765 1595 1800 1622 et

1117 1638 1240 1669 laesam
1246 1643 1281 1669 te
1297 1639 1445 1681 placare.

1159 1689 1200 1716 39
1224 1686 1352 1717 Genuum
1361 1686 1521 1730 juvencos]
1541 1686 1688 1718 Solidam
1701 1688 1800 1718 heca-

1115 1733 1253 1768 tomben
1269 1733 1449 1774 promittit,
1462 1737 1500 1764 ut
1521 1734 1593 1765 Diti
1609 1738 1644 1765 et.
1665 1734 1803 1766 Proser-

1119 1782 1207 1822 pinae
1238 1789 1278 1812 ιι.
1300 1781 1368 1812 od.
1394 1783 1446 1812 14.
1486 1781 1627 1813 Tor-rent.
1673 1781 1802 1813 eentum

1109 1829 1271 1869 juvencos]
1293 1830 1363 1861 Pro
1376 1828 1539 1861 sacrificio
1554 1830 1618 1861 sibi
1629 1830 1802 1862 immolan-

1118 1879 1189 1910 dos.
1231 1878 1376 1909 Mendaci
1398 1877 1482 1919 lyra]
1519 1878 1674 1910 Mendax*
1689 1877 1803 1909 futura

1119 1928 1147 1958 si
1162 1927 1479 1959 Canidiam‘laudet.
1497 1943 1501 1947 ·
1522 1927 1569 1958 Et
1582 1926 1704 1967 alioqui
1718 1925 1804 1958 falsa

1117 1974 1191 2006 fere
1214 1981 1290 2006 sunt
1320 1974 1502 2006 Poetarum
1529 1975 1690 2006 encomia.
1715 1975 1804 2006 Tor-r.

1118 2024 1265 2055 Mendaci
1285 2023 1368 2064 lym]
1399 2024 1433 2055 Si
1452 2023 1541 2055 voles
1560 2023 1690 2055 laudari
1711 2032 1803 2054 men-

1118 2072 1257 2103 dacibus
1272 2071 1487 2108 carminibus,
1511 2071 1599 2112 quod
1619 2071 1690 2112 fiet,
1711 2072 1740 2102 si
1755 2071 1804 2103 sie

1118 2120 1239 2158 dicam,
1274 2123 1311 2149 tu
1348 2119 1484 2157 pudica,
1515 2124 1553 2148 tu
1585 2119 1703 2158 proba,
1737 2121 1802 2150 &c-

1119 2166 1280 2206 [Guelpli.
1294 2166 1435 2196 mendace
1447 2164 1544 2204 lyra-J

1158 2218 1198 2247 41
1223 2214 1451 2246 Perambulabis
1468 2217 1554 2244 astra
1566 2213 1650 2244 aidus
1662 2215 1802 2255 aureum]

1118 2265 1169 2294 Tu
1185 2263 1274 2294 sidus
1290 2272 1425 2293 aureum
1441 2262 1530 2293 inter
1545 2267 1635 2293 astra
1648 2263 1803 2294 versabe-

1119 2311 1175 2342 ris.
1216 2310 1308 2341 Sidus
1321 2310 1461 2350 aureum]
1484 2310 1592 2342 Quale
1606 2305 1756 2342 Ariadne
1769 2314 1804 2343 et

1119 2359 1276 2399 Erigone,
1309 2367 1392 2398 quas
1428 2358 1582 2389 Bacchus
1619 2359 1655 2389 in
1683 2359 1802 2390 coelnm

1120 2408 1305 2447 transtulit,
1319 2416 1358 2438 ιι.
1383 2407 1450 2438 Od.
1464 2409 1516 2450 ιο.
1540 2406 1687 2448 itemque
1702 2407 1805 2439 Bere-

1121 2458 1210 2488 nices
1227 2465 1333 2500 coma.
1357 2456 1499 2486 Tor-rent.

1160 2508 1201 2536 42
1225 2505 1357 2548 Infamia
1371 2502 1516 2542 Helenae]
1550 2503 1714 2535 Helenam
1729 2503 1804 2535 Ste-

1120 2555 1268 2586 sichorus
1285 2547 1432 2584 ve'rsibus
1454 2552 1702 2583 contumeliosis
1717 2551 1802 2582 infa-

1120 2607 1279 2634 maverat.
1311 2601 1455 2642 Offensus
1466 2601 1548 2641 vice]
1564 2600 1677 2631 Codex
1687 2599 1800 2632 Mechss

1119 2651 1267 2683 liniensis
1282 2650 1376 2681 vicem
1390 2649 1502 2680 habet.
1533 2649 1676 2680 Tor-rent.

1160 2703 1201 2730 43
1227 2697 1412 2738 Fraterque]
1435 2697 1568 2728 Pollux.

1162 2751 1203 2780 44
1230 2748 1304 2780 Vati
1317 2745 1488 2785 reddidere]
1520 2745 1707 2777 Stesichoro
1721 2751 1799 2775 ocu-
