1930 3204
376 266 485 308 1580

419 370 460 398 56
483 367 603 398 [nullus
617 370 650 398 ul
666 365 714 405 tu]
751 366 866 406 Egone
888 364 997 405 patiar
1020 369 1058 396 ut

377 420 414 448 tu
442 417 576 456 impune
604 414 770 446 deriseris.
801 414 954 454 Cotytlia]
1001 413 1058 445 Sic

376 466 503 506 primus
530 464 713 494 Politianus
739 463 888 494 restituit
913 462 1057 493 Miscell.

378 521 414 544 x.
436 522 508 544 cum
536 513 567 542 in
590 511 671 542 libb.
686 511 772 542 Mss.
788 511 916 551 Cocytia
931 511 983 541 vel
1000 510 1057 540 Co-

374 562 453 592 citia
466 562 610 600 legatur.
654 559 700 589 Et
716 560 816 599 Cotys
833 558 966 599 quidem
987 558 1058 588 sive

378 610 529 649 Cotytto‚
550 609 779 640 obscoenitatis
802 617 840 639 ac
861 607 1058 648 promiscuae

377 657 525 687 libidinis
539 657 624 696 Dea,
638 656 727 696 apud
741 657 885 688 Thracas
896 656 1058 696 Chiosque

377 709 413 735 et
429 705 618 736 Corinthios
643 705 720 735 olim
742 704 845 743 culta,
866 713 961 745 qnam
986 703 1060 735 Sui-

377 751 440 784 das
455 753 563 792 ἔφορον
572 753 634 782 τῶν
647 751 783 792 αἰσχρῶν
795 753 954 784 nominat.
971 753 1060 785 Quia

378 807 491 834 tamen
516 803 550 834 in
571 803 743 842 praeclarae
757 803 843 834 illius
859 803 944 833 Deae
959 801 1061 833 sacris

380 851 461 881 nillil
477 850 519 882 de
543 851 640 881 rebus
662 850 796 890 magicis
823 849 1059 890 veneficiisque

379 899 538 938 traditur,
555 908 660 939 prope
675 899 840 938 adducor,
859 903 897 929 ut
912 903 1060 929 veterem

377 948 556 979 lectionem
571 947 634 977 boc
650 947 723 978 loco
733 947 910 986 retineam,
919 946 1061 977 maxime

379 1004 456 1025 cum
481 1003 547 1026 non
572 1004 637 1026 uno
661 995 696 1024 in
721 994 838 1026 codice
860 994 902 1026 ab
924 995 1062 1036 antiquo

379 1041 563 1073 Scholiaste
587 1043 793 1082 adscriptum
823 1043 886 1074 sit:
915 1044 1064 1083 ‘Cocyta‚

378 1090 412 1120 id
439 1094 503 1130 est,
527 1090 715 1130 infernalia,
740 1095 779 1122 ut
808 1092 949 1131 Cocytia
970 1092 1063 1132 virgo

380 1147 442 1178 pro
457 1139 569 1178 Furia,
594 1139 683 1179 apud
706 1139 815 1179 Virg.’
858 1140 904 1170 Et
925 1148 967 1170 ne
993 1139 1065 1180 quis

378 1186 467 1218 forte
483 1187 636 1227 objiciat,
653 1187 740 1228 quod
759 1188 800 1219 ab
816 1187 958 1219 Horatio
972 1188 1065 1219 addi-

380 1241 458 1274 tur;
483 1245 603 1267 sacrum
615 1236 705 1267 liberi
725 1237 896 1276 Cupidinis,
911 1237 1065 1278 quodque

379 1293 444 1315 non
469 1284 610 1324 magica,
636 1284 696 1315 sed
723 1285 886 1316 amatoria
907 1285 1066 1326 Cupidini

380 1332 607 1371 conveniuut3
633 1333 721 1364 idem
747 1333 953 1364 Scholiastes
977 1333 1067 1365 liberi

382 1380 543 1420 Cupidinis
557 1382 696 1421 exponit
712 1391 771 1421 pro
785 1382 888 1414 soluti.
941 1382 988 1412 Ut
1001 1382 1066 1413 loci

379 1428 478 1467 hujus
492 1429 661 1460 sententia
681 1430 737 1467 sit,
761 1430 932 1461 Canidiam
949 1429 1066 1462 Pei-:tm

380 1476 546 1508 sacrificia
555 1477 676 1517 aliqua,
689 1477 808 1518 quibus
820 1487 950 1509 amores
960 1479 1066 1509 solve·

380 1530 510 1560 rentur,
529 1525 658 1566 Cocytia
677 1525 779 1563 dicta,
802 1525 978 1561 indicasse,
993 1535 1066 1566 quae

379 1572 438 1604 ille
466 1573 578 1604 ridens
608 1573 830 1613 evulgaverit,
853 1574 1066 1614 quemadmo-

379 1621 460 1652 dum
483 1626 520 1652 et
545 1621 720 1661 Esquilina
744 1620 916 1652 veneficia.
959 1622 1067 1653 Nemo

382 1673 493 1699 autem
510 1669 643 1707 ignorat
664 1673 842 1708 utrumque
865 1678 980 1708 magos
997 1670 1067 1708 pol-

381 1717 490 1747 liceri.
530 1716 587 1747 Sic
603 1716 692 1747 enim
704 1716 800 1756 Virg.
821 1718 830 1734 ‘
846 1716 932 1748 Hoec
944 1726 979 1747 se
996 1726 1068 1747 car-

381 1764 525 1796 minibus
566 1765 735 1804 promittit
774 1765 903 1795 solvere
941 1768 1069 1796 mentes

382 1814 474 1846 Quas
490 1812 584 1851 velit¹
608 1816 659 1843 ast
679 1812 752 1843 aliis
776 1812 875 1844 duras
888 1813 1070 1844 immittere

382 1860 499 1893 curas.'
542 1859 695 1892 Accedat
724 1860 866 1901 denique
888 1861 975 1902 quod
998 1865 1070 1892 toto

382 1910 444 1941 hoc
458 1910 604 1942 carmine
621 1909 760 1941 Canidia
785 1914 916 1941 tantum
938 1914 977 1942 ut
991 1919 1070 1950 saga

383 1969 444 1999 per
459 1960 574 1999 jocum
599 1958 787 1997 lacessitur,
809 1967 875 1989 non
890 1963 926 1989 ut
943 1959 1069 1999 Cotyos

384 2007 508 2039 famula
523 2011 581 2038 aut
595 2007 763 2045 sacerdos,
785 2006 882 2046 cujus
897 2007 982 2037 Deae
997 2007 1070 2038 nul-

382 2055 416 2085 la
439 2064 577 2095 usquam
607 2054 696 2093 apud
725 2054 846 2085 Horat.
871 2054 912 2085 fit
934 2055 1070 2086 mentio.

382 2102 505 2142 Aptior
520 2106 632 2132 tamen
648 2102 900 2141 interpretatio,
911 2105 950 2132 ut
962 2102 972 2118 ‘
985 2101 1069 2132 libe-

384 2158 458 2180 rum
488 2147 704 2189 Cupidinem’
748 2152 860 2187 vocet,
886 2149 945 2188 qui
981 2149 1070 2180 nullo

384 2206 484 2229 sexus
499 2196 663 2235 aetatisve,
687 2199 747 2227 aut
764 2195 829 2226 loci
846 2195 1070 2236 temporisque

385 2246 577 2277 discrimine
606 2244 825 2283 libidinetur;
848 2245 977 2286 qualem
1006 2246 1070 2277 Co-

385 2299 462 2335 tyos
478 2304 573 2326 sacra
587 2294 736 2333 exigunt.
779 2294 836 2324 De
850 2294 999 2333 Cocytiis
1015 2303 1071 2324 au-

386 2348 454 2374 tem
471 2345 566 2384 plura
581 2342 732 2373 fortassis
748 2341 803 2372 alii
819 2342 853 2372 in
873 2342 1071 2374 Juvenalem

386 2392 455 2424 Sat.
479 2400 518 2422 u.
540 2390 628 2421 Vide
646 2394 680 2421 et
695 2389 784 2429 Aug.
801 2389 959 2420 Politian.
973 2390 1071 2421 Misc-

388 2440 487 2471 Cent.
513 2449 588 2479 cap.
615 2441 667 2470 10.
723 2438 882 2479 Cotynia]
911 2439 1074 2478 Cotyttia‚

387 2487 422 2519 id
446 2493 509 2529 est,
533 2495 630 2518 sacra
651 2490 817 2517 nocturna
837 2490 873 2517 et
895 2485 1073 2526 flagitiosa,

387 2537 436 2568 sic
458 2537 549 2568 dicta
564 2545 584 2567 a
606 2535 790 2575 Colyttoue
807 2536 881 2567 Dea
895 2534 1074 2576 turpitudi-

389 2594 450 2615 nis.

430 2635 470 2663 57
498 2631 631 2671 Vulgata
657 2631 792 2671 sacrum]
823 2631 903 2663 Tuis
927 2630 1073 2662 versibus

390 2680 535 2718 vulgata.
580 2680 687 2711 Liberi
705 2680 879 2721 Cupidinis]
900 2679 1074 2721 Cupidinis

390 2726 496 2759 libere
510 2737 570 2767 per
582 2737 711 2761 omnem
726 2728 897 2761 libidinem
912 2728 1073 2769 vagantis,

824 273 966 304 NOTAE
998 272 1257 303 VAR10RUM
1290 272 1340 302 IN

1106 363 1177 396 sine
1192 364 1260 395 ullo
1275 363 1412 403 pudore.

1147 416 1187 444 58
1211 413 1254 443 Ee
1279 410 1448 451 Esquilini]
1483 410 1528 442 Et
1549 410 1643 451 quasi
1664 410 1786 443 Censor

1106 471 1145 493 ac
1172 461 1284 494 Judex
1306 460 1415 492 factus
1442 459 1690 499 veneficiorum,
1713 469 1787 500 quas

1107 514 1217 541 tracto
1231 514 1325 540 extra
1345 514 1474 549 portam
1497 508 1715 549 Esquilinam,
1729 508 1788 540 ubi

1106 559 1212 588 multa
1223 563 1319 589 erant
1330 558 1516 597 sepulchra.
1538 556 1694 597 Esquilini
1702 557 1788 588 Poss-

1107 606 1188 644 tisex
1201 606 1341 646 venefici]
1366 605 1530 641 Ridicule,
1553 603 1692 645 perinde
1708 613 1747 635 ae
1760 603 1790 634 si

1108 653 1151 684 de
1189 655 1411 685 Romanorum
1447 654 1548 684 sacris
1583 653 1790 693 loqueretur,

1109 702 1288 744 Pontificem
1322 703 1478 742 Esquilini
1510 701 1648 743 veneficii
1683 705 1792 741 vocat,

1108 751 1173 791 qui.
1187 755 1352 791 tamquam
1367 750 1518 792 pontifex
1539 754 1598 781 aut
1612 750 1686 790 ejus
1700 752 1791 781 esset

1108 801 1270 840 conscius,
1291 806 1349 832 aut
1369 810 1405 832 se
1426 801 1470 832 de
1491 810 1529 831 eo
1544 799 1735 831 existimare
1749 807 1790 830 ac

1109 858 1245 880 censere
1271 859 1370 890 posse
1391 850 1621 881 arbitraretur.
1664 849 1791 880 Notum

1109 901 1221 928 autem
1243 907 1415 929 sacrorum
1437 899 1581 929 omnium
1607 906 1721 929 curam
1747 896 1790 927 ad

1111 944 1294 976 Pontifices
1321 951 1503 984 spectasse.
1545 946 1600 976 De
1631 944 1790 986 Esquiliis

1112 1002 1190 1025 vero
1203 1002 1229 1024 1.
1253 993 1324 1024 Sat.
1337 995 1368 1024 8.
1384 1002 1460 1024 nam
1475 993 1517 1024 ob
1531 993 1686 1032 Satyram
1701 992 1792 1022 illam

1109 1041 1338 1076 succensuisse
1365 1040 1463 1081 fingit
1491 1039 1676 1078 Canidiam,
1705 1038 1794 1078 quod

1113 1100 1174 1132 per
1201 1100 1274 1122 eam
1309 1089 1470 1131 mysteria
1497 1089 1691 1120 revelasset.
1719 1087 1794 1118 Tor-

1112 1143 1191 1172 rent.

1155 1191 1197 1219 59
1218 1188 1345 1228 Impune
1356 1190 1390 1219 ui
1404 1186 1506 1219 urbem
1515 1185 1634 1217 nomin
1646 1182 1796 1225 inniteris]

1114 1237 1276 1268 Patiarne
1304 1240 1344 1268 ut
1366 1237 1436 1267 sine
1461 1235 1610 1267 vindicta
1629 1242 1684 1265 me
1706 1233 1796 1265 urbis

1114 1284 1257 1317 fabulam
1273 1284 1420 1316 feceris?
1463 1283 1606 1324 [Impune
1624 1284 1654 1314 et
1669 1284 1705 1313 as
1735 1281 1797 1313 Ur·

1114 1333 1179 1364 bem
1194 1331 1358 1373 Guelpb.]

1156 1384 1197 1412 60
1219 1380 1383 1420 Pelignus]
1404 1379 1536 1421 Peligni
1552 1383 1663 1412 autem
1679 1379 1795 1419 populi

1113 1477 1231 1516 babiti,
1256 1481 1294 1507 ut
1314 1481 1394 1508 ante
1415 1476 1458 1508 de
1477 1475 1619 1508 Sabellis
1639 1475 1794 1508 diximus.

1114 1525 1262 1563 Pelignus
1275 1524 1364 1564 anus]
1399 1524 1488 1556 Quid
1511 1523 1664 1564 proderit
1685 1523 1795 1564 pretio

1114 1573 1314 1605 conduxisse
1329 1572 1494 1604 veneficas
1516 1581 1598 1603 anus
1614 1571 1796 1612 Pelignas?

1115 1626 1154 1652 ut
1167 1625 1201 1653 te
1215 1622 1267 1652 vel
1282 1619 1454 1652 mortifero
1469 1621 1589 1661 poculo
1605 1629 1624 1651 a
1639 1621 1718 1652 tabe
1732 1620 1798 1651 ista

1115 1670 1308 1700 liberarent.
1350 1669 1497 1707 Pelignus
1509 1667 1600 1706 unus]
1632 1668 1725 1699 Anus
1737 1668 1798 1699 Sa-

1116 1718 1210 1748 binas
1225 1727 1245 1748 a
1258 1716 1401 1756 Peligno
1415 1717 1528 1747 monte
1539 1715 1588 1746 sie
1602 1717 1801 1748 nominatas.

1115 1764 1322 1804 [Markland.
1338 1773 1391 1804 sp.
1404 1764 1426 1796 J
1430 1763 1527 1803 aeck,
1538 1762 1676 1802 vicisse-J

1160 1816 1201 1844 61
1239 1812 1400 1853 Tea-icum]
1441 1812 1600 1843 Praesens
1636 1819 1800 1843 venenum

1118 1861 1301 1901 miscuisse,
1309 1865 1347 1892 ut
1357 1860 1469 1892 statim
1480 1859 1641 1892 moriaris.
1679 1859 1802 1899 [Codd.

1119 1919 1172 1950 ap.
1181 1909 1204 1942 J
1207 1908 1490 1947 seck,commisisse
1497 1907 1640 1940 toxicum.
1655 1903 1801 1948 Gu'elph.

1125 1959 1262 1990 Velocius
1276 1967 1323 1989 me
1336 1956 1518 1996 miscuisse]

1161 2010 1202 2038 62
1224 2006 1262 2037 Si
1279 2005 1433 2045 tardiora]
1467 2004 1559 2036 Libri
1575 2002 1802 2042 vetustissimi,

1117 2057 1171 2086 sed
1206 2055 1368 2086 tardiora:
1397 2053 1507 2092 posita
1533 2049 1802 2090 interrogationis

1118 2107 1199 2133 nota
1213 2106 1290 2141 post
1303 2101 1440 2132 verbum
1454 2100 1601 2131 toxicum.
1645 2099 1720 2130 Nec
1733 2097 1801 2129 dis-

1120 2150 1233 2190 plicet.
1253 2149 1389 2180 concisa
1409 2148 1496 2178 enim
1516 2152 1552 2179 et
1568 2147 1712 2186 abrupta
1726 2155 1800 2178 ora-

1119 2197 1168 2228 tio
1193 2195 1289 2227 iratis
1311 2194 1479 2227 convenit.
1520 2194 1559 2226 Si
1571 2194 1711 2225 tardiora
1727 2194 1801 2232 saia

1119 2250 1150 2277 te
1163 2245 1243 2277 volis
1254 2244 1393 2285 manent]
1425 2244 1462 2275 Si
1476 2243 1614 2284 tardius,
1627 2252 1727 2284 quam
1741 2252 1801 2284 op-

1121 2298 1182 2332 tas,
1196 2303 1231 2324 es
1245 2293 1436 2324 moriturus.

1161 2344 1201 2373 63
1224 2341 1342 2373 Misero
1368 2341 1435 2372 vila
1453 2339 1588 2372 ducenda
1607 2342 1655 2372 est
1674 2340 1709 2372 in
1731 2338 1802 2379 110⁶]

1119 2390 1192 2421 Tibi
1220 2390 1339 2421 uiisero
1365 2388 1435 2420 vita
1455 2387 1674 2429 producenda
1694 2393 1750 2420 est
1769 2389 1804 2421 in

1120 2439 1194 2474 hoc,
1207 2438 1242 2469 id
1258 2442 1325 2477 est,
1341 2441 1480 2478 propter
1493 2437 1567 2469 boc..

1163 2490 1204 2519 64
1226 2487 1326 2518 Novis
1336 2490 1370 2518 ιιι
1378 2496 1471 2527 usque
1479 2485 1637 2527 suppetas]
1658 2485 1709 2519 Ut
1719 2493 1804 2518 sem-

1123 2544 1183 2576 per
1213 2534 1356 2567 sufficiss
1389 2534 1606 2574 cruciatibus,
1634 2543 1717 2576 quos
1742 2543 1804 2574 ego

1122 2584 1273 2624 quotidie
1289 2583 1349 2615 tibi
1364 2592 1466 2614 novos
1481 2583 1614 2623 parabo.
1655 2583 1745 2623 [Non
1757 2582 1804 2615 vis

1122 2635 1156 2663 ut
1172 2630 1335 2670 Guelph]

1163 2683 1203 2711 65
1228 2679 1351 2719 Pelopis
1363 2678 1478 2720 infidus
1487 2679 1593 2720 pater]
1609 2679 1720 2710 Multo
1730 2678 1802 2718 plu-

1123 2738 1176 2761 res
1198 2738 1237 2761 ac
1260 2728 1412 2761 meliores
1437 2727 1527 2767 libri,
1558 2728 1682 2769 Pelopis
1699 2725 1799 2766 infidi,
