1916 3262
629 307 693 338 ΒΕ
725 306 859 336 ARTE
892 307 1118 338 PomucA.
1484 297 1598 340 1311

147 403 296 456 Quam
314 415 462 447 versus
479 403 634 456 inopes
652 412 814 452 rerum,
838 415 1054 456 nugaeque
1073 413 1262 443 canorae.

147 471 299 514 Graiis
319 471 551 526 ingenium,
571 468 718 511 Graiis
737 469 857 511 dedit
876 482 952 511 ore
970 469 1160 510 rotundo

148 539 284 581 Musa
299 539 437 594 loqui,
457 541 619 594 praeter
634 537 812 578 laudem
833 536 1004 578 nullius
1026 537 1187 578 avariS.

148 605 340 648 Romani
360 606 485 661 pueri
503 605 650 658 longis
670 604 916 646 rationibus
935 616 1083 646 assem
1513 602 1603 645 325

147 674 336 716 Discunt
354 675 399 716 in
419 677 569 728 partes
591 677 770 713 centum
791 672 1011 714 diducere.
1070 671 1106 721 Ἥ
1130 672 1264 714 Dicat

148 741 290 783 Filius
315 740 477 791 Albini,
502 739 551 781 Si
571 739 626 780 de
648 740 892 794 quincunce
908 742 1074 782 remota
1094 746 1163 780 est

147 807 310 857 Uncia,
330 807 437 862 quid
455 807 666 861 superati
728 805 764 855 ἿῘ
787 806 973 848 Poteras
994 805 1182 856 dixisse,
1202 804 1374 848 Triens.
1433 804 1471 855 51¹
1502 805 1571 848 Eu
1589 808 1600 849 !

144 949 176 977 et
196 950 341 980 sonantes
363 957 469 987 nugoe.
514 947 611 979 Musa
640 947 766 978 Graecis
793 946 912 986 largitu
939 948 986 978 ese
1009 946 1171 986 ingenium
1195 950 1228 978 et
1258 945 1352 987 politi
1377 945 1529 977 sermonis
1545 944 1602 982 so-

143 989 304 1029 cidtutem,
333 990 442 1032 quippe
470 990 550 1021 nihil
580 988 795 1030 appetentibus
823 989 886 1021 nisi
914 989 1047 1020 laudem.
1100 989 1147 1020 At
1178 992 1288 1021 contra
1309 989 1442 1027 juvenes
1466 986 1603 1018 Romani

143 1029 247 1070 longia
271 1033 407 1064 numeris
429 1032 553 1064 discunt
576 1042 677 1064 assem
700 1032 841 1063 dividere
863 1032 898 1062 in
923 1035 1046 1064 centum
1070 1035 1187 1072 partes.
1232 1031 1341 1063 Albini
1363 1031 1458 1072 filius
1477 1039 1603 1069 respon-

144 1072 235 1106 deat.-
263 1075 292 1106 ei
313 1076 352 1107 dc
382 1075 515 1117 quinque
543 1074 643 1106 unciis
671 1074 814 1107 amatur
840 1084 916 1114 una,
946 1074 1021 1115 quid
1049 1077 1167 1106 restat?
1202 1078 1325 1115 poteras
1353 1074 1468 1114 dicere,
1491 1074 1603 1105 triens.

750 1169 993 1183 oooooooooooo

149 1233 270 1273 Gragi-s
293 1234 524 1267 schoenborn.
555 1236 694 1266 1.-—324
722 1234 881 1266 Vallicel.
908 1236 938 1265 3.
967 1234 1085 1265 laudes.
1140 1231 1372 1264 Schoenborn.
1403 1235 1432 1263 1.
1458 1232 1603 1263 avari.—

147 1277 212 1306 326
231 1276 461 1309 Schoenbom.
484 1280 515 1308 1.
537 1277 637 1309 Vatt.
653 1281 686 1309 4.
702 1279 756 1308 14.
773 1279 824 1308 17.
839 1279 892 1308 2-1.
913 1277 993 1309 Vat.
1017 1276 1116 1307 Rom.
1132 1278 1164 1307 7.
1182 1277 1215 1307 9.
1239 1275 1319 1306 Vat.
1345 1275 1460 1306 Paiat.
1475 1277 1507 1306 4.
1532 1274 1604 1306 An-

146 1318 249 1366 gelle.
262 1321 292 1350 1.
308 1321 339 1350 3.
361 1319 541 1351 Barberin.
556 1322 588 1351 2.
603 1323 639 1351 et
653 1320 794 1351 Venett.
809 1322 904 1351 1496.
919 1320 1014 1350 1514.
1028 1319 1189 1349 deducere.
1226 1318 1236 1335 ⁴
1251 1317 1406 1348 Pessime
1423 1317 1604 1348 Bentleius

145 1362 340 1393 lmmutavit
356 1361 454 1393 Dicat
468 1362 502 1392 in
517 1361 638 1393 Dicass
660 1371 771 1401 neque
791 1362 883 1392 enim
901 1361 996 1391 novit
1012 1360 1201 1399 Enaliagen
1218 1360 1380 1390 Persouae
1396 1359 1430 1390 in
1447 1359 1507 1390 tali
1524 1359 1604 1390 Dia·

145 1402 289 1443 logismo
304 1403 464 1435 urbanam
480 1413 554 1434 esse
570 1407 672 1444 atque
687 1403 891 1442 elegantem,
906 1407 942 1432 et
966 1403 1099 1433 comica
1115 1401 1306 1441 prolatione
1324 1401 1605 1440 pronuntiatam.’

145 1443 247 1479 Bwe.
290 1445 483 1476 Bentleium
501 1445 611 1476 secuti
627 1449 706 1476 sunt
721 1444 870 1480 Schelle,
884 1443 990 1476 Kidd.
1002 1448 1038 1475 et
1052 1443 1285 1475 bech—327
1308 1443 1426 1474 Albani
1438 1443 1518 1474 Vat.
1536 1445 1566 1474 l.
1583 1453 1604 1474 a

143 1493 188 1517 m.
204 1495 254 1525 pr.
266 1487 365 1519 Vatt.
378 1489 410 1519 8.
425 1490 458 1519 7.
473 1487 555 1519 Vat.
567 1487 683 1518 Palat.
697 1489 728 1518 4.
745 1486 894 1518 Chisian.
908 1489 938 1518 1.
954 1490 991 1518 et
1005 1486 1127 1517 Venet.
1141 1488 1347 1517 1509.—-328
1364 1486 1430 1517 Ed.
1442 1485 1606 1525 Junkeri,

143 1533 178 1559 et
190 1527 306 1561 Benti.
320 1539 364 1560 ex
378 1529 528 1570 ingenio,
542 1533 688 1570 superet?
709 1533 899 1570 sequuntur
910 1527 999 1569 Traj.
1018 1528 1060 1560 ad
1075 1527 1184 1559 Rhen.
1200 1530 1297 1559 1713.
1312 1529 1462 1568 Cuning.
1475 1528 1602 1560 Sanad.

144 1570 293 1604 Mervill.
307 1571 399 1604 Phil.
413 1572 544 1604 Valart.
559 1572 694 1603 Wakef.
709 1571 858 1604 Wetzel.
871 1576 907 1604 et
920 1570 1028 1603 Kidd.
1042 1568 1211 1611 superest?
1222 1570 1372 1613 quinque
1387 1571 1488 1603 codd.
1508 1571 1603 1609 Feae,

143 1612 230 1644 Exc.
245 1613 326 1646 Sax-
340 1614 440 1647 Harl.
456 1617 488 1647 7.
512 1614 637 1656 aliique
653 1624 707 1655 ap.
723 1615 856 1646 Valart.
894 1616 1043 1654 superat?
1065 1613 1172 1645 ceteri
1187 1613 1288 1645 codd.
1305 1619 1341 1645 et
1354 1614 1433 1645 edd.
1469 1613 1603 1654 Pater-qt

144 1656 400 1696 quatuordecim
417 1657 516 1689 codd.
530 1658 620 1694 Feae,
635 1657 737 1689 Harl.
753 1660 783 1688 1.
809 1661 954 1698 quatuor
977 1656 1192 1695 Bermnauni,
1209 1655 1357 1696 quinque
1382 1656 1500 1687 Bentl.
1516 1666 1603 1687 unus

142 1697 276 1730 valan.
292 1698 372 1730 edd.
387 1700 503 1732 zarot.
518 1700 602 1732 Vet.
619 1699 739 1731 Comb.
755 1699 872 1730 Benti.
887 1699 1034 1740 Cuning.
1057 1699 1182 1730 Sanad.
1199 1699 1349 1729 Mervill.
1376 1697 1511 1730 Wakef.
1535 1699 1605 1729 Bo-

144 1738 237 1780 doni,
252 1746 288 1772 et
304 1741 409 1773 Kidd.
455 1742 588 1773 Poteras
602 1742 701 1773 Harl.
717 1744 751 1774 2.
768 1744 800 1773 3.
815 1745 847 1773 4.
863 1744 896 1773 6.
913 1745 944 1772 7.
962 1746 1095 1781 septem
1120 1741 1213 1776 Feae,
1237 1741 1315 1772 edd.
1341 1745 1426 1771 vett.
1443 1739 1548 1771 Aldd.
1575 1743 1605 1770 1.

144 1783 177 1813 2.
190 1785 222 1815 3.
235 1782 333 1816 Junt.
349 1786 446 1814 1503.
462 1784 618 1814 Britann.
634 1786 730 1815 1520.
744 1783 850 1814 Dion.
866 1783 907 1814 ab
925 1783 1048 1814 Harsio
1065 1784 1161 1814 1538.
1178 1783 1294 1813 Lamb.
1311 1783 1402 1813 Mur.
1418 1781 1462 1813 H.
1479 1782 1600 1821 Steph-

146 1823 249 1866 Crnq.
266 1829 303 1856 et
318 1830 464 1856 recentt.
486 1826 585 1856 ln'ens
599 1834 637 1856 eu
650 1826 732 1856 Vnt.
749 1825 845 1855 Rom.
862 1827 894 1855 2.
911 1827 943 1856 6.
957 1825 1039 1855 vat.
1058 1825 1169 1855 Palat.
1184 1827 1218 1856 6.
1234 1824 1383 1856 Chisian.
1398 1827 1429 1855 6.
1445 1823 1605 1863 Angelic.

145 1867 179 1896 2.
195 1868 229 1897 8.
250 1867 307 1898 alii
321 1867 422 1898 codd.
438 1876 493 1906 ap.
512 1866 624 1898 Pulm.
638 1867 743 1907 Cruq.
757 1865 897 1897 Taibot.
913 1870 1067 1897 notatum
1084 1875 1126 1897 ex
1143 1866 1221 1897 cod.
1237 1867 1268 1896 in
1285 1876 1345 1898 ora
1360 1866 1440 1897 Ald.
1459 1869 1553 1898 1509.
1569 1866 1604 1897 in

147 1906 309 1939 Bibliotb.
324 1908 504 1940 Barberin.
520 1907 648 1945 Acron,
661 1909 852 1940 Comment.
864 1909 970 1949 Cruq.
1001 1908 1122 1939 triens:
1136 1908 1210 1939 heus
1225 1908 1370 1950 Doriglr.
1415 1908 1483 1940 Alii
1500 1909 1606 1941 codd.

147 1958 203 1989 ap.
220 1950 333 1988 Feam,
348 1951 460 1990 triens,
475 1951 544 1982 hem
554 1962 568 1988 ‚·
591 1951 703 1990 triens,
717 1961 755 1982 en
769 1962 782 1988 ‚-
803 1951 915 1989 ίνίεπε,
929 1951 986 1982 heu
998 1961 1012 1988 ;
1035 1950 1146 1988 triens,
1160 1961 1204 1982 oe.
1239 1952 1320 1982 Vat.
1340 1954 1368 1982 1.
1387 1961 1406 1982 a
1423 1962 1465 1983 m.
1482 1962 1533 1992 pr.
1545 1952 1605 1982 tri-

147 1994 256 2024 entem.
294 1993 376 2024 Vat-
397 1995 428 2025 1.
444 2003 463 2024 a
479 2003 523 2025 m.
539 2003 609 2026 sec.
631 1994 710 2025 vat.
725 1995 757 2025 7.
780 1994 878 2025 Vatt.
895 1993 994 2024 Rom.
1011 1996 1043 2024 3.
1057 1996 1089 2025 4.
1103 1996 1136 2025 6.
1153 1995 1184 2025 9.
1208 1998 1243 2024 et
1264 1993 1443 2025 Barberin.
1461 1997 1491 2025 l.
1508 1994 1606 2025 triens

144 2036 205 2066 es!-
253 2034 417 2068 Nonnulli
433 2035 484 2068 ita
499 2035 733 2068 constituunt:
756 2036 859 2067 MAG.
882 2035 982 2067 Dicat
999 2035 1104 2067 Filius
1117 2058 1125 2068 .
1138 2058 1146 2067 .
1162 2039 1306 2077 .superat
1316 2036 1510 2069 t-Poteras
1531 2036 1606 2068 dix-

798 2130 831 2163 N
834 2131 937 2164 OTAE

187 2205 251 2236 322
274 2203 380 2246 Nugoe
393 2205 531 2247 canoro]
545 2206 675 2238 Versus
687 2206 759 2238 solo
772 2215 844 2237 ver·
944 2208 1008 2238 326
1031 2207 1144 2238 Assem
1159 2206 1297 2238 Discunt
1312 2206 1346 2238 in
1364 2211 1471 2247 partes
1485 2211 1606 2240 centum

143 2254 263 2287 borum
282 2255 530 2297 souituiuflati,
545 2257 713 2289 modulati
730 2266 845 2298 quam·
898 2256 1057 2298 diducere]
1086 2257 1348 2288 Arithmeticam
1376 2257 1495 2289 sedulo
1515 2258 1605 2289 edis-

144 2305 195 2336 vie
216 2310 252 2337 et
271 2307 455 2347 numerosi,
468 2316 534 2339 non
551 2308 602 2339 sic
618 2306 785 2347 afficiunt,
807 2312 846 2339 ut
899 2313 982 2340 cunt
999 2307 1164 2348 augendis
1185 2307 1308 2348 opibus
1332 2307 1451 2339 utilem
1468 2318 1477 2339 ε
1502 2309 1606 2348 longis

145 2355 203 2396 qui
229 2356 340 2388 verbis
363 2356 485 2397 inopes
511 2357 661 2399 quidem,
686 2361 722 2389 at
742 2358 844 2390 rebus
898 2358 1089 2390 rationibus.-
1105 2357 1488 2398 addendo‚dividendo‚
1503 2358 1602 2389 dimi·

146 2403 270 2436 divites
292 2405 432 2438 fuerint.
469 2406 568 2439 Pers.
589 2407 662 2440 Sat.
680 2417 718 2439 v.
739 2407 749 2424 ‘
766 2408 845 2439 Nou
899 2409 1049 2446 nuendo,
1060 2407 1332 2447 multiplicando,
1344 2407 1589 2439 subtrahendo.

147 2453 305 2494 equidem
320 2455 384 2486 hoc
401 2454 524 2488 studeo
543 2456 684 2488 bullatis
706 2461 745 2488 ut
767 2457 848 2488 mihi
942 2460 1005 2490 32⁷
1030 2457 1128 2488 Dicat
1147 2457 1252 2488 Filius
1275 2457 1401 2499 Albini]
1434 2458 1604 2497 Prosopo-

146 2503 246 2543 nugi»
262 2503 394 2544 Pagina
409 2505 608 2546 turgescat!
640 2507 771 2538 Statius
786 2517 849 2538 nu·
901 2508 1001 2548 poeia.
1062 2507 1208 2539 Albinus
1243 2507 1387 2546 insignis
1417 2506 1605 2537 foenerator

146 2562 206 2593 gas
223 2553 389 2594 ejusmodi
405 2563 547 2586 canoras
564 2554 702 2588 effutiit.
899 2557 1004 2588 filium
1023 2556 1065 2587 ad
1081 2557 1166 2587 lucri
1185 2556 1335 2587 studium
1360 2562 1538 2596 artemque
1554 2556 1604 2586 in-

181 2605 245 2634 323
255 2603 436 2643 Ingenium,
446 2603 573 2644 Graiis]
585 2604 753 2645 Adverte,
763 2606 848 2638 Lec-
901 2607 1058 2638 stituens.

147 2657 214 2692 tor,
237 2662 339 2694 quam
363 2662 456 2693 saepe
476 2652 618 2685 Graecos
633 2656 851 2688 commendet
946 2655 1126 2691 Quincunce
1139 2677 1148 2685 .
1160 2677 1169 2686 .
1184 2676 1193 2685 .
1211 2654 1324 2686 Triens
1336 2675 1344 2684 .
1358 2676 1367 2685 .
1381 2676 1389 2684 .
1402 2653 1522 2696 Semis]
1553 2654 1603 2687 As

147 2702 339 2735 Horatius:
369 2707 405 2735 et
431 2704 573 2735 merito:
603 2712 680 2734 cum
703 2705 848 2745 scripse·
901 2704 1082 2736 duodecim
1104 2703 1212 2735 habet
1232 2708 1363 2743 partes,
1385 2704 1456 2735 sive
1477 2705 1603 2737 uncias.

146 2753 216 2785 rint
233 2754 284 2785 illi
303 2754 478 2794 sapienter
499 2762 597 2796 aeque
613 2757 648 2785 et
662 2754 848 2796 eleganter,
901 2755 911 2772 ‘
927 2755 1041 2786 Uncia
1052 2754 1061 2767 '
1077 2754 1120 2785 ab
1135 2763 1201 2784 uno
1217 2753 1322 2793 dicta,
1339 2754 1426 2795 quod
1441 2763 1505 2785 una
1520 2755 1565 2786 sit
1580 2765 1600 2786 e

145 2802 319 2843 ingeniose
338 2808 373 2836 et
392 2809 563 2836 accurate.
608 2804 742 2845 Nempe
757 2806 846 2847 quod
900 2804 1079 2835 duodecim
1103 2803 1257 2844 partibus
1272 2803 1365 2835 assia.
1405 2805 1414 2822 ‘
1431 2804 1599 2836 Sextans'

145 2860 212 2884 non
227 2854 374 2896 quaestui
389 2853 450 2886 sed
466 2853 583 2896 gloriae
599 2854 796 2888 studebant.
899 2856 974 2889 duae
986 2859 1063 2888 sunt
1074 2855 1182 2888 unciae
1194 2866 1203 2888 :
1217 2855 1267 2888 sic
1278 2854 1403 2889 dicitur
1415 2857 1511 2899 quasi
1526 2866 1600 2891 sex-
