1916 3262
326 256 347 294 l
354 255 437 296 402

327 358 455 386 certum
465 359 528 395 est,
537 364 577 386 an
592 355 728 394 pulchra
740 357 866 397 Phyllis
877 358 1004 399 (quam-

326 405 375 435 vis
405 404 555 445 captiva)
584 406 628 436 sit
653 415 779 437 summo
807 408 881 438 loco
914 413 1005 439 nata.

325 453 434 492 Beati]
455 453 618 484 Parentes
632 455 759 486 nobiles
775 461 809 486 et
820 456 953 488 divites.

368 502 405 530 15
419 501 552 539 Regium
559 511 655 540 genus
665 503 784 543 moeret]
805 503 844 534 Id
855 508 918 542 est,
927 514 1005 535 mne-

326 547 428 579 rendo
441 556 690 589 commemorat,
706 560 772 581 non
793 552 882 591 quod
908 562 1006 590 gene-

325 597 373 626 risr
398 605 472 627 eam
499 598 672 637 poeniteat.
714 599 846 631 Penates
873 601 1006 641 iniquos]

326 644 392 676 Qui
414 645 546 676 scilicet
562 647 675 677 tutelae
690 647 833 687 ipsorum
847 648 1007 678 fidentem

326 698 392 724 tam
407 693 490 724 dura
506 698 597 726 sorte
618 695 650 725 iu
665 696 862 726 servitutem
886 696 1008 727 cadere

326 743 551 782 permiserint.
575 745 715 776 Torrent.
750 745 875 784 Iniquus
885 749 1009 784 penates

325 796 442 821 censet
459 791 635 831 Cruquius,
650 793 769 833 quibus
782 794 943 833 augendae
959 795 1008 824 rei

324 838 495 870 familiaris
532 841 621 871 nulla
653 851 734 871 cura
770 846 833 872 est.
879 843 1010 880 Regium

324 890 422 928 certe]
445 890 549 920 Dolet
572 894 664 920 certe
687 899 722 920 se
746 894 812 920 tam
836 891 935 929 regiis
951 900 1008 930 pa-

326 937 476 968 rentibus
505 941 610 968 ortam
637 942 776 977 penates
801 938 861 969 sibi
887 938 1008 968 habere

326 984 486 1023 inimicos,
501 985 582 1015 adeo
608 990 645 1015 ut
662 985 733 1024 jam
756 986 890 1025 captiva
903 986 960 1023 sit,
974 990 1009 1017 et

326 1041 394 1071 prae
409 1037 611 1072 paupertate
622 1042 681 1063 suo
693 1034 862 1064 stemmati
873 1042 1010 1074 respon-

326 1080 404 1110 dere
418 1085 572 1120 nequeat.

369 1130 406 1158 17
429 1128 480 1158 De
496 1129 620 1158 scelesta
642 1128 741 1167 plebe]
763 1130 947 1169 scelestus,
961 1130 1009 1161 in-

325 1175 456 1207 terdum
472 1181 523 1206 est
539 1175 669 1216 ἆτυχὴς,
685 1187 751 1208 non
767 1187 898 1218 semper
913 1179 930 1208 ὁ
942 1191 1010 1218 μια·

324 1223 385 1263 ρὸς,
398 1224 431 1255 id
454 1229 516 1263 est,
530 1225 651 1262 infelix.
675 1226 787 1257 Plaut.
804 1227 837 1257 in
859 1227 1010 1258 Mostell.

324 1274 333 1290 ‘
349 1273 584 1304 Scelestiorem
620 1283 683 1313 ego
712 1284 833 1305 aunum
868 1281 1010 1315 argento

325 1320 445 1351 foenori
463 1322 601 1352 Nullum
625 1331 770 1362 unquam
798 1323 889 1354 vidi!
909 1324 1010 1354 Hein-

324 1369 399 1399 nius.
441 1369 492 1399 De
504 1369 643 1408 scelesta]
666 1370 815 1409 Impura,
831 1374 866 1401 et
881 1371 1010 1411 abjecta

326 1416 425 1456 plebe
442 1426 515 1448 esse
529 1422 652 1449 natam.

368 1468 407 1496 18
433 1466 522 1497 Plebs
534 1468 694 1507 delectam]
716 1467 797 1498 Tres
809 1468 943 1499 codices
955 1468 1009 1499 ha·

326 1514 408 1546 beut
421 1515 573 1547 dilectam.
615 1515 728 1556 Atque
744 1517 790 1547 ita
806 1517 892 1547 haud
908 1517 1009 1549 dubie

325 1563 538 1594 scribendum
564 1568 629 1602 est,
649 1569 784 1595 auctore
808 1566 919 1597 Festo.
962 1567 1010 1597 Di

326 1613 413 1643 euim
429 1617 463 1643 et
473 1613 522 1643 dis
534 1614 771 1653 segregativae,
782 1619 819 1645 ut
829 1615 876 1645 ita
887 1615 1008 1651 dicam,

326 1660 500 1699 particulae
525 1665 614 1692 sunt.
657 1662 867 1693 Secernimus
888 1663 974 1694 enim
991 1673 1010 1694 a

325 1709 438 1740 multis
462 1719 545 1750 quos
569 1711 790 1748 retineamus;
813 1715 911 1752 atque
934 1712 1011 1743 hinc

324 1757 455 1795 diligere
479 1758 581 1789 etiam
606 1767 718 1789 amare
743 1758 921 1798 significat.
966 1761 1011 1791 Et

327 1805 448 1845 alioqui
469 1806 576 1836 minus
603 1806 657 1837 hic
682 1806 922 1846 dubitandum
945 1817 1010 1838 non

325 1854 413 1885 enim
451 1864 511 1895 pro
541 1855 679 1886 arbitrio
707 1856 894 1896 Phyllidem
924 1856 1011 1888 hanc

326 1902 387 1932 sibi
402 1902 486 1942 legit
498 1903 675 1938 Xanthias,
686 1903 742 1933 sed
758 1904 838 1934 belli
852 1909 942 1935 sorte
954 1905 1011 1935 ob·

326 1950 427 1981 latam
457 1950 636 1981 adamavit.
680 1951 784 1991 Atqui
819 1952 852 1982 in
884 1952 1011 1984 dilectu

325 1997 480 2029 faciendo
490 1999 654 2038 judicium
668 1999 843 2038 praecedit.
870 1999 1010 2031 Torrent.

327 2045 436 2084 Neque
453 2047 498 2076 sic
508 2045 649 2086 fidelem]
672 2047 758 2076 Haec
780 2046 823 2076 ad
843 2046 1010 2086 Phyllidis

326 2093 457 2124 laudem
487 2095 658 2133 pertinere
687 2094 816 2134 dicunt,
843 2095 1009 2136 Cruquius

326 2144 443 2171 contra
478 2141 622 2171 ironicczs
665 2141 860 2180 accipienda
900 2147 1008 2181 putat.

328 2189 434 2228 Neque
447 2189 490 2220 sic
503 2188 644 2230 fidelem]
668 2189 790 2230 Neque
813 2189 914 2220 crede
939 2199 1010 2221 mu-

325 2238 441 2268 lierem
465 2241 532 2268 tam
547 2237 693 2277 fidelem,
708 2243 744 2269 et
758 2247 778 2268 a
792 2238 883 2269 lucro
895 2238 1010 2270 abhor-

328 2292 457 2317 rentem
481 2287 630 2326 potuisse
653 2287 782 2317 nescia
802 2291 911 2317 matre
934 2297 1009 2318 eru-

327 2333 506 2373 bescenda,
522 2334 554 2365 id
570 2339 634 2375 est,
649 2345 669 2365 a
690 2339 808 2370 matre,
821 2344 895 2376 quae
910 2344 1009 2376 prop-

329 2388 382 2413 ter
399 2384 474 2414 vitae
489 2383 730 2423 turpitudinem
745 2383 814 2414 suis
827 2383 942 2415 liberis
957 2387 1010 2416 est

329 2431 462 2471 pudori.

371 2481 412 2510 19
433 2479 534 2510 Lucro
560 2479 712 2518 aversam]
733 2470 827 2510 Libri
857 2480 1011 2511 meliores

326 2530 483 2560 adversam
498 2529 631 2560 habent.
650 2539 785 2561 anasum
800 2536 911 2562 tamen
932 2531 1010 2562 reti-

328 2586 405 2614 neo,
418 2583 454 2608 ut
466 2579 476 2595 ‘
489 2587 621 2609 aversus
639 2580 857 2611 mercaturis.’
901 2579 1012 2611 Gene-

330 2634 439 2655 rosum
456 2631 566 2657 autem
580 2628 725 2659 animum
739 2628 824 2659 lucri
839 2633 1010 2669 contemp-

331 2677 383 2704 tus
398 2675 518 2713 arguit.
541 2677 680 2708 Torrent-

371 2724 409 2753 21
437 2722 615 2764 Tereusque
639 2725 741 2766 suras]
763 2727 871 2759 Tibias
897 2729 1010 2769 longas

781 268 920 299 NOTAE
951 267 1206 300 VARtoRtJM
1241 270 1291 300 ΙΝ

1056 363 1091 389 et
1107 359 1276 390 rotundas.

1095 410 1137 438 22
1159 408 1285 446 Integer
1295 409 1399 448 laudo]
1420 408 1557 447 Integre
1571 417 1606 439 se
1618 418 1657 440 ac
1671 409 1738 441 sin-

1055 464 1131 486 cere
1145 456 1281 487 laudare
1294 457 1481 496 Phyllidem
1497 457 1589 488 dicit.
1633 458 1736 498 Fuge]

1057 503 1126 533 Pro
1142 504 1219 534 noli.
1261 503 1301 534 Id
1325 513 1412 534 nunc
1435 504 1527 535 credi
1542 505 1616 536 vult
1635 505 1678 536 ob
1693 512 1737 544 πμ·-

1058 554 1160 580 tatem
1186 561 1329 592 quoque,
1353 556 1449 583 natus
1476 561 1577 582 annos
1597 553 1743 593 quadra-²

1057 599 1171 637 ginta:
1194 603 1274 630 tunc
1303 601 1390 631 enim
1416 601 1505 630 calor
1529 601 1586 631 ille
1610 600 1738 632 adoles-

1058 646 1180 676 centiae
1215 646 1395 678 deferbuit.
1431 648 1568 679 Tor-rent.
1611 649 1739 687 Integer

1057 695 1160 734 laudo]
1181 695 1300 726 Castus
1316 696 1424 727 laudo.
1467 697 1555 735 Fuge
1571 695 1742 737 suspicari]

1058 742 1138 772 Noli
1163 743 1324 782 suspicari
1348 753 1401 775 me
1429 745 1592 785 Phyllidis
1627 755 1739 776 amore

1058 799 1132 821 esse
1153 796 1302 831 captum,
1315 794 1400 833 quod
1423 803 1495 825 eam
1518 795 1629 833 laudo,
1644 794 1737 834 quip-

1059 848 1101 878 pe
1126 839 1408 880 quadragenarius
1429 852 1513 879 sum,
1533 843 1567 873 id
1590 847 1653 882 est,
1669 844 1738 873 luu-

1059 887 1189 927 guidior
1210 888 1250 918 ad
1274 898 1326 920 res
1349 899 1518 930 venereas,
1540 900 1638 931 quani
1660 891 1739 922 ado-

1060 936 1190 966 lescens
1206 945 1308 967 annos
1322 937 1438 977 viginti
1454 943 1562 970 natus.

1101 987 1141 1014 23
1159 985 1334 1024 Trepiduvit
1343 985 1434 1025 oetas]
1456 986 1557 1026 Cujus
1571 990 1652 1017 :etas
1665 996 1739 1027 pro·

1060 1033 1192 1072 peravit
1226 1032 1322 1064 finire
1351 1039 1504 1066 octavum
1529 1035 1680 1071 lustrum,
1706 1035 1741 1065 id

1060 1086 1125 1120 est,
1141 1082 1400 1121 quinquennium
1421 1088 1589 1122 octavum,
1611 1083 1742 1114 scilieet

1059 1132 1112 1160 40.
1127 1139 1242 1160 annos.

1061 1179 1142 1210 One
1168 1188 1202 1210 v.
1225 1179 1267 1210 ΙΝ
1292 1180 1474 1212 Munna.
1500 1180 1744 1212 >I’ulcherrimu

1102 1228 1225 1267 Lalage
1237 1232 1290 1259 est
1300 1229 1394 1267 virgo
1407 1229 1478 1259 viro
1489 1228 1675 1267 immatura,
1689 1236 1740 1258 er-

1102 1285 1145 1315 go
1171 1276 1214 1306 ab
1236 1277 1306 1316 ejus
1327 1276 1514 1317 cupiditate
1535 1286 1627 1308 mens
1648 1286 1741 1308 revo-

1101 1324 1218 1355 canda.

1102 1375 1119 1403 1
1144 1373 1288 1404 Nondum
1313 1373 1449 1412 subacta,
1476 1373 1546 1413 &cd
1581 1373 1741 1404 Pulcher-

1061 1421 1145 1452 rima
1159 1421 1294 1453 intactae
1309 1422 1416 1452 adhuc
1433 1422 1526 1453 bovis
1539 1429 1613 1453 cum
1628 1422 1741 1453 imma-

1059 1475 1135 1501 tura
1150 1470 1278 1510 virgine
1300 1471 1515 1509 comparatio,
1531 1475 1632 1511 atque
1655 1471 1740 1502 adeo

1059 1522 1131 1549 tota
1140 1518 1212 1549 haec
1227 1518 1305 1550 Oda
1317 1519 1492 1556 allegorica
1502 1522 1566 1554 est,
1577 1518 1641 1550 nisi
1653 1519 1740 1559 quod

1059 1566 1120 1597 sub
1141 1566 1241 1597 finem
1260 1567 1417 1606 juvencae
1441 1567 1573 1598 nomine
1594 1567 1741 1607 Lalagen

1060 1624 1096 1645 se
1120 1615 1309 1654 intelligere
1330 1615 1489 1646 ostendit.
1511 1615 1521 1633 ‘
1536 1614 1660 1653 Juges’
1684 1624 1742 1646 au-

1060 1668 1141 1701 tem,
1156 1664 1263 1703 inquit
1275 1664 1406 1702 Festus,
1420 1665 1430 1680 ‘
1441 1663 1587 1702 ejusdem
1596 1663 1670 1703 jugi
1684 1671 1741 1702 pa-

1060 1721 1113 1742 res
1129 1714 1147 1740 :'
1169 1711 1256 1741 unde
1273 1716 1309 1742 et
1333 1711 1343 1728 ‘
1357 1709 1540 1750 conjuges,’
1563 1713 1573 1728 ‘
1587 1710 1742 1751 sejunges!

1060 1759 1105 1789 Et
1126 1759 1204 1798 quia
1219 1763 1255 1789 ut
1272 1759 1358 1797 jugi,
1373 1758 1420 1788 sic
1439 1758 1640 1789 matrimonii
1663 1767 1743 1798 quo-

1060 1816 1125 1847 que
1140 1816 1242 1838 onera
1255 1807 1382 1846 pariter
1393 1806 1533 1837 ferenda
1549 1810 1643 1836 sunt:
1668 1806 1743 1838 hinc

1060 1855 1188 1886 factum
1217 1860 1254 1886 ut
1279 1853 1390 1895 ‘jugi’
1411 1854 1618 1893 vocabulum,
1643 1859 1679 1885 et
1701 1864 1743 1886 ea

1062 1913 1135 1943 quae
1149 1914 1167 1933 a
1177 1904 1262 1943 jugo
1279 1903 1427 1941 veniunt,
1441 1903 1483 1933 ad
1500 1903 1744 1934 matrimonium

1061 1955 1096 1981 et
1112 1951 1155 1982 ad
1172 1961 1222 1981 res
1234 1951 1493 1982 matrimoniales
1505 1952 1624 1991 passim
1635 1956 1744 1983 trans-

1061 1998 1224 2030 ferantur.
1251 2001 1390 2030 Torrene.
1434 2000 1578 2030 Nondum
1602 1999 1742 2038 abacta]

1060 2049 1185 2088 Lalage
1214 2047 1359 2078 nondum
1382 2051 1434 2078 est
1459 2047 1500 2078 ad
1526 2048 1740 2078 concubitum

1060 2101 1201 2127 matura.
1225 2096 1376 2135 Metaph.
1387 2100 1439 2126 est
1447 2099 1625 2136 perpetua,
1639 2095 1743 2127 ducta

1059 2153 1078 2174 a
1087 2145 1244 2183 juvenca,
1254 2152 1327 2183 quae
1342 2143 1487 2173 nondum
1498 2142 1741 2184 subiitjngum,

1060 2201 1122 2223 nec
1140 2196 1268 2222 taurum
1286 2191 1467 2222 irruentem
1482 2190 1571 2222 ferre
1585 2196 1700 2231 quent.

1101 2243 1121 2271 2
1145 2238 1286 2278 Cer-vice]
1310 2239 1448 2270 Cervice
1463 2239 1615 2278 subacta,
1627 2239 1660 2270 id
1677 2245 1742 2279 est,

1059 2289 1253 2329 supposita:
1279 2289 1328 2319 vel
1339 2287 1475 2318 domita.
1518 2288 1664 2319 Nondum
1678 2298 1743 2320 mtt-

1059 2337 1126 2376 m'a]
1143 2336 1298 2367 Nondum
1310 2334 1419 2366 officia
1432 2336 1574 2376 conjugii
1584 2338 1673 2368 valet
1683 2346 1742 2368 ex-

1059 2395 1191 2426 aequare
1207 2394 1282 2416 cum
1298 2393 1357 2415 suo
1378 2384 1462 2423 pari,
1477 2384 1509 2414 id
1531 2387 1596 2423 est,
1611 2385 1742 2416 marito.

1059 2434 1172 2464 Mania
1194 2432 1356 2472 comparis]
1378 2432 1486 2472 Idem,
1502 2437 1540 2463 ut
1562 2433 1590 2464 si
1604 2434 1742 2474 ‘conju-

1059 2483 1109 2523 gis
1120 2483 1127 2495 ’
1145 2483 1286 2513 diceret.

1101 2533 1119 2561 3
1143 2531 1211 2560 Nec
1226 2529 1324 2568 tauri]
1346 2528 1547 2559 Persistitin
1559 2528 1742 2570 Allegoria.

1059 2579 1080 2611 J
1084 2579 1292 2610 urisconsulti
1301 2583 1411 2609 autem
1422 2577 1527 2608 nostri
1540 2581 1550 2595 ‘
1560 2578 1665 2610 virum
1674 2578 1741 2610 fcr-

1059 2638 1094 2660 re
1107 2629 1116 2642 '
1131 2638 1170 2659 ac
1184 2629 1193 2645 ‘
1209 2629 1315 2659 virum
1329 2627 1398 2667 pati
1411 2626 1419 2639 ’
1435 2635 1532 2666 posse
1545 2625 1663 2658 dicunt
1677 2628 1740 2658 vir·

1060 2677 1166 2716 giues.
1181 2685 1255 2716 qnae
1275 2675 1348 2715 jam
1372 2674 1502 2705 nubiles
1517 2678 1593 2705 sunt
1613 2683 1653 2705 ae
1671 2683 1738 2705 ma-

1061 2730 1144 2757 turae
1159 2725 1244 2762 viro;
1266 2723 1449 2763 eademque
1461 2721 1586 2753 ratione
1597 2722 1607 2739 ‘
1618 2721 1741 2762 viripoe·
