1930 3204
493 281 702 314 noaArn
732 281 1004 313 CARMINUM
1038 282 1135 312 mn.
1165 281 1232 314 1v.
1262 271 1333 313 14.

177 377 303 418 natica,
339 376 517 409 continens
551 385 615 418 per
649 374 874 407 enumeratio·

174 437 265 465 nem.
285 437 341 459 res
363 427 437 460 fere
460 435 576 459 omues
599 425 641 458 ab
654 423 824 465 Augusto,
837 427 874 456 et

176 479 265 511 illius
279 478 443 519 auspiciis
459 481 585 519 gestas.
609 476 704 515 (ἔνιαι.

217 533 238 562 7
255 529 356 566 Quem
365 528 445 569 legis
455 530 595 568 expertes
608 523 748 564 Latine]
761 523 872 557 Quem

174 579 346 611 Vindelici
373 581 534 619 expertes
558 575 640 616 legis
665 574 811 610 Latinae,
836 572 870 605 id

175 634 242 665 est.
267 628 442 662 civilitatis
463 631 499 659 et
519 624 738 658 humanitatis
755 623 873 663 nescii,

174 678 328 710 didicere
356 685 482 718 nuper,
503 673 584 716 quid
606 682 725 714 posses
742 673 871 711 Marte,

173 728 210 760 id
224 732 290 768 est,
305 727 340 758 in
365 735 403 758 re
425 724 572 757 militari.
615 724 669 755 De
683 722 872 754 Vindelicis

173 777 253 808 vide
283 785 388 816 supra
415 774 484 807 od.
515 776 549 806 4.
598 773 757 814 Expertes
790 772 894 811 legis'

171 825 315 866 Latina]
336 824 467 859 Quibus
492 823 638 855 necdum
665 823 774 855 victor
800 822 871 854 Ro-

171 885 291 909 manus
306 877 400 917 leges
413 875 634 916 imposuerat.

213 929 236 958 9
259 926 370 958 Milite
381 935 454 958 num
468 926 537 967 tuo]
563 924 744 965 Militibus,
760 928 797 956 et
812 933 870 955 au·

171 976 288 1018 spiciis
315 976 383 1008 tuis
409 985 490 1008 acer
514 977 663 1015 Drusus,
678 974 754 1015 plus
770 983 870 1015 qnam

171 1026 278 1058 semel
297 1025 426 1066 dejecit
439 1025 625 1058 Genaunos
650 1029 688 1056 et
703 1024 870 1060 Brennus,

172 1074 297 1106 Galliae
312 1075 455 1116 populos
479 1074 735 1107 immanissimos
754 1078 791 1106 et
811 1075 870 1107 im·

172 1124 372 1166 placabiles.

217 1177 257 1206 10
282 1173 465 1214 Genaunes]
487 1175 578 1208 Mira
600 1175 634 1206 in
649 1175 773 1207 nostris
788 1184 872 1217 qno·

172 1233 237 1266 que
258 1223 436 1256 codicibus
460 1225 636 1267 utriusque
653 1225 797 1256 nominis
813 1225 873 1256 bu·

167 1275 227 1316 jus
243 1274 403 1307 varietas.
448 1275 605 1308 minan.
621 1278 653 1307 2.
669 1276 712 1307 de
726 1275 777 1307 his
792 1285 873 1317 gen-

172 1324 275 1366 tibus,
295 1334 316 1356 a
338 1325 422 1356 mari
446 1334 570 1366 supero
596 1335 704 1367 usque
727 1326 770 1357 ad
787 1325 872 1357 infe*

171 1383 246 1406 rum
260 1373 419 1413 devictis,
444 1374 579 1406 titulum
600 1384 794 1410 recensens,
813 1376 871 1406 Te-

168 1431 277 1463 uauos,
301 1431 360 1455 seu
379 1423 539 1464 Genusus,
564 1427 624 1456 aut
651 1424 818 1456 Genaunes
844 1424 872 1456 si

169 1472 288 1513 mavis,
324 1473 465 1515 omittit,
508 1474 652 1506 Breunos
697 1474 871 1515 exprimit.

169 1521 285 1555 Quare
298 1522 444 1555 Brennus
457 1523 638 1565 legendum
650 1532 785 1555 censeo.
807 1523 871 1555 Im-

166 1572 318 1612 placitum
338 1582 474 1615 quoque
496 1573 529 1605 in
547 1583 614 1605 uno
629 1572 750 1605 codice
766 1573 873 1615 scrip·

169 1625 242 1654 tum
258 1623 384 1664 reperi,
399 1633 462 1665 pro
472 1624 685 1665 implacidum.
699 1624 859 1657 Torrent.

176 1696 177 1699 η
212 1675 255 1705 12
273 1674 466 1716 OE'remendis]
478 1675 628 1717 Propter
636 1675 783 1707 bostium
796 1684 872 1707 cru·

172 1721 362 1757 deliratem.

214 1775 255 1804 18
278 1773 357 1805 Plus
372 1773 438 1805 vice
450 1772 598 1814 simplici]
615 1772 693 1804 Nou
708 1782 776 1804 uno
791 1782 871 1805 con-

172 1831 306 1863 gressu,
319 1823 378 1854 sed
393 1822 530 1862 iterum,
547 1827 651 1864 atque
672 1823 806 1854 iterum.

216 1874 258 1904 14
279 1872 386 1912 Major
414 1872 591 1914 Neronum]
614 1872 740 1913 Inepta
769 1873 872 1905 lectio

172 1927 240 1959 est,
255 1923 295 1955 in
316 1922 454 1956 Acrone
479 1923 630 1964 vulgato,
654 1923 714 1954 ubi
738 1924 872 1955 Drusus

173 1976 228 2004 est
259 1973 370 2014 major
400 1972 589 2013 Neronum,
619 1978 741 2005 contra
770 1972 871 2006 fidem

172 2022 343 2055 historiae:
367 2031 446 2054 nam
462 2022 608 2054 Drusum
624 2023 726 2054 enixa
749 2027 802 2054 est
815 2023 871 2054 Li-

173 2072 227 2104 via
253 2072 344 2104 iutra
374 2072 518 2104 Caesaris
548 2072 711 2113 Penates,
731 2077 871 2104 auctore

170 2121 325 2162 Vellei03
348 2120 521 2153 Tiberium
545 2127 656 2153 autem
681 2131 796 2154 secum
820 2126 870 2153 at-

169 2171 263 2204 tulit.
304 2172 428 2213 Itaque
457 2176 517 2203 ant
557 2176 700 2213 propter
729 2170 869 2203 fratrem

170 2222 317 2254 Drusum
333 2222 544 2254 vulneratum
559 2223 680 2254 missus
700 2227 753 2254 est
769 2222 869 2253 Tibe·

169 2272 253 2313 rius,
280 2276 340 2304 aut
364 2276 461 2304 certe
485 2276 564 2313 post
590 2277 733 2304 mortem
749 2272 869 2311 Drusi,

167 2322 324 2354 Tiberius
341 2322 475 2354 Rhaetos
487 2331 677 2363 aggressus,
691 2331 771 2352 mox
783 2326 869 2352 stra-

170 2371 233 2408 vit,
249 2376 286 2404 et
299 2371 334 2402 iu
349 2371 535 2411 provinciae
561 2370 706 2403 formam
721 2371 868 2411 redegit.

172 2419 268 2462 Craq.
313 2420 420 2459 Mnjor
441 2420 616 2462 Neronum]
638 2420 798 2452 Claudius
813 2421 870 2452 Ti-

171 2470 286 2503 bei-ius
309 2471 402 2503 Nero
422 2471 609 2503 submissus
636 2475 690 2503 est
706 2471 818 2503 Druso
834 2471 869 2503 in

171 2523 331 2555 auxilium
347 2522 390 2554 ab
406 2522 560 2564 Augusto
585 2523 627 2554 ad
650 2523 775 2554 bellum
790 2533 869 2555 con-

171 2571 365 2613 ficiendum,
390 2572 534 2615 ejusque
559 2574 594 2604 in
618 2572 768 2615 Imperio
793 2582 868 2605 suc·

172 2632 285 2655 cessor
296 2622 372 2655 fuit.

214 2675 254 2705 15
279 2673 488 2714 [manumque
514 2671 655 2712 Rhoetos]
678 2671 721 2703 Id
735 2681 869 2715 quoque

172 2732 294 2756 nomen
323 2722 495 2765 quomodo
517 2721 732 2755 scribendum
754 2723 809 2759 sit,
835 2727 871 2755 et

170 2772 231 2815 qui
247 2773 356 2805 Rbaeti
383 2771 523 2815 fuerint,
531 2771 606 2814 jam
622 2776 702 2805 aute
717 2771 869 2805 declara-

170 2832 295 2856 vimus.

1509 273 1527 313 1
1536 274 1622 317 527

967 378 1008 407 16
1029 375 1204 417 Auspiciis]
1227 372 1398 414 Auspiciis
1419 372 1498 404 tuis.

967 427 1006 457 17
1023 425 1216 466 spectandus
1229 423 1278 464 in]
1294 423 1444 464 Dignus,
1459 422 1517 464 qui
1529 432 1625 463 spec-

922 478 1056 506 taretur
1083 474 1119 506 in
1145 474 1249 513 bello,
1278 472 1416 515 quantis
1443 472 1560 513 ruinis,
1589 478 1626 504 et

921 523 1075 556 cladibus
1089 523 1253 565 fatigaret
1261 522 1456 555 Rhaetorum
1471 526 1625 564 pectora,

921 578 1066 607 mortem
1080 584 1146 606 non
1160 573 1320 607 timentia
1331 577 1476 615 propter
1487 572 1626 605 liberta-

922 627 1003 655 tem.
1605 624 1608 628 '

964 677 1005 705 18
1027 674 1153 706 Deusta
1171 675 1267 706 morti
1290 673 1438 715 pectora]
1461 672 1541 705 Hoc
1559 677 1624 709 est,

921 723 1062 756 Rbaetos
1077 724 1182 765 ipsos,
1203 723 1260 766 qui
1283 732 1327 755 ex
1354 728 1434 754 voto
1448 722 1625 755 honestam

922 774 956 806 in
971 774 1132 806 libertate
1158 778 1300 806 mortem
1325 777 1506 814 oppetere,
1524 781 1625 814 quam

921 825 956 856 iu
970 826 1135 858 servitute
1162 825 1313 866 turpiter
1335 825 1452 856 vivere
1473 825 1628 857 mallent.

921 875 1058 909 Quanto
1083 880 1199 907 autem
1222 874 1369 907 ferocior
1391 875 1513 916 hostis,
1530 879 1625 907 tanto

921 927 1098 968 gloriosior
1113 925 1259 958 victoria
1274 930 1340 957 est.
1364 925 1507 956 Torrent-

962 980 1004 1009 20
1020 976 1196 1009 Indomita
1209 985 1306 1016 prope
1315 975 1414 1016 qualis
1424 973 1540 1015 undas]
1558 974 1624 1007 Or-

919 1025 965 1058 do
979 1030 1052 1059 est:
1076 1025 1234 1058 Tiberius
1250 1030 1319 1057 tam
1334 1024 1483 1065 impiger
1498 1033 1625 1056 vexare

919 1075 1067 1108 bostium
1095 1081 1236 1116 turmas,
1263 1079 1300 1107 et
1322 1075 1459 1107 mittere
1481 1074 1626 1107 fremen-

921 1132 992 1159 tem
1006 1137 1128 1169 equum
1155 1136 1218 1168 per
1238 1125 1369 1157 medios
1386 1126 1495 1166 ignes,
1513 1126 1623 1166 qualis

921 1176 1166 1218 propemodum
1190 1181 1242 1208 est
1257 1176 1399 1216 Auster,
1425 1186 1500 1208 cum
1517 1176 1624 1208 undas

922 1231 1078 1267 exercet,
1100 1226 1277 1258 Pleiadum
1308 1227 1411 1258 choro
1444 1226 1625 1259 scindente

923 1277 1042 1309 nubes.

964 1329 1005 1358 21
1030 1327 1167 1360 Exercet
1183 1326 1317 1366 Auster]
1341 1325 1463 1367 Agitat
1484 1326 1625 1358 Auster.

922 1377 1042 1408 Auster
1071 1377 1247 1416 Pleiadum,
1273 1378 1345 1418 ξω]
1382 1376 1524 1416 Austro,
1559 1386 1625 1418 quo

922 1434 989 1456 non
1018 1425 1102 1457 alius
1131 1430 1252 1458 ventus
1283 1425 1503 1465 concitatior,
1535 1425 1624 1457 bene

922 1475 1098 1514 Pleiades,
1124 1476 1195 1507 sive
1211 1475 1395 1516 Vergilias,
1422 1479 1500 1507 ortu
1516 1479 1553 1506 et
1568 1485 1625 1507 oc-

921 1536 1002 1559 casu
1030 1531 1281 1568 tempestuosas
1306 1527 1489 1569 adjungit;
1512 1531 1550 1559 ut
1570 1528 1625 1559 Ti-

920 1577 1007 1609 berii
1038 1578 1134 1610 ducis
1161 1578 1327 1619 impetum
1357 1578 1512 1619 apertius
1543 1583 1625 1610 ante

920 1628 1036 1660 oculos
1052 1633 1172 1668 ponat.
1215 1629 1273 1660 De
1290 1627 1494 1660 Pleiadibus
1509 1632 1625 1660 autem

921 1678 1126 1718 pulcerrime
1149 1677 1254 1710 Ovid.
1280 1678 1374 1710 Fast.
1401 1686 1451 1709 ur.
1482 1678 1624 1710 Torreat.

921 1727 1087 1758 Pleiadum
1114 1727 1222 1767 choro]
1256 1726 1487 1767 Vergiliarum
1519 1734 1626 1766 ortus,

921 1781 958 1807 et
981 1785 1122 1807 occasus
1144 1776 1316 1816 pluviosus
1342 1780 1408 1816 est,
1423 1781 1458 1807 et
1477 1781 1625 1818 tempes-

922 1828 1052 1865 tuosus,
1065 1825 1212 1857 nubibus
1227 1835 1248 1856 a
1262 1829 1364 1857 vento
1380 1825 1504 1857 scissis.

964 1876 1006 1906 24
1029 1875 1154 1906 Medios
1175 1883 1232 1915 per
1252 1874 1358 1916 ignes]
1382 1874 1453 1906 Per
1474 1875 1623 1908 medium

922 1933 1047 1966 pugnae
1070 1924 1251 1966 fervorem,
1266 1933 1330 1966 per
1350 1933 1480 1957 summa
1504 1925 1624 1958 discri-

922 1974 1025 2006 mina.

962 2028 1004 2057 25
1021 2024 1076 2056 Sic
1088 2025 1312 2066 Taumformis]
1326 2024 1551 2066 Ταυροκράιους
1566 2036 1624 2059 vo-

921 2080 1002 2107 cant
1017 2074 1138 2107 fluvios
1161 2075 1288 2115 Graeci,
1304 2075 1491 2107 Acheloum
1517 2078 1623 2108 maxi·

919 2133 987 2165 me,
1016 2125 1120 2157 totius
1155 2126 1302 2158 Graeciae
1342 2126 1623 2167 vetustissimum,

919 2174 977 2215 qui
991 2179 1025 2206 et
1040 2174 1102 2206 sub
1118 2175 1208 2206 tauri
1223 2173 1333 2206 forma
1349 2184 1550 2216 congressus
1566 2182 1623 2208 est

917 2233 994 2256 cum
1014 2224 1176 2266 Hercule,
1191 2225 1369 2267 victusque
1385 2226 1530 2258 alterum
1546 2237 1622 2259 cor-

917 2283 963 2305 nu
979 2275 1114 2307 amisit:
1138 2285 1206 2316 qna
1233 2275 1277 2307 de
1301 2285 1338 2307 re
1360 2275 1460 2308 sicin
1477 2278 1621 2309 vetustis

917 2323 1056 2356 Horatii
1078 2325 1284 2357 membranis
1305 2327 1472 2367 scriptum
1496 2336 1620 2368 reppe-

917 2373 965 2404 ri:
988 2374 1167 2405 ‘Flumina
1191 2384 1267 2406 cum
1292 2376 1451 2407 cornibus
1474 2377 1620 2417 pingun-

918 2426 987 2462 tur,
1002 2423 1084 2464 quia
1099 2424 1264 2465 mugitum
1289 2425 1415 2457 liabent
1439 2426 1545 2457 veluti
1561 2427 1619 2458 bo·

917 2480 990 2511 ves,
1018 2481 1203 2514 eorumque
1243 2483 1372 2505 cornua
1401 2474 1619 2506 arundinibus

917 2525 1135 2562 coronantur,
1157 2523 1317 2564 quoniam
1338 2524 1422 2564 ripae
1438 2523 1618 2555 arundine-

918 2571 963 2603 tis
989 2570 1235 2612 praefiguntur?
1273 2572 1369 2613 Virg.
1399 2572 1538 2604 ‘Tardis
1568 2573 1618 2605 iu-

919 2630 1003 2663 gens
1013 2621 1073 2653 ubi
1087 2620 1229 2654 flexibus
1241 2627 1335 2654 errat
1342 2621 1503 2664 Mincius,
1515 2627 1552 2655 et
1568 2628 1618 2655 te·

918 2681 1000 2703 nera
1029 2672 1191 2712 praetexit
1217 2671 1382 2704 arundine
1398 2671 1514 2713 ripas.’
1545 2672 1618 2704 Ad-

918 2722 995 2754 dam
1008 2726 1043 2752 et
1056 2722 1195 2753 Festum
1208 2733 1216 2752 2
1228 2722 1238 2740 ⁴
1247 2722 1435 2754 Taurorum
1446 2722 1559 2763 specie
1573 2723 1618 2755 si·

918 2772 1071 2803 mulam-a
1085 2769 1272 2810 fluminum,
1288 2772 1322 2803 id
1337 2778 1403 2814 est,
1419 2781 1495 2804 cum
1504 2774 1615 2805 corni-

919 2822 993 2858 bus,
1010 2821 1088 2864 quia
1104 2826 1183 2854 suut
1200 2822 1330 2855 atrocia
1347 2826 1385 2855 ut
1399 2822 1512 2857 tanri‚'
1525 2824 1615 2857 Tm.
