1916 3262
314 287 424 328 1372

314 388 432 428 gionis.
476 387 650 427 Domuum]
673 388 839 420 Pressam.

358 438 398 467 1⁰
423 435 536 476 Uvam]
555 437 605 467 Tu
630 436 724 468 bibes
749 438 848 468 etiam
873 437 996 469 viuum.

315 485 490 523 Calenum,
505 485 554 516 sic
566 485 692 516 dictum
705 486 747 516 ab
759 487 841 517 urbe
853 487 998 518 Calenis.

313 533 388 564 Mea
402 533 471 572 nec]
502 533 593 573 Ergo
608 543 671 564 nec
690 535 866 566 Falernum
889 535 998 566 habeo

313 582 375 614 tibi
391 583 516 622 vinum,
531 592 592 613 nec
609 584 831 623 Formianum,
845 595 918 626 qua:
935 586 998 616 illis

313 632 520 671 temporibus
535 632 610 662 vina
625 631 721 664 fuere
734 634 999 671 generosissima.

313 680 474 711 Falernus
503 680 594 720 regio
630 686 683 712 est
712 682 903 722 Campaniae
942 682 997 713 ubi

312 729 410 760 multi
432 734 510 760 sunt
536 729 639 760 colles
664 729 800 760 vitiferi.
843 731 998 769 Formiae,

313 777 392 808 urbs
407 782 460 808 est
475 777 705 818 Latinajuxta
718 780 883 819 Caietam,
899 789 999 820 quam

314 826 464 858 Lacones
479 827 672 858 condidere.

356 878 395 906 ll
422 876 616 916 Temperant]
654 877 694 907 Id
710 882 775 917 est,
793 878 911 917 pocula
927 887 1000 908 mea

313 933 379 955 non
391 930 468 956 sunt
483 930 671 966 temperata
682 926 759 957 vino
772 928 925 966 Falerno,
938 929 1000 958 &c-

315 973 425 1005 Lamb.

315 1021 398 1053 Ona
414 1031 492 1053 xxr.
523 1022 741 1063 Εὐχαριστική.
786 1024 829 1055 ΙΝ
846 1024 999 1055 Dimum

356 1079 399 1102 ετ
411 1071 643 1102 Aponium.
674 1073 842 1103 Hortatur
858 1073 1001 1112 virgines

356 1124 391 1150 et
411 1129 530 1160 pueros
552 1121 594 1151 ad
610 1121 779 1151 canendas
801 1130 915 1152 eorum
932 1122 1002 1151 lau-

358 1169 429 1199 des.

357 1221 374 1248 1
397 1218 550 1258 Dianam]
573 1219 711 1250 Latonae
727 1218 829 1250 filiam
845 1229 887 1250 ex
902 1219 1002 1259 Jove,

313 1276 388 1307 quae
415 1267 447 1298 in
472 1269 556 1299 caelo
580 1269 686 1307 Luna,
707 1269 741 1299 in
767 1270 864 1300 terris
882 1270 1003 1305 Diana,

314 1315 404 1354 apud
421 1315 544 1347 inferos
561 1316 691 1348 Hecate
706 1318 906 1351 nominatur.
943 1319 1002 1350 Di-

313 1362 390 1402 cite]
414 1365 572 1396 cantate.

355 1414 376 1442 2
397 1412 573 1453 Intonsum]
595 1413 807 1454 Ἀκειροκόμης
829 1415 900 1446 sive
916 1415 1002 1455 ἆκερ-

313 1459 445 1498 σεκόμης
467 1461 579 1492 dictus
598 1462 732 1502 Apollo,
758 1464 847 1504 quod
873 1474 1001 1495 comam

314 1518 380 1540 non
402 1510 561 1549 tondeat3
584 1513 702 1542 eadem
727 1522 846 1552 nempe
871 1514 1001 1545 ratione

314 1569 382 1599 qua
405 1559 543 1599 Jupiter
567 1559 663 1590 Axur
686 1561 756 1591 sive
775 1562 922 1601 Axurns,
946 1563 1003 1602 qui

313 1607 414 1638 etiam
430 1607 563 1638 intonsa
575 1617 668 1638 coma
681 1609 843 1649 pingitur.
866 1612 1002 1642 Comum

313 1657 401 1686 enim
418 1656 583 1686 intonsam
599 1657 690 1688 luctu
707 1660 855 1690 carentis
872 1660 1002 1700 signum

313 1713 387 1734 esse
418 1703 522 1734 tradit
555 1704 761 1743 Hesychius.
818 1706 907 1737 Hinc
937 1712 1003 1747 est,

314 1751 404 1792 quod
429 1752 532 1782 etiam
560 1752 718 1783 nobilium
743 1755 850 1794 pueri,
875 1755 930 1796 qui
960 1756 1003 1787 ad

313 1800 469 1840 cyathum
499 1799 648 1839 stabant,
682 1802 805 1833 comati
840 1807 937 1834 erant
968 1809 1004 1835 et

313 1849 490 1890 splendide
506 1850 600 1887 culti,
615 1855 654 1880 ut
669 1855 703 1881 et
716 1851 903 1883 citharoedi.
947 1853 1004 1884 In-

313 1898 448 1939 tonsum]
465 1898 604 1938 Capillis
621 1899 760 1938 prolixis
771 1900 829 1931 Sol
844 1901 1004 1942 pingitur,

314 1949 392 1988 quia
417 1948 527 1979 radios
544 1947 700 1979 extendit
716 1959 819 1989 usque
834 1950 866 1981 in
882 1950 1004 1990 longis-

311 1997 407 2029 sima.
449 1997 606 2036 Pingitur
618 1997 719 2028 etiam
736 1997 910 2038 imberbis,
926 2000 1004 2040 quia

315 2055 482 2086 nunquam
511 2045 669 2076 senescit.
731 2047 914 2086 Cynthium]
946 2048 1002 2078 Sic

314 2093 439 2124 dictum
455 2103 474 2123 a
490 2093 636 2133 Cynthio
652 2093 784 2124 sublimi
800 2099 926 2133 moute,
947 2095 1003 2135 qui

313 2143 400 2174 Delo
416 2143 580 2180 imminet,
595 2141 650 2172 ubi
665 2147 764 2172 natus
781 2147 845 2173 est.

356 2195 375 2223 3
397 2190 620 2231 Latonamque]
653 2191 784 2222 Latona
806 2191 950 2222 Dianam
967 2197 1003 2223 et

315 2240 507 2281 Apollinem
524 2239 657 2279 peperit
673 2249 714 2269 ex
729 2239 830 2271 Jove.

355 2293 375 2321 4
397 2286 544 2326 Penitus]
578 2288 698 2326 Valde,
711 2288 763 2318 vel
779 2287 1002 2320 familiariter.

357 2342 376 2369 5
404 2338 465 2369 Vos
482 2337 600 2377 laetam]
624 2337 690 2368 Vos
709 2337 854 2377 virgines
869 2343 1004 2369 cantate

314 2387 472 2423 Dianam,
487 2395 561 2427 quae
578 2385 704 2425 gaudet
717 2385 827 2416 fluviis
843 2391 879 2417 et
893 2396 1003 2418 nemo-

315 2446 387 2467 rum
403 2434 591 2474 frondibus,
603 2434 636 2464 id
653 2440 714 2472 est,
730 2435 920 2467 venatione.
945 2437 1004 2467 Co-

314 2485 380 2525 ma]
398 2483 542 2517 Quidam
551 2492 664 2514 comam
676 2483 811 2524 legunt:
824 2484 882 2515 sed
897 2485 1003 2517 minus

317 2539 423 2565 recte.

359 2587 380 2613 6
405 2581 614 2621 Quoecnmque]
644 2580 866 2623 Qnaecunque
892 2591 1005 2614 nemo-

317 2641 389 2662 rum
417 2640 511 2662 coma
535 2630 715 2670 prominet,
738 2636 795 2662 aut
821 2631 853 2662 in
877 2631 1004 2672 Algido

317 2679 391 2720 (qni
406 2688 500 2710 mons
516 2684 569 2710 est
584 2679 618 2709 in
633 2688 712 2718 agro
724 2679 924 2720 Tusculano,
938 2681 1004 2711 dis-

318 2735 391 2759 tans
407 2727 448 2758 ab
463 2728 546 2758 urbe
562 2728 668 2758 Roma
689 2728 879 2768 quindecim
903 2729 1006 2760 millia

319 2774 494 2819 passuum)
515 2781 574 2807 aut
597 2776 630 2806 in
655 2776 873 2819 Erymantho,
893 2783 1006 2811 monte

758 299 895 329 NOTAE
929 297 1186 328 VARlORUM
1222 297 1270 328 IN

1046 389 1080 419 in
1096 387 1262 420 Arcadia:
1282 394 1339 419 aut
1355 388 1385 418 in
1402 388 1516 428 nigris,
1531 388 1563 419 id
1579 393 1645 426 est,
1659 396 1728 420 um-

1047 437 1155 468 brosis
1174 438 1273 477 sylvis
1293 438 1406 476 Gragi,
1429 437 1483 477 qui
1507 446 1601 468 mons
1623 442 1675 469 est
1696 435 1730 469 in

1049 486 1163 526 Lycia.
1208 486 1318 518 Gelido
1332 487 1460 527 Algido]
1477 488 1583 518 Recte
1598 495 1672 517 eum
1687 486 1731 518 ab

1048 535 1190 575 algendo
1214 536 1340 566 dictum
1367 537 1484 566 volunt
1501 535 1732 567 Grammatici-

1047 585 1165 616 Distat
1194 585 1297 624 Roma
1325 585 1501 615 duodecim
1529 585 1632 615 millia
1658 594 1733 624 pas·

1047 643 1154 670 suum,
1182 634 1222 663 ad
1259 635 1442 674 ingressum
1476 633 1597 673 Regilli
1628 634 1733 664 lacus.

1048 682 1166 712 Dianae
1193 691 1323 714 sacrum
1349 682 1450 714 fuisse
1476 683 1575 713 etiam
1591 687 1733 714 constat.

1051 730 1191 761 Torrent-

1090 782 1108 809 7
1126 780 1240 818 Nigris
1253 784 1306 811 aut
1320 780 1519 821 Erymanthi]
1533 781 1588 812 Sic
1598 789 1649 812 tv.
1665 779 1731 811 od.

1050 829 1100 858 12.
1124 829 1134 844 ‘
1149 828 1209 858 Cui
1233 838 1333 868 pecus
1349 835 1384 859 et
1398 829 1484 869 nigri
1502 830 1612 860 Colles
1629 829 1733 860 Arca-

1049 875 1113 905 diae
1131 876 1289 914 placent!
1333 878 1452 918 Virgil.
1467 878 1735 919 qnoqueGeorg.

1049 933 1105 956 ιιι.
1129 926 1216 955 ‘Ant
1239 926 1343 956 sicubi
1366 928 1492 966 nigrum
1510 927 1645 958 Ilicibus
1661 937 1734 959 cre-

1050 973 1118 1004 bris
1147 983 1242 1004 sacra
1269 984 1383 1006 nemus
1421 976 1563 1007 accubat
1595 974 1735 1006 umbra!

1052 1023 1210 1053 Densitas
1225 1023 1313 1054 enim
1329 1023 1421 1054 silvae
1436 1024 1643 1063 nigredinem
1665 1022 1734 1054 effi·

1050 1071 1108 1105 cit.
1133 1075 1169 1101 ut
1192 1076 1226 1102 et
1253 1081 1347 1112 aquae
1373 1072 1594 1113 profunditas.
1637 1073 1735 1112 Virg.

1050 1119 1174 1159 Georg.
1192 1129 1242 1151 ιν.
1264 1122 1272 1137 ‘
1284 1121 1368 1153 Quae
1385 1122 1479 1161 niger
1495 1122 1664 1152 humectat
1678 1119 1735 1152 fla-

1051 1169 1164 1199 ventia
1193 1169 1283 1199 culta
1313 1169 1480 1200 Galesus!
1533 1169 1596 1200 Est
1623 1174 1736 1200 autem

1052 1218 1274 1258 Erymanthus
1285 1218 1440 1250 Arcadiae
1450 1228 1557 1258 mons,
1568 1218 1610 1250 ob
1619 1228 1735 1259 aprum

1051 1267 1084 1297 in
1100 1277 1140 1298 eo
1157 1267 1200 1298 ab
1226 1268 1377 1299 Hercule
1398 1268 1559 1299 domitum
1586 1267 1736 1307 inprimis

1051 1316 1182 1347 nobilis.
1198 1317 1337 1347 Torrent.
1368 1316 1577 1356 [Erimanthis
1591 1316 1736 1348 Schoen-

1050 1364 1146 1395 born.
1162 1368 1193 1395 2.
1210 1374 1266 1404 ap.
1281 1365 1419 1404 Jaeck.]

1093 1416 1112 1444 8
1137 1413 1251 1452 Gragi]
1287 1413 1389 1452 Gragi
1412 1413 1536 1444 habent
1562 1414 1619 1444 lib.
1650 1413 1733 1444 Mss.

1050 1471 1175 1493 omnes.
1212 1462 1324 1493 Graeci
1341 1461 1463 1502 Κράγος
1478 1461 1640 1492 scribunt.
1674 1462 1736 1492 Est

1049 1510 1153 1540 Tauri
1166 1510 1285 1541 montis
1296 1519 1371 1549 pars
1387 1510 1419 1540 in
1437 1510 1539 1549 Lycia
1551 1510 1735 1549 agrestium

1050 1559 1186 1590 deorum
1204 1558 1308 1590 antris
1323 1559 1478 1589 celebris.
1503 1558 1645 1589 Tou-rent.

1092 1610 1112 1637 9
1139 1607 1199 1638 Vos
1229 1607 1352 1647 Tempe]
1376 1608 1442 1638 Vos
1472 1615 1593 1647 mareS,
1611 1607 1644 1637 id
1673 1612 1736 1646 est,

1053 1657 1161 1697 pueri,
1171 1657 1304 1687 laudate
1319 1658 1455 1697 Tempe,
1467 1658 1540 1688 loca
1557 1657 1737 1687 anioenissi·

1053 1715 1107 1736 ma
1123 1708 1155 1736 in
1170 1706 1349 1736 Thessalia.

1096 1757 1135 1784 10
1161 1753 1376 1793 Natalemque]
1401 1754 1522 1790 Delon,
1537 1754 1569 1784 in
1585 1763 1652 1794 qua
1666 1754 1736 1785 nati

1054 1806 1132 1833 sunt
1147 1801 1269 1842 Apollo
1284 1807 1319 1833 et
1337 1802 1459 1833 Diana.
1501 1802 1601 1833 Delon
1623 1802 1739 1842 Apolli-

1052 1851 1116 1891 nis]
1143 1851 1245 1882 Multi
1270 1851 1404 1892 quidem
1430 1851 1573 1882 Dianam
1597 1851 1630 1882 in
1651 1851 1738 1883 Delo

1052 1905 1164 1931 natam
1181 1901 1308 1931 volunt.
1355 1900 1514 1931 Horatius
1527 1900 1684 1931 tamenin
1701 1900 1740 1932 il·

1053 1951 1158 1981 lorum
1190 1951 1323 1982 videtur
1349 1951 1452 1982 fuisse
1480 1951 1660 1988 sententia,
1683 1951 1738 1991 qui

1053 1999 1245 2039 Apollinem
1260 2000 1395 2039 quidem
1414 2000 1447 2030 in
1470 1999 1568 2037 Delo,
1583 1999 1642 2030 sed
1659 2001 1739 2030 Dia-

1053 2056 1128 2077 nam
1150 2047 1183 2077 in
1202 2047 1356 2087 Ortygia,
1379 2056 1454 2087 quae
1471 2047 1535 2076 alia
1549 2056 1646 2087 quam
1670 2047 1739 2077 De-

1053 2095 1104 2125 lus
1129 2095 1247 2133 insula,
1272 2099 1384 2125 natam
1407 2094 1561 2125 credunt.
1603 2095 1679 2127 Qua
1694 2095 1738 2126 de

1053 2152 1090 2173 re
1107 2143 1202 2183 plura
1219 2143 1373 2172 Muretus
1389 2142 1456 2173 suis
1472 2143 1504 2172 in
1520 2143 1645 2174 Catulli
1657 2144 1737 2174 Car-

1052 2199 1128 2222 men
1163 2191 1332 2239 Saeculare
1369 2191 1626 2222 commentariis.
1665 2193 1738 2223 Tor-

1051 2242 1133 2270 rent.

1096 2290 1133 2318 ll
1159 2287 1388 2328 [unguemque]
1413 2288 1562 2319 Laudate
1579 2289 1679 2320 etiam
1693 2289 1738 2321 A·

1053 2337 1184 2377 pollinis
1200 2337 1386 2374 humerum,
1401 2337 1564 2376 insignem
1581 2338 1739 2377 pharetra

1053 2391 1087 2417 et
1103 2387 1188 2427 lyra,
1205 2395 1302 2426 quam
1319 2386 1390 2424 ipse
1412 2395 1432 2417 a
1446 2385 1552 2418 fratre
1567 2387 1738 2420 Mercurio

1053 2435 1140 2467 dono
1155 2439 1349 2474 acceperat.

1097 2487 1136 2515 12
1160 2485 1370 2523 Fraternaque
1385 2484 1470 2525 lyra]
1487 2483 1617 2516 Auctor
1633 2485 1738 2527 Hygi-

1053 2543 1126 2572 nus,
1154 2533 1373 2571 Mercurium,
1401 2543 1476 2564 cum
1500 2533 1666 2574 Apollinis
1685 2535 1742 2567 bo-

1054 2593 1110 2613 ves
1125 2582 1305 2622 abegisset,
1318 2582 1573 2622 deprehensum,
1587 2583 1618 2614 ei
1633 2584 1737 2625 lyram

1054 2631 1212 2670 donasse,
1235 2640 1274 2661 ac
1295 2631 1437 2662 vicissim
1454 2632 1497 2662 ab
1521 2641 1560 2662 eo
1577 2632 1736 2673 virgulam

1054 2681 1142 2711 illam
1159 2679 1340 2720 accepisse,
1363 2679 1405 2711 de
1424 2690 1488 2720 qua
1503 2689 1604 2720 supra
1619 2680 1686 2711 Od.
1699 2689 1736 2713 x.

1057 2729 1144 2769 Lyra
1166 2732 1279 2759 autem
1300 2728 1362 2759 sibi
1385 2737 1545 2759 concessa
1565 2728 1734 2768 Orpheum

1055 2777 1177 2819 Apollo
1207 2777 1341 2816 docuit5
1364 2786 1403 2809 ac
1428 2781 1545 2818 postea
1566 2777 1700 2808 inventa
1715 2787 1734 2808 a
