1982 3230
366 289 475 330 1200
830 302 872 340 Q.
904 299 1110 330 nonaru
1144 300 1311 333 FLAcci

365 459 471 499 Dux
491 460 599 511 regit
619 471 815 498 examen.
873 457 1031 499 Parios
1046 471 1125 511 ego
1143 460 1303 512 primus
1324 461 1503 501 lambos

365 523 554 564 Ostendi
573 524 717 572 Latio,
739 535 940 564 numeros
959 523 1217 576 animosque
1238 529 1412 566 secutus

363 588 629 637 Archilochi,
649 601 734 629 non
754 601 823 628 res
842 593 884 630 et
903 590 1073 642 agentia
1093 591 1223 630 verba
1242 591 1503 643 Lycamben.

363 657 449 704 Ac,
469 668 522 695 ne
542 668 609 694 me
628 654 745 695 foliis
766 654 865 695 ideo
885 655 1156 695 brevioribus
1177 667 1317 704 ornes,

365 720 493 770 Quod
512 721 633 761 timui
653 726 814 761 mutare
831 721 983 761 modos
1002 726 1047 761 et
1067 720 1267 761 carminis
1287 726 1448 772 artem;

361 786 601 838 Temperat
619 785 869 827 Archilochi
889 798 1053 826 musam
1072 785 1183 838 pede
1203 786 1404 826 mascula
1422 786 1614 839 Sappho,

363 899 417 920 nec
429 894 548 921 seculus
565 901 630 922 sum
654 892 787 930 vestigia
811 892 951 923 alterius.
997 892 1061 928 Qui
1082 892 1209 932 confidit
1233 892 1295 922 sibi
1319 896 1451 924 turmam
1465 893 1551 924 ducit
1572 895 1602 923 el
1619 892 1782 931 gubernat.

367 932 434 970 Ego
447 933 532 971 prior
548 933 666 963 lambos
678 934 793 972 protuli
804 935 884 974 apud
896 934 1037 973 Latium,
1053 934 1229 965 Archilochi
1244 934 1338 964 Parii
1353 938 1481 965 metram
1502 937 1533 965 et
1554 935 1700 964 virtulem
1714 933 1783 964 imi-

364 976 456 1008 tatus,
468 983 528 1004 non
542 978 643 1004 autem
667 975 826 1005 materiam
840 979 868 1006 et
883 975 1031 1006 dictiones
1056 975 1224 1016 Lycamben
1246 976 1404 1014 adigentes
1417 977 1456 1007 ad
1469 975 1674 1016 suspendium.
1718 976 1785 1006 Ne-

362 1023 418 1052 que
433 1024 502 1045 vero
512 1025 557 1045 me
575 1019 734 1055 propterea
749 1017 914 1047 minoribus
939 1026 1061 1047 corones
1068 1017 1244 1056 frondibus,
1259 1017 1401 1056 quoniam
1414 1017 1531 1048 veritus
1543 1027 1610 1047 sum
1622 1017 1783 1047 immutare

361 1064 499 1087 numeros
513 1067 548 1087 ac
575 1057 666 1088 metri
694 1059 810 1096 legem.-
831 1067 901 1089 nam
923 1058 1101 1089 Archilochi
1127 1058 1241 1098 poe'sim
1265 1067 1354 1089 versu
1381 1059 1507 1098 mitigat
1526 1058 1648 1098 Sappho
1674 1057 1784 1095 virilis,

959 1149 1168 1162 mum&
1171 1150 1189 1162 O

363 1215 415 1243 ter
440 1212 702 1252 repetitur.-22
724 1213 821 1244 Harl.
836 1216 868 1245 2.
886 1216 918 1245 3.
934 1217 966 1245 4.
979 1217 1011 1245 7.
1031 1214 1128 1246 Vatt.
1143 1217 1175 1245 2.
1193 1217 1245 1246 12.
1268 1217 1318 1245 1-1.
1336 1217 1388 1245 18.
1411 1216 1462 1244 19.
1484 1213 1581 1244 Vatt.
1597 1211 1691 1243 Rom.
1707 1214 1738 1243 2.
1752 1214 1783 1244 6.

362 1257 393 1285 9.
409 1254 488 1285 Vat.
506 1254 600 1284 Rom.
611 1257 643 1285 7.
659 1264 679 1284 a
695 1264 738 1285 m.
756 1264 808 1294 pr.
825 1255 972 1287 Chisian.
986 1259 1014 1286 1.
1029 1259 1060 1286 5.
1076 1256 1230 1296 Angelic.
1245 1258 1276 1287 3.
1290 1255 1345 1286 alii
1361 1254 1459 1286 codd.
1473 1264 1530 1294 ap.
1544 1254 1646 1294 Cruq.
1660 1253 1784 1289 Acron,

362 1300 397 1326 ct
414 1295 617 1335 Porphyrio,
633 1296 739 1326 Aldus
755 1299 849 1327 1501.
866 1299 960 1327 1509.
977 1300 1070 1327 1519.
1087 1298 1299 1328 Velm-1509.
1315 1299 1408 1327 1552.
1423 1298 1515 1327 1573.
1530 1295 1680 1326 Britann.
1690 1297 1784 1326 162⁰.

362 1335 478 1367 Basill.
491 1338 686 1366 1527.1531.
705 1339 798 1366 1580.
816 1337 903 1367 Frib.
919 1340 1012 1367 1536.
1029 1336 1170 1376 Dionys.
1188 1337 1229 1367 ab
1246 1338 1369 1367 Harsio
1382 1338 1489 1376 Lnga.
1503 1339 1598 1367 1538.
1615 1336 1654 1367 R.
1667 1335 1785 1376 steph.

363 1379 457 1408 1544.
487 1375 614 1407 Muret.
638 1377 748 1407 Pulm.
773 1377 815 1407 D.
840 1377 957 1408 Heius.
986 1377 1145 1416 Rntgers.
1171 1377 1308 1407 Talbot.
1333 1378 1458 1408 Dacer.
1487 1377 1651 1415 Desprez,
1680 1377 1782 1408 Baxt.

361 1417 474 1449 Bentl.
491 1427 671 1457 anonymus
687 1418 778 1456 Traj.
793 1417 834 1448 ad
852 1418 958 1448 Rhen.
978 1420 1072 1450 1713.
1097 1419 1180 1449 Cun.
1204 1418 1281 1449 San.
1296 1418 1442 1448 Mervill.
1463 1417 1549 1448 Phil.
1569 1417 1671 1448 Gesn.
1688 1418 1782 1449 Batt.

361 1458 511 1500 Sandby,
527 1459 600 1490 Val.
617 1459 753 1497 Dorigh.
770 1459 888 1490 Oberl.
905 1460 1043 1498 Combe,
1059 1459 1193 1490 Wakef.
1211 1459 1314 1490 Wetz.
1332 1460 1436 1490 Zeun.
1449 1458 1550 1490 Kidd.
1566 1459 1647 1497 Fea,
1660 1459 1783 1498 Bothe,

360 1501 499 1540 Bipont.
514 1500 638 1537 Jaeck,
654 1504 689 1531 et
707 1501 957 1540 Doering.fidit.
992 1501 1086 1532 Harl·
1102 1504 1133 1532 6.
1147 1500 1371 1532 Schoenborn.
1387 1503 1419 1531 3.
1434 1502 1464 1530 4.
1487 1505 1564 1531 octo
1580 1509 1634 1540 ap.
1652 1499 1783 1530 Lambi-

360 1551 451 1582 num,
477 1542 532 1573 alii
556 1542 654 1573 codd.
672 1546 707 1572 et
729 1541 804 1572 edd.
830 1542 934 1583 antiq.
949 1542 1126 1583 fidet.—-23
1152 1542 1245 1572 Harl.
1261 1545 1290 1572 2.
1304 1545 1334 1572 3.
1351 1544 1383 1572 4.
1398 1544 1429 1572 7.
1453 1541 1629 1580 Bamberg.
1655 1541 1786 1572 Haller.

361 1584 585 1615 Schoenborn.
609 1587 639 1614 2.
661 1584 758 1614 Vatt.
779 1586 809 1614 2.
833 1587 884 1614 12.
907 1586 958 1615 14.
986 1585 1036 1615 18.
1059 1586 1109 1614 10.
1134 1584 1228 1614 Vatt.
1254 1584 1345 1614 Rom.
1360 1585 1392 1614 2.
1415 1586 1447 1613 6.
1470 1585 1502 1613 9.
1526 1583 1671 1613 Chisian.
1696 1585 1726 1614 1.
1750 1586 1782 1614 6.

360 1625 464 1655 Aldd.
493 1628 522 1655 1.
547 1628 579 1655 2.
601 1628 632 1655 3.
659 1625 799 1656 Venett.
816 1627 907 1656 1509.
932 1627 1026 1656 1552.
1047 1627 1142 1656 1573.
1165 1626 1319 1655 Britann.
1338 1627 1429 1656 1520.
1452 1623 1566 1654 Basili.
1582 1626 1675 1655 1527.
1691 1626 1784 1655 1531.

363 1663 455 1697 1580.
479 1666 570 1697 Frib.
584 1668 676 1698 1536.
690 1666 793 1697 Dion.
809 1667 851 1697 ab
869 1666 990 1697 Harsio
1006 1667 1112 1706 Lugd.
1127 1669 1219 1697 1538.
1235 1667 1274 1697 R.
1290 1667 1406 1705 Steph.
1423 1667 1515 1697 1544.
1530 1665 1658 1696 Muret.
1673 1665 1783 1696 Pulm.

362 1707 447 1738 Dan.
465 1707 583 1738 Heius.
600 1708 760 1746 Rntgers.
781 1707 915 1739 Talbot.
937 1708 1035 1745 Pine,
1059 1709 1183 1739 Dacer.
1211 1708 1338 1746 Delph.
1363 1708 1459 1737 Baxt.
1481 1707 1592 1738 Bentl.
1615 1707 1711 1746 Traj.
1739 1706 1781 1736 ad

360 1748 470 1779 Rhen.
489 1751 580 1779 1713.
617 1749 759 1787 (tuning.
786 1748 905 1778 sanad.
931 1749 1076 1780 Mervill.
1104 1750 1254 1787 Francis,
1278 1749 1364 1779 Phil.
1390 1748 1494 1779 Gesn.
1523 1748 1616 1778 Batt.
1643 1749 1782 1787 Bipont.

361 1790 510 1830 Sandby,
531 1790 662 1820 Valart.
678 1789 820 1828 Dorigh.
839 1790 992 1821 Oberlin.
1009 1790 1124 1821 Comb.
1141 1789 1275 1820 Wakef.
1292 1790 1434 1820 Wetzel.
1459 1789 1564 1819 Zeun.
1585 1789 1688 1819 Kidd.
1707 1789 1784 1828 Fea,

361 1832 484 1868 Bothe,
499 1830 620 1869 Jaeck,
635 1835 670 1861 et
687 1831 838 1869 Doering.
854 1832 950 1870 regit.
985 1830 1079 1862 Harl.
1094 1834 1125 1862 6.
1141 1831 1370 1862 Schoenborn.
1387 1833 1417 1861 3.
1432 1833 1462 1861 4.
1486 1833 1562 1860 octo
1577 1829 1666 1869 apud
1685 1830 1782 1860 Lam-

361 1871 490 1909 binum,
506 1873 562 1902 alii
578 1872 677 1902 codd.
700 1877 735 1903 et
761 1872 840 1903 edd.
866 1873 972 1913 antiq.
987 1875 1171 1911 reget.-24
1196 1873 1337 1912 Cnning.
1353 1881 1394 1902 ex
1410 1881 1489 1902 aure
1505 1880 1577 1908 sua,
1590 1880 1784 1911 numerosque

360 1914 640 1953 animosque—26.
663 1916 703 1944 27
726 1913 815 1944 Anne
829 1923 876 1944 me
888 1935 896 1944 .
911 1935 919 1944 .
933 1936 942 1944 .
957 1917 1072 1944 artem?
1094 1914 1175 1944 Vat.
1191 1914 1287 1944 Rom.
1303 1916 1333 1943 8.
1354 1913 1399 1943 At
1420 1922 1458 1943 ne
1480 1922 1527 1943 me
1550 1911 1649 1942 Aldd.
1665 1914 1693 1942 1.
1706 1915 1736 1943 2.
1752 1915 1783 1942 3.

362 1955 515 1985 Britann.
533 1957 624 1984 1520.
648 1954 762 1984 Basili.
783 1957 876 1985 1527.
901 1957 993 1985 1531.
1015 1957 1108 1985 1580.
1125 1954 1216 1984 Frib.
1235 1957 1328 1985 1536.
1351 1954 1452 1984 Dion.
1467 1954 1510 1984 ab
1533 1953 1656 1984 Harsio
1672 1954 1782 1994 Lngd.

362 1997 456 2026 1538.
480 1996 608 2026 Muret-
623 1999 659 2026 et
672 1995 891 2026 'salbon-29
913 1995 1061 2026 Archoeus
1076 1995 1300 2026 Schoenborn.
1318 1997 1434 2026 3.-30
1455 1994 1684 2026 Schoenborn.
1698 1997 1730 2025 4.
1741 1999 1783 2025 ψει

1001 2077 1143 2109 NOTAE

402 2142 444 2172 23
467 2140 563 2179 Regit
582 2141 723 2181 examen]
744 2140 896 2180 Metaph.
919 2140 962 2171 ab
976 2140 1046 2179 api-

362 2191 434 2221 bus.
480 2190 673 2230 Lyricorum
703 2199 766 2229 ego
791 2189 947 2229 princeps
973 2189 1046 2219 aliis

364 2238 521 2278 deinceps
537 2239 726 2278 exemplum
745 2237 914 2277 praebebo.

405 2289 518 2319 Parios
547 2297 603 2326 ego
627 2288 745 2328 primus
769 2287 888 2317 lambos
917 2287 1048 2318 Ostendi

363 2337 470 2377 Latio]
500 2337 665 2368 Iambicos
681 2337 780 2367 etiam
798 2346 911 2367 versus
927 2337 1046 2367 Latine

363 2386 480 2426 scripsi
507 2386 644 2426 primus,
662 2385 703 2416 ad
730 2386 834 2416 instar
856 2384 1045 2416 Archilochi

364 2435 559 2467 Graecorum
579 2435 769 2466 lamborum
794 2434 989 2474 inventoris,
1003 2445 1046 2466 ex

364 2485 470 2515 insula
509 2485 598 2515 Paro
637 2484 780 2515 oriundi.
838 2484 894 2515 De
923 2484 984 2515 hac
1020 2494 1045 2515 1.

364 2532 432 2564 Od.
449 2535 501 2564 19.

406 2584 445 2613 25
471 2581 660 2621 Archilochi]
683 2582 735 2613 De
761 2582 824 2614 isto
851 2582 958 2614 Poeta
974 2583 1046 2623 jam

365 2635 443 2661 ante
459 2631 490 2661 in
508 2631 615 2671 Epod.
632 2640 680 2662 vr.
696 2638 730 2663 ct
745 2636 862 2672 postea
883 2633 916 2664 in
937 2633 1045 2673 Epist.

364 2679 405 2710 ad
423 2679 491 2710 Pis.
506 2689 551 2710 vs.
566 2682 618 2711 79.

406 2728 591 2769 Lycamben]
623 2731 796 2771 Socerum,
827 2731 868 2762 de
893 2741 957 2772 quo
986 2731 1045 2764 cit.

366 2777 473 2819 Epod.
492 2786 539 2808 v1.

1140 2143 1182 2171 28
1204 2141 1361 2180 Temperat
1377 2140 1562 2180 Archilochi,
1573 2140 1642 2180 lfa]
1665 2139 1781 2171 Archi-

1098 2189 1185 2221 lochi
1197 2190 1410 2229 asperitatem
1422 2189 1782 2229 temperaviounvitate

1098 2240 1204 2271 Alcaei
1221 2245 1255 2270 et
1269 2240 1421 2279 Sapphus
1435 2250 1444 2277 3
1467 2239 1597 2270 scilicet
1608 2239 1714 2270 lambi
1731 2248 1782 2270 sa-

1101 2289 1143 2319 tis
1158 2298 1252 2319 acres
1269 2288 1461 2328 Epodorum
1480 2292 1707 2328 temperantur
1722 2287 1780 2319 Al·

1100 2338 1202 2369 caicis
1216 2342 1251 2369 et
1265 2338 1442 2378 Sapphicis
1457 2337 1618 2368 Odarnm.

1143 2388 1283 2418 Mascula
1298 2385 1433 2427 Sappho]
1457 2386 1542 2417 Haec
1563 2395 1683 2426 nempe
1699 2385 1780 2417 dici-

1100 2442 1155 2469 tur
1170 2438 1295 2468 virilem
1313 2437 1436 2477 adepta
1454 2437 1626 2475 virtutem,
1640 2436 1728 2477 quod
1743 2446 1780 2468 se

1099 2486 1319 2526 praecipitarit
1345 2495 1386 2516 ex
1415 2495 1454 2516 eo
1482 2487 1580 2521 saltu,
1605 2486 1691 2517 unde
1717 2486 1780 2516 viri

1101 2540 1227 2566 tantum
1242 2535 1394 2566 solebant
1408 2544 1443 2566 se
1454 2535 1597 2575 jaculari
1611 2542 1678 2575 prae
1693 2544 1780 2566 amo-

1099 2585 1142 2615 ris
1157 2584 1377 2624 impatientia.
1415 2584 1505 2615 Hinc
1524 2583 1651 2616 Anson.
1675 2583 1777 2624 Idyu.

1101 2642 1151 2665 vt.
1165 2637 1217 2665 25.
1239 2634 1249 2652 ‘
1267 2634 1312 2664 Et
1327 2633 1370 2664 de
1385 2633 1535 2664 nimboso
1557 2633 1677 2664 saltum
1693 2633 1778 2664 Leu-

1097 2688 1172 2714 cate
1188 2683 1333 2713 minatur
1347 2681 1499 2713 Mascula
1514 2681 1680 2714 Lesbiacis
1694 2681 1777 2722 Sap-

1096 2732 1161 2772 pho
1177 2732 1327 2773 peritura
1342 2729 1494 2771 sagittis!
