1890 3230
361 274 471 314 1754

363 383 441 406 num
457 378 641 405 revertenS.

404 426 464 455 114
490 424 607 454 Fallere
619 420 871 460 curamJJLenire
886 431 1010 452 curam.

405 476 465 504 115
490 471 609 510 Comes]
634 471 710 511 Ipsa
724 481 814 502 cura.

407 525 468 553 116
494 521 581 551 Unde
593 521 669 551 mim·
683 519 830 560 lapidem]
850 520 950 552 Unde
966 520 1045 551 mihi

364 580 487 602 sumam
511 569 674 610 lapidem?
696 570 805 611 inquit
834 571 933 601 herus
963 570 1042 600 iras-

365 629 444 650 cens
467 625 608 659 propter
629 619 716 649 servi
739 619 923 650 orationem
946 618 1043 649 nimis

364 668 514 698 liberam.
561 667 711 701 Quorsum
739 667 799 707 est]
833 668 918 699 Sunt
944 667 1045 698 verba

365 717 462 747 servi.
511 717 599 747 Unde
615 716 762 756 sagittas]
787 717 899 748 Herus
925 716 974 747 ira
996 716 1045 747 in·

366 775 482 796 census
493 759 632 805 sagittas
647 766 747 796 etiam
765 766 862 805 petit.

329 807 332 811 ⁴
410 817 468 845 117
492 816 555 845 Aut
579 815 694 845 insanit
715 815 814 854 homo]
838 814 950 845 Verba
971 820 1048 845 sunt

366 865 465 896 servi.
508 866 574 895 Aut
596 874 699 894 versus
714 863 812 903 facit]
837 864 906 894 Aut
928 864 1049 895 Poeta·

367 923 438 943 rum
454 921 543 943 more
565 911 658 942 furit.
703 913 806 952 Ocyus
827 912 898 943 hinc
913 912 957 951 te]
979 912 1047 943 He-

367 971 421 992 rus
438 962 582 991 minatur
596 970 703 1000 servo,
718 971 754 992 se
769 962 862 992 illum
878 961 1048 992 missurum

367 1012 400 1041 in
423 1010 574 1048 Sabinos,
597 1009 644 1041 sic
669 1014 705 1040 ut
731 1019 774 1040 ex
800 1019 896 1041 servo
923 1010 1049 1041 urbano

369 1059 534 1091 efficiatur
561 1069 675 1090 servus
702 1059 846 1091 rusticus
875 1063 910 1090 et
938 1059 1051 1100 abjec-

369 1114 433 1140 tus.
598 1133 603 1137 .

411 1160 473 1189 118
508 1157 654 1197 Accedes]
690 1157 842 1188 Accedes
878 1166 981 1188 nonus
1010 1157 1052 1188 ad

370 1210 448 1237 octo
473 1215 588 1237 servos
614 1206 795 1246 operarios,
820 1215 899 1247 quos
923 1206 996 1237 misi
1019 1207 1052 1237 in

371 1264 485 1294 agrum
507 1254 679 1286 Sabinum.
726 1256 829 1295 Opera
853 1255 944 1295 agro]
969 1256 1052 1287 Cum

369 1303 504 1334 familiae
521 1308 578 1333 aut
601 1303 735 1334 urbanae
753 1309 866 1335 essent
881 1310 938 1336 aut
955 1304 1055 1335 rusti-

371 1363 432 1392 cae,
455 1353 602 1384 deterior
617 1352 802 1384 habebatur
823 1353 891 1384 ruri
907 1353 1055 1384 servien-

371 1404 452 1434 tium
470 1403 639 1442 conditi03
662 1405 748 1444 qnod
765 1403 837 1435 fere
854 1404 955 1436 vincti
971 1414 1055 1444 opus

370 1453 533 1485 facerent.
578 1453 665 1484 Hinc
683 1452 887 1485 facetissima
905 1455 962 1485 illa
974 1455 1055 1486 Tra-

368 1503 479 1533 nionis
509 1506 544 1533 et
568 1502 749 1534 Grunionis
782 1503 871 1542 apud
900 1503 1056 1534 Plautum

372 1551 562 1588 altercatio,
595 1550 691 1580 initio
726 1550 962 1588 Mostellariae;
999 1551 1055 1582 ille

375 1599 463 1629 enim
479 1599 633 1633 urbanus,
658 1599 709 1628 hic
732 1599 889 1629 rusticus.
914 1600 1056 1630 Tamne.

376 1649 479 1688 Opera
491 1657 567 1686 agro
580 1657 657 1677 nona
667 1645 795 1684 Sabino]
818 1647 932 1687 Opera
947 1647 978 1677 in
994 1647 1056 1678 hoc

373 1698 460 1732 loco,
477 1700 514 1726 ut
529 1705 619 1735 saepe
635 1694 722 1735 apud
734 1695 940 1735 Ciceronem,
954 1696 1057 1727 horni-

375 1755 451 1776 nem
467 1745 631 1786 significat
647 1744 828 1783 sordidum,
842 1748 877 1776 et
892 1745 964 1776 vilis
980 1755 1056 1777 con-

374 1795 518 1827 ditionis.

374 1844 456 1875 SAT.
474 1853 556 1875 vni.
579 1843 740 1875 Horatius
758 1843 964 1875 Fundanium
980 1843 1059 1874 ami-

418 1903 492 1924 cum
511 1903 604 1924 suum
619 1893 819 1934 interrogat,
832 1893 938 1934 qualis
961 1893 1061 1924 Nasi-

418 1941 510 1973 dieni
535 1941 638 1973 fuerit
660 1951 768 1982 coena,
789 1943 843 1973 cui
867 1942 939 1983 ipse
960 1942 1060 1973 inter-

418 1990 539 2022 fuerat.

420 2043 436 2071 1
466 2042 509 2072 Ut
547 2040 727 2080 Nasidieni]
769 2040 894 2072 Notum
935 2040 1062 2072 Nasidia·

378 2090 473 2120 bellis
488 2089 653 2128 civilibus,
668 2089 768 2120 etiarn
788 2098 830 2119 ex
846 2089 952 2120 veteri
968 2099 1062 2120 num-

379 2149 445 2178 mo,
466 2148 604 2176 nomem
627 2138 669 2169 de
693 2148 758 2178 quo
783 2138 980 2178 Appianus3
1002 2138 1059 2168 sed

378 2189 453 2228 quis
489 2187 675 2218 Nasidienus
709 2187 764 2217 hic
794 2186 899 2217 fuerit
933 2187 1061 2226 ignoro.

377 2238 463 2268 Sunt
487 2237 542 2277 qui
572 2235 658 2266 catii
676 2244 862 2274 cognomen
886 2234 990 2265 fuisse
1007 2243 1062 2265 ve-

379 2287 460 2316 lint:
485 2294 549 2315 non
559 2289 668 2315 recte:
695 2282 847 2323 putidum
862 2287 898 2314 et
911 2283 1062 2322 ineptum
1084 2295 1094 2303 κ

380 2343 545 2366 coenarum
561 2337 803 2364 ostentatorem
822 2331 937 2371 fuisse,
949 2332 1064 2363 Sermo

382 2385 434 2415 liic
448 2393 523 2415 cum
542 2382 713 2413 Fundanio
725 2381 782 2423 (de
795 2391 860 2422 quo
875 2390 900 2412 1.
915 2380 985 2412 Sat.
1001 2381 1067 2420 10.)

380 2433 528 2472 habitus,
542 2431 744 2472 lepidissime
757 2430 974 2462 demonstrat.
996 2431 1067 2462 Illis

381 2492 446 2512 non
481 2481 643 2512 assentior
671 2479 726 2520 qui
757 2479 898 2519 primum
935 2489 1066 2510 versum

382 2531 482 2562 aliter
510 2529 659 2568 edidere,
685 2529 727 2559 Ut
750 2531 780 2559 te
805 2527 968 2559 Nasidieni
981 2527 1068 2566 juvit

382 2590 466 2611 coena
488 2578 589 2610 beati?
611 2579 675 2618 vel,
711 2577 874 2608 Nasidieni
902 2577 956 2617 qui
981 2577 1068 2616 juvit

381 2633 412 2659 te
436 2638 519 2659 coena
544 2627 646 2659 beati?
679 2627 874 2657 Reclamant
899 2626 986 2656 enim
1009 2635 1066 2656 ex-

383 2677 563 2718 emplaria:
588 2681 623 2707 et
638 2675 784 2706 secundo
795 2675 869 2706 loco
884 2675 1067 2714 Auapaesto

386 2727 434 2757 nti
447 2727 555 2766 potnit
569 2726 747 2764 Horatius;
766 2730 803 2756 ut
820 2725 926 2765 primo
943 2725 1066 2765 Georg.

386 2774 559 2815 Virgilius:
585 2774 795 2806 ‘Fluviorum
808 2783 866 2805 rex
882 2773 1068 2805 Eridanus?

812 283 950 312 NOTAE
982 281 1242 311 VARIORUM
1277 281 1326 310 IN

1095 370 1168 402 Nisi
1191 371 1472 412 quadrisyllabum
1496 372 1549 402 hic
1571 381 1644 403 esse
1667 373 1772 412 malis,

1095 430 1215 461 nempe
1231 421 1311 452 duos
1325 421 1521 462 Spondaeos,
1535 426 1573 452 ut
1581 422 1672 459 alibi,
1683 423 1692 440 ‘
1706 423 1775 454 viu·

1095 469 1279 509 demiatur,’
1299 470 1385 511 quod
1411 470 1520 500 verius
1544 476 1607 501 est.
1628 471 1774 502 Turneb.

1097 527 1153 551 111.
1169 521 1198 550 3.
1213 525 1247 550 et
1263 528 1326 550 xx.
1351 521 1402 550 34.
1429 519 1566 551 Tor-rent.
1613 520 1657 551 Ut
1679 520 1776 550 Nasi-

1097 568 1195 608 dieni]
1217 568 1390 602 Quomodo
1413 573 1446 599 te
1469 578 1563 599 coena
1577 568 1690 599 divitis
1706 569 1776 599 Na-

1096 618 1215 649 sidieni
1242 618 1445 649 delectavit?
1494 617 1604 657 Beati]
1637 618 1646 634 ‘
1664 617 1778 648 Bona·

1098 668 1174 699 inde
1189 667 1279 699 dicta
1296 668 1389 699 aiunt
1410 667 1491 699 JCti
1512 667 1600 708 quod
1614 667 1727 706 beant,
1743 667 1776 698 id

1098 721 1162 753 est,
1187 717 1303 748 beatos
1325 716 1473 748 faciunt:
1497 723 1531 747 et
1557 718 1566 734 ⁸
1582 716 1724 756 beatus,'
1739 722 1778 748 ut

1099 766 1206 806 inquit
1225 766 1342 805 Varro,
1357 766 1413 807 qui
1436 767 1541 797 multa
1564 766 1649 797 bona
1676 767 1780 807 possi-

1100 816 1169 846 det.
1212 816 1276 846 Vel
1291 815 1371 847 beati
1383 815 1550 856 εἶρωνικῶς,
1562 816 1657 856 quasi
1673 815 1780 847 infeli-

1101 864 1148 894 cis
1173 867 1209 894 et
1233 864 1357 902 miseri,
1386 869 1423 895 ut
1449 866 1503 905 qui
1530 864 1779 903 nesciatrebus

1102 912 1167 943 suis
1182 912 1248 951 uti;
1271 912 1329 943 sed
1351 922 1405 942 eas
1421 913 1590 951 corrumpi
1611 914 1721 952 potius
1747 918 1782 944 et

1103 960 1225 1001 perire,
1240 970 1336 1001 quam
1351 959 1417 990 frui
1427 960 1519 991 velit.
1544 961 1639 1000 (ἕως.

1143 1013 1163 1041 2
1187 1010 1302 1040 Dictus
1316 1010 1386 1040 here
1406 1008 1471 1039 illic
1493 1009 1545 1039 De
1567 1009 1663 1039 medio
1678 1011 1784 1049 potare

1098 1058 1162 1098 die]
1179 1059 1262 1091 Here
1276 1068 1336 1099 pro
1346 1058 1412 1090 lteri
1424 1058 1548 1089 citatur
1561 1067 1580 1088 a
1594 1058 1784 1097 prisciano,

1101 1107 1203 1149 atque
1225 1109 1274 1139 ita
1296 1108 1470 1140 Juvenalis
1496 1108 1568 1139 Sat·
1594 1116 1650 1139 nr.
1693 1110 1702 1125 ⁴
1720 1108 1786 1139 Res

1101 1158 1199 1189 bodie
1215 1158 1320 1189 minor
1334 1162 1387 1188 est
1401 1158 1479 1188 here
1496 1166 1593 1197 quam
1609 1155 1695 1188 suite
1724 1157 1784 1188 So-

1102 1208 1224 1239 lemnia
1240 1211 1351 1238 autem
1377 1206 1531 1238 convivia
1553 1206 1712 1237 maturius
1728 1214 1786 1237 an-

1103 1257 1333 1297 spicabantur,
1353 1261 1390 1288 ut
1406 1266 1430 1288 ι.
1447 1255 1514 1287 od.
1538 1258 1568 1287 1.
1589 1255 1788 1286 notavimus.

1107 1305 1261 1338 Accedat
1283 1306 1406 1338 Juven.
1433 1306 1502 1336 Sat.
1533 1313 1583 1336 xr.
1626 1305 1637 1322 ‘
1653 1303 1708 1336 Ad
1728 1304 1787 1335 has

1108 1356 1219 1396 epulas
1234 1355 1335 1387 solito
1351 1355 1510 1385 maturius
1529 1353 1624 1386 ibat:
1650 1354 1790 1385 Tor-rent.

1109 1405 1222 1436 Dictus
1238 1406 1309 1436 here
1322 1405 1400 1445 illic]
1423 1404 1542 1435 Dictus
1565 1413 1600 1434 es
1625 1402 1703 1434 mihi
1717 1403 1791 1434 heri

1110 1455 1179 1486 illic
1195 1455 1284 1496 apud
1301 1454 1519 1488 Nasidienum
1535 1463 1555 1484 a
1570 1451 1708 1484 meridie
1732 1461 1790 1493 po-

1110 1508 1194 1535 tare.

1150 1555 1168 1583 3
1191 1552 1256 1588 Sic.
1269 1556 1302 1583 ut
1322 1553 1397 1583 mihi
1415 1550 1582 1592 nunquam]
1603 1550 1659 1582 Sic
1674 1559 1725 1581 me
1735 1550 1791 1590 ju-

1109 1601 1157 1631 vit
1179 1600 1304 1641 (inquit
1332 1601 1540 1641 Fundanius)
1563 1604 1598 1630 ut
1624 1608 1791 1640 nunquam

1110 1649 1267 1680 libentius
1282 1649 1452 1679 c'oenarim.

1151 1701 1171 1729 4
1193 1698 1262 1738 Da]
1278 1698 1340 1729 Dic
1355 1698 1477 1728 babent
1494 1696 1711 1737 manuscripti
1726 1705 1793 1727 om·

1111 1757 1180 1779 nes.
1225 1748 1279 1778 Da
1301 1747 1473 1778 substituit
1501 1746 1620 1787 aliquis
1644 1746 1698 1777 cui
1714 1746 1793 1777 Vir-

1113 1797 1267 1837 gilianum
1290 1796 1373 1828 illud
1394 1797 1581 1836 elegantius
1603 1796 1708 1827 visum
1724 1799 1796 1827 est:

1114 1848 1123 1864 ⁸
1139 1845 1204 1876 Sed
1222 1851 1332 1876 tamen
1349 1846 1413 1876 iste
1427 1846 1515 1876 Deus
1531 1846 1586 1886 qui
1603 1845 1657 1884 ait,
1678 1845 1720 1876 da
1741 1845 1796 1876 'ri-

1115 1900 1188 1936 tyre
1204 1894 1318 1926 nobis.'
1337 1896 1475 1926 Torreat.
1503 1895 1556 1926 Da
1571 1894 1614 1936 (si
1626 1903 1724 1934 grave
1737 1904 1796 1926 non

1113 1945 1175 1984 est]
1200 1946 1276 1982 Dic,
1290 1955 1310 1976 ο
1325 1941 1490 1975 Fundani.

1155 1997 1173 2024 5
1193 1993 1327 2033 Iratum]
1343 1993 1422 2024 Tale
1437 1992 1518 2024 illud
1533 2002 1552 2024 e
1566 1993 1639 2024 Sat.
1653 2001 1695 2024 11·
1713 1991 1723 2009 ‘
1735 1992 1801 2023 La-

1115 2046 1259 2073 trantem
1271 2042 1474 2072 stomachum
1487 2041 1572 2073 bene
1586 2041 1711 2073 leniet-⁹
1733 2041 1801 2073 No-

1115 2095 1250 2132 tumque
1268 2091 1349 2122 illud
1366 2091 1574 2131 Plautinum,
1597 2094 1607 2108 ⁴
1625 2091 1742 2122 Fames
1763 2094 1800 2122 et

1115 2150 1207 2171 mora
1230 2140 1328 2171 bilem
1353 2140 1387 2170 in
1405 2149 1501 2170 nares
1517 2138 1700 2170 conciunt?
1724 2139 1797 2170 Tor-

1113 2192 1192 2219 rent.
1252 2188 1371 2218 Iratum
1398 2188 1548 2228 ventrem]
1592 2187 1796 2218 Famelicum

1115 2241 1278 2267 ventrem.

1156 2288 1177 2316 6
1197 2285 1340 2315 Lucanus
1367 2283 1455 2324 aper]
1493 2283 1653 2315 Umbrum
1684 2283 1800 2316 laudat

1117 2334 1246 2367 Catius,
1260 2333 1465 2363 Laurentem
1487 2331 1624 2363 damnat
1649 2330 1802 2364 formai·

1119 2382 1322 2414 Nasidienus
1339 2381 1437 2411 nimio
1448 2380 1572 2412 Austro
1580 2381 1651 2422 jam
1666 2391 1800 2422 corrup-

1120 2437 1202 2471 tum,
1227 2441 1265 2462 ac
1290 2439 1385 2470 paene
1409 2430 1559 2470 putidum
1575 2435 1735 2471 excusat3
1758 2431 1802 2464 ob

1119 2490 1261 2522 eamque
1284 2489 1433 2512 caussam
1459 2484 1511 2511 tot
1534 2481 1682 2512 cinctum
1704 2481 1803 2513 rebus

1119 2530 1259 2571 apponit
1286 2539 1360 2570 quae
1386 2538 1452 2560 non
1481 2538 1587 2560 coenae
1613 2529 1718 2570 initio,
1743 2529 1802 2561 sed

1119 2579 1242 2609 lassato
1258 2578 1330 2618 jam
1352 2578 1537 2608 ventriculo
1561 2578 1704 2618 praeberi
1723 2588 1801 2611 con-

1120 2627 1326 2658 suevissent:
1357 2631 1392 2657 ut
1423 2627 1520 2666 hujus
1550 2627 1627 2658 libri
1663 2629 1734 2659 sat.
1762 2636 1803 2659 u.

1120 2677 1271 2707 vidimus.
1315 2675 1468 2706 Turneb.
1496 2683 1556 2706 xx.
1583 2678 1635 2707 34.
1662 2676 1803 2708 Torreat.

1122 2725 1196 2756 Leni
1210 2724 1278 2762 fuit
1294 2723 1425 2763 Andro]
1447 2724 1598 2755 Lucanus
1619 2733 1700 2764 aper
1723 2734 1804 2765 cap·

1122 2779 1173 2805 tus
1190 2773 1252 2805 fuit
1270 2772 1395 2804 Austro
1411 2773 1529 2805 leniter
1552 2772 1665 2814 flante,
1680 2783 1721 2805 ex
1736 2781 1801 2813 quo
