1904 3216
410 279 519 319 1690

411 377 562 416 gebatur.
620 378 823 416 Quamquam
860 385 924 406 non
958 376 1026 406 sola
1051 384 1089 406 ne

411 426 575 465 particula
597 434 685 463 saepe
705 429 842 454 ornatus
869 428 997 455 tantum
1021 434 1089 464 gra-

410 474 458 504 tia
468 473 614 511 additur,
628 476 664 502 nt
679 480 704 502 1.
721 473 789 502 Sat.
806 475 856 503 10.
871 473 1088 512 ostendimus,

411 522 470 552 sed
495 522 596 552 etiam
617 530 696 550 num.
740 521 833 560 Virg.
860 521 917 552 lib.
933 530 967 552 v.
989 522 998 538 ‘
1012 521 1089 552 Heu

410 572 562 612 quianam
579 571 661 600 tanti
675 571 849 602 cinxerunt
860 571 987 602 aethera
1007 571 1088 602 nim-

410 620 481 650 bi?'
526 618 724 649 ‘Inimicus’
748 625 859 650 autem
876 623 984 658 voc‘at,
1009 629 1089 660 quos

410 669 443 698 in
459 668 569 707 gulam
586 673 713 699 tantum
729 668 900 708 prodigus,
914 668 992 699 nulli
1005 677 1088 699 mor-

411 717 524 748 talium
556 716 804 754 benefaciendo,
829 715 1016 756 offenderit,
1039 721 1088 747 at-

410 774 474 805 que
489 765 598 797 hostes
613 765 676 795 sibi
689 764 820 795 fecerit.
846 766 986 796 Torrent.

453 816 513 844 108
535 813 586 844 Ad
599 822 686 844 casus
701 813 819 853 dubios]
856 813 909 843 Ad
934 813 1088 843 mutatio-

410 870 484 891 nem
511 859 655 891 fortunae
691 860 895 891 constantior
922 861 1000 898 erit,
1026 863 1088 891 ὅτε.

409 909 503 947 [Vat.
519 909 614 939 Rom.
627 911 656 939 1.
671 917 690 937 a
707 918 750 938 m.
766 917 834 939 sec.
850 912 884 939 et
899 908 977 939 Vat.
994 908 1088 939 Rom.

411 960 444 988 2.
459 967 479 987 a
494 967 537 987 m.
554 966 604 995 pr.
615 957 752 995 certior]

454 1007 516 1034 109
539 1003 682 1034 Pluribus
707 1003 837 1034 assuerit
861 1005 1004 1045 mentem]
1024 1005 1090 1037 Qui

412 1060 521 1082 rerum
551 1051 696 1082 omnium
732 1051 839 1090 eopiae
874 1052 1016 1083 animum
1055 1057 1091 1084 et

411 1109 531 1139 corpus
561 1099 756 1130 assueverit.
798 1099 980 1141 Superbum]
1009 1101 1091 1133 Cor-

412 1157 473 1188 pus
490 1148 612 1179 delitiis
625 1148 760 1178 elatum.

455 1198 513 1227 111
536 1195 665 1235 Aptarit
679 1196 786 1227 idonea
800 1196 890 1237 beno]
915 1197 1091 1238 Praepera-

413 1246 509 1284 verit,
523 1255 598 1286 quae
615 1246 646 1275 in
663 1246 760 1276 rebus
773 1246 919 1277 adversis
930 1248 1002 1278 usui
1017 1257 1091 1280 esse

414 1295 555 1333 possint.

454 1345 515 1374 113
538 1343 675 1381 Integris
692 1343 808 1383 opibus,
829 1344 898 1384 ssa]
930 1344 1030 1376 Omni
1055 1355 1091 1377 re

412 1399 471 1421 sua
498 1390 648 1421 familiari
674 1391 841 1423 incolumi.
893 1393 965 1424 Non
999 1395 1092 1425 latius

412 1437 513 1477 usum]
549 1439 633 1469 Sunt
660 1439 716 1479 qui
740 1441 853 1471 lautius
879 1441 1090 1474 substituant.

413 1486 504 1517 Male
517 1496 526 1524 ;
541 1495 614 1517 nam
630 1487 774 1519 lautitias
791 1489 831 1518 ab
849 1489 952 1520 Ofelli
967 1500 1091 1530 mensa,

413 1535 513 1565 etiam
536 1539 690 1566 manente
714 1536 859 1575 Fortuna,
874 1537 1029 1580 abfuisse,
1046 1540 1092 1571 lo·

414 1593 473 1615 cus
489 1584 558 1624 ipse
582 1584 741 1615 ostendit.
785 1586 870 1616 Late
895 1592 1005 1618 autem
1022 1588 1092 1627 opi-

416 1630 476 1662 bus
500 1632 615 1668 utitur,
640 1632 695 1671 qui
719 1635 875 1671 expensis
897 1636 1093 1668 necessariis

414 1685 515 1719 atque
530 1680 665 1710 utilibus
681 1689 745 1709 non
767 1686 959 1720 contentus,
983 1683 1095 1723 volup-

415 1729 475 1760 tati
491 1738 621 1770 quoque
639 1728 806 1769 indulgen
833 1739 942 1770 neque
963 1731 1094 1763 modum

415 1778 546 1816 statuit,
571 1779 753 1818 immemor,
780 1778 867 1818 quod
892 1779 959 1812 dici
987 1781 1094 1812 soleta

415 1828 424 1843 ‘
436 1828 511 1860 Quo
527 1837 590 1858 non
613 1837 721 1866 egeas,
739 1828 791 1858 vel
807 1838 880 1859 asse
894 1834 1019 1861 emtum
1041 1839 1095 1861 ca-

416 1886 486 1908 rum
503 1876 596 1907 esse.'
619 1877 760 1908 Tor-rent.
805 1877 877 1907 Non
891 1877 1096 1918 latimmm]

418 1927 495 1957 Non
507 1926 640 1964 largius.

458 1978 518 2006 114
558 1975 658 2009 Quam
691 1984 769 2006 nunc
802 1975 922 2006 accisis.
971 1975 1097 2016 Videas]

416 2024 541 2055 Sensus
556 2029 628 2055 est:
654 2023 816 2062 Ofellum,
838 2034 911 2055 cum
936 2025 1007 2064 agri
1023 2025 1096 2064 ejus

416 2073 494 2104 belli
510 2074 614 2105 civilis
630 2073 872 2113 proscriptione
887 2074 920 2104 in
935 2073 1095 2106 ditionem

416 2127 647 2153 veteranorum
672 2123 800 2153 redacti
827 2127 946 2157 essent,
973 2132 1094 2163 eosque

417 2179 480 2200 non
498 2170 569 2210 jam
587 2175 623 2201 ut
639 2171 801 2209 dominus,
825 2170 882 2201 sed
901 2175 939 2202 ut
952 2170 1093 2202 eonduc-

419 2224 482 2257 tor,
493 2219 676 2257 excoleret,
688 2227 751 2249 non
765 2219 871 2249 minus
882 2223 990 2249 tamen
1003 2220 1094 2251 laute

417 2276 492 2298 eum
509 2267 541 2297 in
557 2267 664 2298 alieno
681 2267 812 2306 vixisse,
832 2276 928 2306 quam
945 2273 1044 2298 antea
1060 2268 1094 2299 in

418 2315 563 2354 proprio.
607 2316 685 2346 Pet.
707 2315 857 2346 Nannius
880 2316 1024 2348 Misceil.
1039 2317 1094 2348 lib.

418 2373 464 2394 iv.
479 2363 623 2394 Turneb.
639 2371 703 2394 ΧΠ.
719 2365 748 2394 l.
795 2364 894 2398 Quam
915 2373 994 2395 nunc
1016 2365 1094 2396 acci—

417 2412 475 2452 sis]
498 2412 605 2445 Quam
622 2422 708 2443 nunc
726 2413 968 2453 proscriptione
990 2414 1095 2445 immi-

418 2461 519 2492 nutis.
581 2461 702 2500 Videas]
740 2461 888 2492 Quilibet
917 2462 1030 2493 videre
1060 2466 1096 2494 et

418 2509 533 2541 audire
567 2510 687 2549 potuit,
723 2509 873 2540 Ofellum
908 2515 1094 2542 narrantem

418 2558 511 2589 liaec:
531 2557 605 2588 Non
619 2559 767 2596 ego‚&c.
805 2557 925 2588 Mazaeo
937 2560 970 2588 in
983 2559 1096 2599 agello]

419 2607 495 2637 Hoc
518 2611 582 2646 est,
604 2606 753 2636 dimenso
772 2606 842 2645 jam
866 2611 903 2636 ut
927 2607 1096 2638 Umbreno

420 2655 665 2693 assignaretur-3
693 2654 740 2686 sie
764 2655 850 2685 enim
874 2655 987 2687 Lamb.
1004 2657 1094 2696 atqui

415 2704 487 2740 jam
512 2703 669 2733 Umbreni
683 2701 783 2733 fuisse
800 2703 954 2742 agellum,
968 2713 1007 2735 ea
1023 2713 1095 2743 quoe

420 2756 603 2790 sequuntur
619 2750 808 2783 ostendunt.
825 2753 834 2767 ‘
844 2751 981 2783 Metati’
994 2752 1097 2792 igitur

422 2797 624 2829 vocabantur
653 2803 661 2815 ¹
679 2798 772 2840 agri‚’
807 2799 964 2831 militibus
995 2800 1097 2831 certis

853 288 988 317 No'rAE
1030 287 1284 317 VARIORUM
1318 289 1368 318 IN

1131 376 1307 415 jugeribus
1343 377 1466 408 viritim
1503 378 1653 411 attributi
1667 388 1676 409 ε
1709 382 1814 421 qnod,

1137 433 1211 454 cum
1228 429 1262 454 ut
1277 424 1330 455 hic
1347 424 1470 464 Ofello,
1485 425 1533 456 ita
1547 430 1583 457 et
1595 427 1736 466 Virgilio
1757 437 1813 459 ac-

1137 472 1284 512 cidisset,
1305 479 1533 513 argumentum
1556 475 1699 515 proebuit
1715 476 1814 507 Ecle-

1138 529 1186 560 gae
1203 522 1335 560 primae:
1363 522 1544 563 eademque
1558 523 1600 554 de
1616 532 1652 554 re
1663 532 1813 564 ‘conque-

1138 568 1222 598 ritur
1234 569 1266 599 in
1287 570 1397 601 Diris:
1420 571 1430 588 ⁴
1443 571 1579 602 Pertica
1594 581 1667 611 quae
1684 576 1813 603 nostros

1137 622 1262 648 metata
1277 622 1328 649 est
1341 619 1492 658 improba
1502 619 1648 659 agellos?
1690 621 1814 652 Quem-

1137 674 1235 704 quam
1260 667 1408 697 nonnulli
1431 668 1558 698 Valerii
1581 667 1716 700 Catonis
1738 677 1815 700 eum

1137 722 1208 744 esse.
1225 723 1352 746 versum
1370 716 1494 747 volunt.
1519 717 1659 747 Yon-ent.
1701 717 1745 748 Et
1755 726 1815 747 me-

1136 765 1217 793 tatus
1241 773 1314 802 ager
1340 765 1460 796 dicitur
1487 766 1530 796 de
1555 767 1731 806 assignato,
1759 765 1815 796 vel

1137 811 1246 850 opimo
1261 817 1296 842 et
1311 813 1434 853 pingui.
1478 813 1562 844 Inde
1576 815 1585 832 ⁶
1597 813 1737 852 metari,'
1753 821 1816 854 pro

1136 859 1271 899 eligere.
1293 861 1424 892 Salam.
1455 863 1575 892 Metello
1588 863 1621 893 in
1634 861 1749 902 agello]
1773 861 1815 894 In

1138 908 1245 946 agello
1260 908 1426 947 demenso,
1441 915 1475 940 et
1495 910 1536 940 ab
1553 911 1736 948 Umbreno,
1746 910 1815 942 Au-

1138 955 1225 993 gusti
1245 956 1361 996 milite,
1377 956 1554 987 conducto.
1589 958 1709 998 [Codd.
1724 959 1816 995 Fen.

1138 1002 1270 1038 occissis,
1284 1003 1435 1042 abscissis,
1449 1003 1586 1043 abscisis,
1598 1005 1813 1046 venundata]

1183 1053 1241 1082 115
1264 1051 1403 1091 Fortem]
1435 1053 1631 1092 Temporum
1662 1053 1818 1092 injuriam

1139 1098 1271 1130 fortiter
1284 1099 1315 1130 fe
1321 1105 1459 1132 rentem.
1513 1101 1651 1133 Mercede
1664 1102 1815 1142 colonum]

1140 1147 1257 1178 Pretio
1272 1148 1350 1180 dato
1372 1158 1432 1189 pro
1455 1158 1534 1190 agro
1548 1159 1606 1181 suo
1620 1149 1662 1181 ad
1677 1149 1819 1181 Umbre-

1139 1204 1215 1226 num
1229 1197 1404 1228 translato.

1182 1246 1242 1275 116
1264 1245 1336 1275 Non
1350 1245 1419 1284 ego]
1431 1246 1532 1276 Totus
1544 1255 1649 1287 usque
1664 1245 1706 1277 ad
1718 1244 1818 1277 finem

1138 1292 1266 1334 Satyrae
1289 1302 1397 1324 sermo
1417 1299 1469 1326 est
1484 1293 1601 1325 Ofelli.
1656 1293 1818 1333 Profesta]

1140 1342 1207 1373 Die
1222 1351 1287 1373 non
1303 1341 1402 1382 festa,
1417 1343 1518 1383 Angl.
1529 1342 1558 1375 A
1571 1343 1794 1383 working-day.

1181 1393 1257 1432 [117
1281 1393 1424 1426 Cliisian.
1441 1397 1472 1425 2.
1493 1403 1513 1425 n
1535 1403 1578 1425 m.
1594 1403 1660 1426 sec.
1681 1399 1716 1425 et
1738 1393 1816 1426 Ald.

1141 1443 1232 1472 1501.
1246 1441 1396 1483 summm]

1182 1491 1242 1520 118
1263 1489 1403 1529 Longum
1425 1493 1494 1530 post
1523 1489 1652 1530 tempus]
1686 1490 1818 1529 Hospes

1140 1545 1215 1567 rsro
1231 1537 1363 1567 veniens
1388 1538 1509 1568 lautius
1533 1543 1568 1567 et
1587 1537 1744 1568 libentius
1767 1540 1818 1567 est

1141 1584 1367 1625 accipiendus.

1183 1636 1244 1664 119
1265 1633 1337 1664 Sive
1364 1643 1485 1672 operum
1510 1633 1618 1673 vacuo]
1638 1634 1715 1665 Sive
1742 1643 1826 1669 ouiu-

1143 1691 1292 1712 vacarem
1307 1683 1348 1712 ab
1363 1692 1478 1722 opere.
1503 1683 1567 1714 Per
1579 1683 1718 1724 imbrem]
1735 1683 1818 1715 Cum

1143 1729 1216 1769 ipse
1228 1738 1346 1770 nempe
1363 1735 1546 1770 tempestas
1557 1731 1676 1764 invitat
1687 1732 1728 1763 nd
1741 1741 1819 1763 eon-

1145 1778 1338 1809 vivandum:
1354 1783 1391 1809 ut
1407 1788 1497 1818 saepe
1512 1779 1546 1810 iu
1561 1779 1645 1810 Odis
1659 1779 1819 1811 vidimus:

1144 1832 1322 1868 notumque
1339 1829 1416 1859 illud
1431 1828 1583 1867 Virgilii:
1602 1829 1612 1847 ⁸
1624 1829 1751 1861 Invitat
1765 1840 1819 1870 ge-

1144 1877 1237 1907 nialis
1252 1878 1378 1908 biems!
1406 1878 1545 1909 Torreat.
1604 1880 1667 1910 Per
1680 1878 1821 1918 imbrem]

1143 1926 1292 1966 Propter
1307 1927 1456 1967 imbrem,
1471 1928 1624 1967 quamdiu
1639 1928 1787 1968 pluebat.

1187 1978 1247 2006 120
1269 1976 1355 2008 Bene
1368 1977 1451 2017 erat]
1482 1977 1625 2008 Abunde
1640 1981 1712 2009 eret
1725 1977 1822 2009 nobis

1145 2024 1187 2056 ad
1203 2025 1414 2056 bilaritatem.
1460 2026 1533 2057 Non
1541 2025 1687 2066 piscibus]
1701 2026 1823 2058 Mensa

1145 2084 1208 2107 non
1222 2076 1368 2115 piscibus
1383 2076 1558 2119 instructa.

1186 2126 1244 2155 121
1269 2125 1404 2156 pensilis
1417 2134 1475 2156 uva
1489 2125 1651 2165 secundas]
1682 2129 1692 2144 ‘
1704 2125 1821 2158 Pensi-

1143 2171 1207 2203 lem
1221 2171 1229 2185 '
1244 2178 1340 2203 vocat
1355 2182 1463 2208 uvam,
1479 2174 1520 2204 ad
1537 2174 1599 2205 hoe
1615 2182 1821 2213 suspensam,

1142 2225 1178 2251 ut
1197 2230 1292 2260 passa
1307 2221 1411 2252 bieme
1432 2222 1820 2262 ederetur‚quemndmo-

1142 2269 1220 2299 dum
1238 2269 1378 2308 Neapoli
1394 2274 1464 2300 toto
1477 2269 1583 2301 ferme
1595 2279 1680 2301 anno
1696 2272 1821 2302 servari

1144 2316 1296 2356 vidimus,
1313 2317 1546 2357 jucundissimi
1570 2319 1696 2358 saporis
1719 2323 1820 2359 atque

1144 2370 1310 2404 aspectus.
1351 2365 1478 2396 Varro:
1494 2366 1503 2382 ⁴
1517 2366 1675 2407 Pensilia,
1685 2370 1720 2398 ut
1736 2377 1821 2404 uvae,

1143 2413 1243 2444 sorba
1271 2414 1342 2452 ipsa
1375 2415 1566 2455 ostendunt,
1611 2415 1744 2455 quando
1778 2415 1821 2447 ad

1142 2471 1236 2493 usum
1259 2466 1412 2502 oporteat
1433 2462 1559 2502 proini.'
1602 2463 1646 2494 Et
1667 2463 1739 2501 *²2⁶
1753 2464 1823 2504 qui-

1143 2510 1217 2542 dem
1233 2510 1415 2542 Turnebus.
1458 2511 1512 2542 De
1541 2511 1687 2542 secunda
1710 2517 1821 2544 eutem

1143 2568 1269 2598 mensa,
1290 2568 1364 2599 quae
1388 2568 1556 2599 pomorum
1578 2564 1733 2599 erat,1v.
1754 2560 1822 2593 Od.

1144 2611 1173 2638 6.
1199 2609 1341 2638 Tui-neb.
1369 2617 1431 2639 xv.
1454 2611 1485 2639 6.
1510 2609 1646 2639 Torrent-
1689 2609 1822 2640 Pei-silis

1143 2667 1202 2687 uva
1215 2656 1374 2696 secundas]
1397 2657 1482 2697 Uva,
1498 2666 1571 2696 quae
1587 2656 1736 2697 pendens
1751 2667 1821 2690 ser·

1145 2705 1293 2735 vabatnr.

1187 2756 1247 2785 122
1264 2754 1340 2785 Cum
1353 2753 1558 2794 dupliceficu]
1584 2754 1667 2786 Cum
1680 2753 1817 2793 gemini·

1144 2800 1283 2842 ficubus,
1322 2809 1403 2842 quas
1443 2801 1598 2833 mariscas
1635 2801 1817 2842 appellant:
