1930 3204
388 388 452 419 tor,
475 391 603 414 summa
621 389 754 421 semper
775 389 857 412 cura
881 381 990 421 egisse
1005 381 1069 413 Ro-

387 441 512 472 manos,
527 435 564 462 ut
578 429 772 470 supplendis
786 429 990 461 exercitibus
1004 439 1070 461 ma·

387 479 542 510 trimonia
556 478 819 508 celebrarentur.
854 477 968 509 Quare
983 477 1070 508 inter

387 529 453 558 elia
477 529 660 559 Censorum
686 524 796 556 officia
819 525 926 557 refert
950 526 1068 557 Cicero

387 577 430 608 de
447 575 604 616 Legibus,
617 575 627 592 ⁴
642 574 786 606 Coelibes
803 583 877 605 esse
893 574 1069 614 prohiben-

387 623 448 655 to.'
474 628 509 654 et
532 623 660 654 Gellius
683 632 707 654 ι.
729 626 760 654 6.
783 623 829 655 Q.
845 622 972 653 Caecilii
995 623 1069 653 Me-

386 672 458 704 telli
486 671 656 703 Numidici
680 671 836 703 Censoris
862 670 906 703 A.
927 671 971 701 U.
993 673 1067 702 651.

387 721 584 752 Orationem
607 721 702 758 citat,
725 729 823 761 quam
847 719 887 750 ad
910 719 1068 759 populum

386 769 504 800 habuit
523 770 533 786 ‘
545 770 599 799 De
616 768 786 799 Ducendis
801 767 994 805 Uxoribus,’
1010 776 1068 797 seu

385 818 396 835 ⁴
413 818 465 848 De
488 817 589 847 Prole
613 816 800 856 Augenda.’
845 817 950 847 Porro
975 815 1068 847 felici

386 865 538 903 audacia,
554 866 676 905 Legem
693 865 735 895 de
751 864 952 895 Maritaudis
968 863 1069 894 Ordi-

386 913 499 951 nibus,
519 916 530 930 ⁴
545 913 716 944 maritam’
740 918 776 943 et
794 914 804 931 ‘
821 912 966 943 feracem
983 921 1070 943 nova

386 960 511 1001 prolis*
540 966 638 992 vocat
677 961 787 992 Poeta
814 960 1069 995 eruditissimus,

388 1016 450 1047 per
477 1018 576 1048 quam
605 1008 736 1039 scilicet
762 1007 888 1048 nuptiae
914 1008 948 1038 in
977 1017 1069 1048 spem

387 1065 484 1087 novae
499 1056 677 1088 Quiritium
694 1056 815 1087 sobolis
837 1065 1071 1096 promoveren-

387 1109 454 1135 tur.
507 1105 628 1135 Marica
656 1104 744 1134 enim
772 1113 833 1143 pro
862 1109 871 1123 ¹
892 1104 1069 1135 maritalis’

387 1152 491 1191 dixit3
507 1156 544 1183 ut
554 1157 589 1183 et
598 1153 747 1183 Catullus
759 1152 801 1183 de
809 1153 935 1184 Janua:
953 1152 962 1170 ‘
974 1153 1074 1184 Post-

386 1209 484 1240 quam
500 1209 536 1231 es
552 1201 702 1240 projecto
723 1199 814 1232 faeta
832 1201 951 1231 marita
969 1200 1071 1232 seue!

387 1249 527 1280 Torrent.

428 1301 469 1329 20
498 1299 583 1336 Lege
609 1297 737 1337 marita]
770 1299 894 1338 Legem
922 1298 1074 1329 tulerunt

387 1347 515 1387 Papius
530 1353 566 1378 et
582 1349 748 1388 Poppaeus
764 1349 925 1380 Consules
939 1348 983 1379 de
998 1349 1073 1380 Ma-

387 1395 526 1426 ritandis
555 1396 754 1436 Ordinibus,
786 1396 939 1437 Augusto
967 1397 1071 1438 impe-

386 1443 471 1474 rium
487 1448 636 1475 tenente.

427 1495 467 1522 21
493 1493 604 1524 Certus
625 1494 758 1524 undenos
777 1493 876 1524 decies
897 1503 953 1533 per
976 1504 1073 1525 annos

391 1541 499 1580 Orbis]
521 1542 589 1574 Qui
604 1542 815 1574 scribendum
833 1547 974 1582 putant:
994 1544 1070 1573 Cer-

386 1593 437 1620 tus
457 1593 492 1620 ut
514 1591 604 1621 denos
626 1591 724 1622 decies
741 1600 799 1630 per
818 1600 913 1621 annos
928 1590 1023 1621 Orbis
1039 1594 1071 1621 et

386 1641 518 1677 cantus„
538 1639 667 1669 illorum
696 1643 881 1679 sequuntur
911 1647 1071 1678 errorem,

385 1686 441 1725 qui
454 1686 636 1716 centesimo
648 1696 779 1726 quoque
791 1695 878 1717 anno
887 1687 1070 1718 Saemilares

386 1733 459 1763 fieri
474 1734 594 1772 solere,
609 1738 645 1764 et
660 1734 745 1764 huuc
759 1734 918 1765 circulum
935 1733 1070 1774 proprie

384 1781 588 1812 ‘Saeculum’
614 1781 682 1813 dici
707 1782 857 1814 tradunt.
897 1781 964 1812 Sed
982 1781 1071 1812 aliud

387 1830 460 1869 ejus
474 1830 646 1870 temporis,
662 1840 727 1871 quo
750 1831 814 1861 rite
837 1829 1072 1868 servabantur,

386 1879 525 1910 historia
539 1888 599 1910 nos
614 1879 724 1911 docet.
756 1880 808 1910 De
823 1879 834 1896 ⁴
847 1879 978 1910 Saeculo
990 1878 997 1891 '
1014 1887 1071 1909 au·

387 1932 455 1958 tem
472 1928 565 1959 varia
579 1928 693 1968 opinio
707 1932 778 1959 est:
795 1937 860 1969 qus
873 1927 915 1958 de
928 1936 964 1958 re
977 1936 1073 1967 egre-

388 1977 442 2016 gie
465 1977 666 2008 Censorinus
689 1977 747 2008 iib.
769 1978 825 2008 De
846 1977 912 2007 Die
945 1975 1074 2015 Natali,

387 2029 560 2064 receptam
576 2025 694 2056 Poetae
714 2026 894 2056 lectionem
910 2034 952 2056 ex
967 2024 1071 2056 Quin·

388 2072 497 2103 decim
523 2073 664 2103 virorum
687 2073 934 2104 commentariis
954 2077 990 2103 et
1004 2072 1072 2102 Au-

389 2121 477 2159 gusti
491 2120 609 2151 edictis
623 2119 815 2150 defendens.
829 2120 969 2150 Tor-rent.
1000 2120 1074 2150 Cer-

388 2171 439 2198 tue
462 2171 498 2198 ut
521 2169 610 2198 denos
635 2168 735 2198 decies
759 2177 816 2207 per
840 2176 935 2197 anuos
964 2166 1071 2204 Orbis]

388 2215 573 2246 Precamur
599 2219 636 2245 ut
664 2219 776 2246 certus
805 2215 894 2245 orbis
922 2214 971 2254 (id
1006 2219 1072 2251 est,

389 2264 546 2294 saeculum
572 2263 658 2303 quod
686 2264 835 2294 continet
858 2265 930 2294 100.
953 2261 1071 2302 annos)

389 2317 506 2344 cautus
522 2311 650 2343 referat
666 2316 702 2342 et
716 2312 811 2342 ludos
828 2312 1007 2342 seculares.

430 2364 470 2392 23
485 2362 546 2391 Ter
559 2361 608 2390 die
621 2361 715 2399 claro,
731 2360 876 2399 totiesque
886 2360 996 2414 grata]
1007 2359 1074 2390 Ter

389 2410 422 2440 in
437 2409 538 2440 ternis
553 2408 672 2439 diebus
683 2408 891 2448 totidemque
907 2408 1073 2439 noctibus.

389 2459 467 2498 [Ter
481 2459 532 2488 die
543 2466 628 2488 sacro
642 2457 868 2488 Schoenborn.
881 2455 928 2495 2.]

431 2511 472 2539 25
499 2507 615 2547 Vosque
629 2516 750 2538 veraces
762 2505 919 2546 cecinisse]
951 2506 991 2537 Id
1008 2509 1072 2544 est,

390 2566 464 2597 quae
480 2556 646 2587 veraciter
661 2555 794 2594 canitis,
814 2559 852 2586 ut
874 2554 975 2595 paulo
994 2559 1072 2585 aute

389 2606 465 2636 lenis
484 2605 615 2645 aperire,
640 2614 700 2644 pro
723 2604 869 2635 ‘leniter
895 2603 1072 2644 aperiens!

389 2653 641 2694 Porphyrionis,
650 2656 687 2683 ut
698 2662 771 2683 eam
783 2651 886 2683 refert
896 2652 1070 2694 Cruquius,

390 2701 500 2731 verior
523 2701 700 2732 sententia.
743 2702 788 2732 Et
811 2710 930 2732 veraces
950 2701 1068 2741 Parcae,

392 2748 481 2789 quod
497 2748 621 2781 dictum
636 2755 689 2781 est
709 2750 811 2782 semel
834 2758 891 2781 vos
910 2749 1070 2783 cecinisse

839 292 977 322 No'rAE
1011 290 1269 323 VAmoRUM
1302 292 1353 322 ΙΝ

1117 381 1165 412 sic
1187 379 1350 420 futurum,
1371 384 1476 422 utque
1499 381 1659 415 terminus
1673 387 1795 426 servet,

1117 438 1186 468 oro,
1215 431 1279 460 &c.
1320 429 1384 460 Ille
1411 434 1523 461 tamen
1558 431 1659 471 paulo
1686 431 1798 464 aliter.

1117 478 1238 509 Lector
1260 478 1400 517 cogitet.
1446 478 1562 519 Vosque
1582 480 1718 520 veraces]
1753 480 1799 511 Et

1116 535 1175 557 vos
1190 527 1324 565 Parcae,
1343 536 1416 566 quae
1439 535 1576 558 veraces
1599 527 1681 558 estis
1702 528 1736 559 in
1758 528 1800 559 iis

1117 584 1191 615 qum
1207 575 1393 614 cecinistis,
1408 575 1544 616 jungite
1558 576 1644 607 bona
1659 575 1732 607 fut·
1750 575 1802 607 fn·

1116 623 1161 654 tis
1179 623 1249 663 jam
1271 624 1460 664 transactis,
1483 628 1520 656 et
1540 624 1669 656 stabilis
1690 633 1800 656 rerum

1115 671 1277 702 terminus
1291 671 1325 702 id
1342 676 1465 711 servet,
1479 672 1567 714 qnod
1583 673 1688 704 semel
1703 682 1723 704 ι
1743 681 1802 703 vo-

1114 719 1167 750 bis
1192 719 1319 751 dictum
1341 724 1404 757 est,
1419 729 1540 761 nempe
1561 724 1599 752 nt
1621 721 1718 752 Rom.
1739 721 1801 752 im·

1116 767 1243 807 perium
1280 773 1476 809 permaneat
1518 769 1552 800 iu
1586 773 1800 809 perpetuum,

1109 814 1208 854 juxta
1220 815 1302 847 illud
1314 817 1409 858 Virg.
1423 817 1434 835 ‘
1447 817 1631 858 Imperium
1646 818 1718 849 sine
1732 817 1801 850 fine

1116 862 1217 902 dedi,’
1234 865 1298 895 &c-

1157 913 1198 941 2⁷
1220 912 1380 942 Terminus
1391 912 1508 952 servet]
1529 913 1584 944 Sic
1599 913 1676 944 libri
1692 914 1801 945 nostri

1116 967 1230 988 omnes
1243 968 1253 997 ;
1274 968 1339 989 non
1354 964 1466 996 servat,
1481 964 1519 992 ut
1533 961 1637 1001 vulgo!
1650 962 1773 1001 legitur
1790 971 1800 992 :

1117 1010 1169 1037 est
1179 1007 1267 1038 euim
1280 1008 1460 1047 precantis.
1481 1008 1676 1040 Credebant
1689 1014 1800 1041 eutem

1116 1059 1250 1086 veteres
1261 1065 1326 1087 non
1340 1056 1529 1088 hominibus
1542 1057 1754 1097 mutuantes}
1767 1061 1803 1088 et

1117 1103 1256 1136 urbibus
1282 1104 1416 1144 originis
1442 1105 1538 1136 initio
1560 1114 1621 1136 suu
1642 1115 1663 1136 ι
1684 1105 1804 1137 Parcis

1117 1150 1187 1183 fata
1200 1152 1280 1184 dici.
1324 1153 1392 1184 Sed
1406 1157 1443 1184 et
1457 1153 1535 1184 libri
1549 1153 1703 1194 Sibyllini
1725 1162 1803 1194 per-

1119 1199 1322 1239 petuitatem
1363 1200 1496 1241 imperii
1547 1201 1804 1241 pollicebantur.

1119 1247 1217 1281 Quod
1246 1249 1391 1280 Termini
1419 1258 1561 1290 qnoque,
1588 1249 1622 1280 in
1647 1249 1807 1290 Capitolii

1119 1297 1342 1330 fundamentis
1367 1299 1507 1340 reperti,
1531 1308 1607 1331 cum
1633 1299 1713 1331 Jovi
1739 1298 1805 1338 ipsi

1119 1355 1187 1377 non
1207 1348 1421 1388 concederet,
1438 1348 1612 1388 augurium
1631 1345 1805 1378 coufirma-

1120 1395 1180 1427 vit.
1221 1396 1296 1427 Liv.
1311 1396 1370 1428 lib.
1385 1405 1410 1427 ι.
1424 1405 1490 1437 quo
1509 1395 1650 1428 Poetam
1667 1403 1806 1436 respex-

1119 1443 1185 1474 isse
1198 1444 1408 1477 crediderim.

1160 1495 1203 1523 29
1226 1492 1509 1532 Fertilissrugum]
1529 1489 1804 1531 Tellusfrugibus

1119 1539 1292 1570 abundans
1308 1545 1343 1571 et
1359 1549 1491 1580 pecore.

1160 1590 1202 1619 30
1226 1588 1367 1619 Cererem
1388 1588 1513 1628 corona]
1549 1587 1717 1628 Agricolas
1740 1587 1804 1619 Ce-

1118 1644 1225 1666 rerem
1241 1645 1367 1667 eorona
1380 1637 1493 1677 spicea
1507 1636 1689 1675 donabant,
1705 1645 1806 1676 prop-

1119 1687 1172 1714 ter
1183 1683 1318 1723 frugum
1334 1685 1533 1716 ubertatem.
1576 1683 1732 1724 [Spicum
1752 1685 1805 1715 do·

1118 1735 1169 1762 net
1186 1733 1308 1763 Cereris
1322 1742 1463 1764 eoronam
1476 1732 1637 1773 Guelph]

1161 1782 1202 1811 32
1227 1780 1268 1810 Et
1284 1780 1375 1811 Jove
1388 1780 1490 1820 auroe]
1514 1780 1581 1811 Αὲι·
1594 1780 1746 1812 salubris.

1162 1831 1203 1859 ³3
1227 1829 1359 1860 Condito
1386 1829 1483 1868 mitis,
1507 1828 1577 1869 εμπ]
1620 1829 1713 1860 Libri
1737 1834 1805 1861 tres

1120 1878 1306 1916 pervetusti
1320 1878 1393 1909 eoelo
1405 1878 1522 1918 legunt
1538 1887 1598 1919 pro
1617 1879 1695 1909 telo.-
1717 1878 1807 1919 quod

1121 1925 1200 1966 quid
1215 1927 1260 1957 sit
1274 1927 1398 1959 nescio.
1442 1927 1579 1958 Ritnale
1588 1925 1741 1958 fortassis
1751 1935 1806 1957 vo·

1121 1975 1276 2006 cabnlum
1291 1975 1368 2014 fuit,
1385 1985 1445 2016 pro
1458 1984 1660 2016 componere
1673 1984 1713 2006 uc
1725 1979 1809 2005 tem-

1121 2032 1243 2062 perare
1256 2024 1388 2054 coelum.
1430 2024 1519 2054 Nam
1545 2022 1634 2063 quod
1657 2021 1806 2062 Apollini

1121 2079 1234 2101 arcum
1250 2071 1349 2102 simul
1366 2081 1406 2102 ac
1428 2071 1588 2102 citharam
1608 2069 1725 2101 tribuit
1747 2077 1804 2099 ιι-

1121 2118 1273 2157 nquius,
1289 2118 1321 2148 id
1342 2118 1384 2148 ad
1406 2119 1494 2156 coeli;
1515 2117 1604 2158 quod
1626 2117 1682 2148 ille
1703 2116 1805 2156 regit,

1121 2165 1319 2204 temperiem
1341 2168 1440 2205 atque
1459 2165 1693 2204 intemperiem
1719 2163 1806 2195 refe·

1119 2212 1258 2243 rendum
1275 2217 1339 2248 est,
1355 2219 1394 2244 nt
1416 2222 1457 2244 ιι.
1481 2212 1550 2244 Od.
1572 2215 1624 2244 1⁰.
1649 2212 1803 2243 diximus.

1122 2261 1210 2292 Torr.
1257 2262 1388 2292 Condito
1407 2261 1509 2301 mitis]
1531 2260 1720 2292 Recondito
1736 2261 1805 2292 telo

1119 2315 1155 2342 et
1170 2320 1189 2341 e
1205 2311 1356 2342 manibus
1371 2311 1437 2342 tuis
1453 2311 1598 2350 abjecto.

1161 2363 1201 2390 35
1224 2359 1370 2391 Bicornis
1384 2359 1473 2399 audi]
1495 2360 1603 2398 Luna,
1616 2359 1804 2400 prasertim

1119 2408 1284 2447 triduana,
1295 2408 1441 2440 bicornis
1457 2413 1610 2449 apparet.

1161 2460 1201 2488 3⁷
1216 2458 1351 2488 Romam·
1360 2458 1507 2498 vestrum]
1520 2456 1655 2488 Idcirco
1667 2457 1804 2488 Romam

1119 2515 1202 2547 opus
1231 2505 1398 2547 Apollinis
1423 2506 1551 2545 dicunt,
1577 2505 1657 2546 quia
1684 2505 1806 2536 AEneas

1119 2564 1194 2586 cum
1204 2555 1285 2596 suis,
1295 2554 1457 2595 Apollinis
1467 2563 1625 2595 responsa
1631 2558 1804 2594 sequutus,

1119 2603 1216 2634 sedes
1228 2604 1261 2634 in
1277 2603 1379 2634 Italia
1394 2611 1496 2634 novas
1513 2603 1703 2634 collocavit.
1743 2602 1804 2633 Ili-

1117 2651 1216 2691 aeque]
1239 2651 1294 2682 Sic
1309 2655 1319 2669 ⁸
1331 2655 1455 2682 matres
1467 2651 1541 2682 llioe
1550 2651 1559 2665 ¹
1573 2660 1634 2691 pro
1646 2652 1656 2669 ‘
1667 2648 1803 2689 Ναυῆ·

1118 2705 1129 2721 ‘
1139 2701 1203 2732 Ilia
1219 2699 1341 2740 tellus‚’
1356 2699 1442 2740 apud
1455 2700 1644 2740 Virgilium.
1676 2697 1800 2737 Iliaeque

1118 2749 1240 2790 turm]
1254 2749 1406 2790 Trojanae
1423 2753 1553 2788 turmae,
1569 2749 1662 2780 littus
1673 2746 1798 2778 Tiberi-
