1930 3204
400 278 508 319 1560

398 379 483 419 quod
510 389 613 420 cuper
640 380 897 419 tempestatibus
923 382 1083 412 immolari

399 432 450 457 est
474 428 601 467 solitus,
630 428 687 458 scd
711 428 786 467 quia
814 429 956 460 Maevius
977 429 1084 461 Poeta

398 473 462 506 fuit
481 477 634 515 petulans
650 481 683 506 et
698 476 902 507 libidinosus.

441 527 481 554 24
521 525 560 554 Et
589 534 671 563 agna
703 526 946 567 tempestatibus]
985 526 1083 566 Agna

399 572 503 610 nigra.
518 573 609 612 Virg.
626 573 698 603 AEn.
724 583 778 605 ιιι.
815 575 825 614 ,⁴
843 575 982 613 Nigrum
1003 575 1083 614 hye-

401 621 443 650 mi
469 621 644 659 pecudem,
666 623 829 663 Zephyris
851 622 1013 655 foelicibus
1038 624 1083 654 al-

402 669 501 700 bam!
527 671 610 702 Vide
624 672 728 703 Turn.
743 682 818 704 xiv.
833 675 864 704 4.

398 718 513 749 Epo».
533 727 584 751 xi.
608 721 664 751 An
691 721 857 753 Parrum
881 730 1083 753 com-unnu-

440 774 574 798 υΛιΕΜ.
628 768 752 799 Amore
782 770 911 810 Lycisci
941 779 1083 809 occupa-

439 818 506 850 tus,
532 825 598 846 non
625 822 738 856 potest
763 827 898 857 operam
929 818 1083 848 conferre

440 864 480 894 ud
513 873 631 896 versus
661 865 844 897 faciendos.
888 867 1084 906 [Bumberg.

439 913 492 943 Aa
508 914 646 944 Pettium
658 916 695 945 de
716 915 855 953 Inachia,
880 925 940 954 qua
963 915 1085 955 (qaam)

438 961 555 998 diligit.
600 963 765 993 Ter-narius
777 963 939 1001 Iambieus,
954 964 1084 1002 quadra-

399 1019 401 1022 ⁴
438 1014 489 1040 tus
509 1011 689 1049 compositus
709 1022 729 1042 a
752 1013 886 1053 Dactylo
911 1015 945 1043 in
974 1014 1085 1044 lambi-

438 1066 515 1088 eum.
559 1058 627 1089 Alii
647 1069 702 1100 ap.
723 1061 843 1097 Jaeck,
871 1063 921 1092 Ad
951 1062 1087 1093 Pettium

437 1107 697 1145 contubernalem,-
720 1110 784 1148 vel,
797 1111 851 1140 Ad
868 1110 1018 1150 Petium]

440 1156 457 1184 1
484 1155 587 1196 Perti]
600 1155 655 1187 Sic
672 1156 788 1187 Lamb.
807 1166 868 1196 pro
885 1158 972 1189 Pecti
981 1168 994 1195 ,·
1009 1168 1084 1189 nam

398 1207 433 1233 et
448 1203 564 1244 optimi
586 1204 684 1236 codd.
702 1206 752 1235 vel
778 1206 865 1237 Pettz‘
880 1207 931 1237 vel
947 1207 1022 1238 Peti
1038 1209 1084 1238 le-

398 1255 491 1291 gunt.
532 1252 648 1284 Lamb.
675 1258 786 1284 autem
823 1255 986 1286 assentior
1014 1266 1084 1287 car-

398 1309 473 1330 men
490 1300 552 1331 hoc
569 1301 708 1332 tricolon
726 1311 811 1341 esse,
827 1312 904 1341 nou,
927 1309 963 1334 ut
979 1304 1010 1334 in
1027 1314 1084 1335 an-

398 1347 499 1387 tiquis
529 1349 776 1388 exemplaribus
805 1351 964 1381 scribitur
995 1352 1084 1382 dico-

398 1395 465 1426 lon.
513 1395 647 1436 Alioqui
662 1397 758 1426 nimis
777 1397 1000 1429 inverecunde
1016 1400 1085 1430 Ho-

398 1447 460 1473 rat.
478 1452 541 1473 ιιιιο
558 1443 740 1484 eodemque
769 1445 800 1475 in
827 1446 973 1477 carmine
990 1447 1086 1478 modo

399 1491 534 1521 brevem
559 1491 763 1531 produceret
789 1493 964 1532 syllabam,
989 1495 1086 1526 modo

399 1540 546 1570 vocalem
573 1549 636 1570 non
668 1540 858 1572 absumeret
886 1547 965 1573 ante
992 1553 1086 1574 voca·

398 1587 474 1618 lein.
521 1588 612 1618 Nihil
626 1590 685 1628 me]
709 1589 802 1620 Nihil
818 1591 988 1630 mejuvat.

439 1639 458 1666 3
498 1636 626 1675 Amore]
663 1636 787 1668 Amore
818 1639 948 1678 Lycisci
978 1640 1083 1678 pueri.

397 1684 589 1723 Perculsum]
608 1684 682 1714 Non
693 1685 815 1715 damno
826 1686 1086 1726 equidem,post-

397 1741 496 1772 quam
519 1741 560 1762 eo
575 1732 738 1764 vocabulo
753 1743 856 1774 usque
873 1734 956 1765 adeo
969 1745 1003 1765 se
1013 1736 1085 1775 jac-

398 1786 446 1811 tat
473 1780 587 1812 Lamb.
611 1781 718 1813 codex
749 1786 858 1813 tamen
890 1784 1084 1814 Laurentia-

398 1840 470 1865 nus,
498 1831 596 1869 longe
629 1830 851 1870 fidelissimus,
873 1837 908 1861 et
935 1832 989 1862 ulii
1019 1832 1084 1862 duo

397 1880 406 1895 ‘
423 1877 633 1917 percussum’
659 1878 804 1917 liabent3
832 1884 868 1910 ut
891 1883 925 1909 et
952 1884 1084 1911 veteres

398 1925 530 1965 Virgilii
546 1925 747 1956 membranae
765 1926 890 1966 Georg.
903 1935 945 1958 11.
968 1931 977 1947 ¹
995 1928 1084 1959 Qua-

398 1983 470 2005 rum
499 1983 598 2005 sacra
637 1973 708 2005 fero
745 1975 870 2014 ingenti
907 1983 1082 2014 percussus

398 2022 533 2053 amore.'
575 2022 629 2052 Ad
653 2023 797 2053 animum
815 2023 903 2053 enim
926 2022 1083 2062 refertur,

397 2075 434 2100 ut
449 2069 577 2105 πλήττω
593 2071 680 2109 apud
698 2070 847 2101 Graecos.

438 2120 459 2148 4
481 2118 609 2156 Amore]
632 2119 693 2148 Est
708 2118 934 2157 Anndiplosis.

438 2169 457 2195 5
482 2165 644 2204 Mollibus]
675 2166 848 2204 Delicatis,
864 2165 1062 2196 formosulis.

438 2216 458 2244 7
482 2214 547 2245 Hic
569 2215 679 2245 tertius
693 2214 872 2254 December]
897 2214 990 2245 Ordo
1006 2219 1080 2245 estz

396 2261 464 2293 Hic
483 2263 598 2293 tertius
616 2262 806 2293 December
820 2263 871 2302 (id
888 2266 950 2302 est,
964 2263 1084 2302 annus)

397 2310 527 2342 decutit
541 2311 644 2350 sylvis
659 2312 829 2350 honorem,
854 2312 887 2342 id
909 2316 974 2351 est,
994 2311 1082 2343 fron-

397 2358 466 2395 des,
482 2368 556 2399 quae
573 2364 650 2390 suut
672 2360 823 2391 arborum
848 2361 951 2392 honos
973 2366 1008 2392 et
1031 2371 1082 2393 or-

397 2413 598 2439 numentum.

439 2461 459 2488 8
483 2459 610 2489 Inachia
625 2459 750 2499 furere]
773 2458 873 2490 Liber
889 2460 1082 2491 LaurentIa-

398 2515 459 2537 nus
474 2506 634 2538 Inachiam
648 2507 743 2546 legit,
758 2512 795 2538 et
809 2508 856 2538 sic
869 2508 989 2546 legisse
1001 2512 1083 2548 puto

398 2559 545 2596 veterem
561 2556 792 2595 interpretem.
826 2555 951 2586 Inachia
958 2556 1080 2596 furere]

395 2603 568 2634 Inachiam
583 2614 704 2635 amare.

438 2654 459 2680 9
481 2651 579 2683 Silvis
605 2652 761 2692 honorem]
802 2653 880 2684 Non
915 2653 1080 2693 gravabor

397 2697 524 2730 referre
549 2701 636 2740 quod
658 2701 783 2732 vetusti
798 2701 924 2733 codicis
939 2702 1079 2741 margini

398 2745 605 2787 adscriptum
628 2749 798 2790 comperi:
831 2749 887 2782 ‘A
912 2758 980 2782 ιιι.
1005 2750 1081 2782 Kal.

847 292 987 321 NOTAE
1023 293 1280 324 VARroRUM
1318 296 1366 324 ΙΝ

1133 383 1214 415 Julii
1243 393 1345 424 usque
1368 393 1434 415 xu.
1464 385 1540 416 Kal.
1551 385 1711 418 ssaffanti
1737 389 1817 421 eeti-

1134 432 1188 463 die
1203 432 1319 463 deficit
1335 442 1454 463 succus
1469 433 1661 466 arboribus:
1689 435 1817 468 Quum

1135 480 1244 510 verbis
1259 489 1373 510 caussa
1390 480 1541 511 redditur
1562 489 1623 512 cur
1638 482 1818 516 Deoembri

1135 532 1249 558 mense
1277 529 1481 567 potissimum
1505 530 1659 561 arborum
1685 530 1818 563 stondes

1136 582 1170 607 et
1185 578 1373 617 pulcritudo
1385 579 1489 609 omnis
1504 579 1818 618 penitus’defieiut.

1136 626 1192 656 Sic
1204 627 1290 656 enim
1313 632 1350 658 et
1364 628 1456 668 Virg.
1493 630 1504 646 ‘
1518 627 1618 659 Silvis
1630 627 1752 669 'Aquilo
1763 628 1820 660 de-

1136 674 1239 704 cussit
1253 674 1434 706 bouorem’
1451 680 1486 706 et
1506 676 1626 707 Horat.
1641 685 1666 707 1.
1681 676 1751 708 Od.
1768 679 1819 708 1⁷.

1137 726 1145 739 ‘
1163 722 1247 752 ruris
1263 722 1404 753 honores
1416 726 1424 739 ¹
1436 722 1550 763 fruges
1562 728 1597 754 et
1609 730 1750 755 messem
1765 734 1821 756 vo·

1136 774 1210 808 cat;
1231 773 1240 787 ‘
1259 771 1402 802 Honoris
1418 771 1426 785 ’
1439 772 1526 802 enim
1551 772 1712 803 vocabulo
1728 772 1819 804 varie
1858 794 1861 797 ,

1134 823 1272 850 utuntur
1298 820 1432 851 Poetae:
1457 830 1524 861 qua
1553 819 1596 850 de
1620 829 1656 850 re
1678 821 1819 853 Nonius,

1136 866 1202 896 Hic
1217 873 1310 898 certe
1332 867 1434 898 decus
1460 873 1562 908 atque
1584 873 1738 899 ornatum
1753 869 1820 908 sig-

1135 913 1262 944 nificat.

1179 965 1217 992 ll
1242 963 1376 1002 Fabula]
1400 963 1508 994 Qumn
1523 964 1645 995 multus
1657 973 1765 995 sermo
1777 964 1820 995 de

1136 1020 1188 1042 me.
1202 1004 1402 1042 habitus‘est
1418 1014 1555 1051 propter
1569 1012 1716 1044 Inachiae
1731 1022 1820 1044 amo·

1137 1067 1207 1090 rem
1218 1059 1230 1089 ?

1181 1110 1221 1139 12
1244 1107 1457 1139 Conviviorum
1487 1111 1518 1139 et
1544 1109 1685 1150 paenitet]
1719 1108 1822 1141 Liber

1137 1165 1221 1187 unus
1231 1166 1248 1187 e
1262 1157 1385 1187 uostris
1396 1156 1616 1198 Convitiorum,
1626 1158 1685 1188 sed
1701 1165 1822 1199 repug-

1136 1209 1216 1235 nant
1230 1214 1270 1234 eu
1289 1214 1363 1245 quae
1386 1210 1585 1245 sequantur.
1618 1206 1756 1237 Mallem
1771 1207 1820 1238 sic

1137 1253 1268 1292 legere:
1304 1253 1420 1284 Fabula
1445 1257 1559 1293 quanta
1575 1255 1630 1292 sni
1661 1255 1821 1286 Convivia-

1137 1301 1226 1334 rum?
1247 1302 1304 1333 heu
1317 1303 1453 1342 poenitet.
1485 1303 1586 1341 Nam,
1598 1306 1640 1339 et,
1656 1303 1821 1343 particula

1138 1351 1216 1381 mihi
1233 1351 1287 1382 hic
1309 1352 1448 1382 molesta
1470 1356 1542 1390 θείς
1563 1357 1598 1383 et
1612 1362 1678 1392 quo
1690 1351 1820 1383 facilius

1138 1403 1299 1439 mutetur,
1313 1409 1350 1430 en
1363 1409 1424 1440 pro
1433 1401 1490 1431 heu
1500 1409 1589 1440 saepe
1598 1401 1759 1440 scriptum
1771 1401 1820 1432 in·

1139 1449 1264 1479 venias.
1322 1448 1475 1480 Accedat
1513 1449 1601 1490 quod
1635 1449 1819 1481 istiusmodi

1139 1497 1345 1528 sermonibus
1367 1498 1510 1528 maxime
1538 1499 1570 1529 in
1591 1498 1819 1529 conviviislo-

1139 1553 1196 1574 cus
1218 1549 1282 1583 est,
1297 1545 1398 1575 etiam
1425 1550 1591 1584 praesente
1612 1555 1664 1586 eo,
1689 1546 1732 1578 de
1753 1556 1819 1588 quo

1138 1601 1198 1631 per
1213 1593 1328 1632 jocum
1356 1598 1546 1633 narrentur,
1565 1599 1604 1626 ut
1625 1604 1650 1626 1.
1673 1595 1742 1627 Od.
1765 1599 1819 1627 2⁷.

1139 1641 1287 1671 vidimus.
1309 1642 1432 1673 Juven.
1467 1642 1477 1658 ‘
1493 1642 1528 1673 It
1543 1652 1628 1674 nova
1643 1652 1704 1682 per
1718 1653 1820 1675 cunc·

1138 1691 1188 1717 tas
1204 1697 1266 1718 nec
1282 1689 1386 1719 tristis
1400 1689 1510 1720 fabula
1526 1691 1662 1722 coenaess

1179 1738 1219 1765 13
1245 1736 1281 1766 In
1291 1736 1373 1775 queis
1382 1739 1549 1778 amantem]
1565 1738 1606 1768 In
1614 1739 1733 1779 quibus
1742 1749 1821 1771 con·

1137 1782 1233 1813 viviis
1258 1784 1408 1824 languor,
1434 1785 1466 1815 id
1485 1790 1549 1824 est,
1575 1787 1694 1826 pallor,
1718 1788 1820 1818 silen-

1139 1831 1230 1867 tium,
1248 1837 1282 1863 et
1301 1833 1455 1874 suspiria,
1482 1833 1604 1866 iudicia
1618 1839 1715 1866 erunt
1730 1845 1819 1867 amo-

1137 1880 1180 1910 ris
1195 1881 1270 1911 mei.
1294 1881 1487 1921 [Bamberg.
1500 1886 1651 1914 amntem
1665 1884 1820 1924 tanguam]

1179 1931 1217 1959 14
1241 1930 1372 1970 Arguit]
1397 1931 1570 1962 Probavit.
1597 1933 1749 1964 Etlatere
1760 1933 1820 1963 imo

1133 1978 1250 2016 petitus
1261 1978 1402 2018 spiritus]
1423 1979 1608 2019 Suspirium
1617 1981 1659 2013 ab
1670 1982 1736 2012 imo
1746 1991 1820 2021 pro·

1137 2026 1284 2057 ductum.

1179 2076 1219 2104 16
1242 2074 1413 2114 Contraque
1449 2076 1579 2115 lucrum]
1614 2076 1706 2107 Beue
1736 2076 1819 2107 Cru—

1137 2121 1231 2159 qnius
1246 2121 1402 2152 Contrane
1414 2123 1550 2152 lum-um:
1571 2132 1643 2153 eam
1655 2124 1741 2155 enim
1751 2125 1818 2155 lec-

1135 2168 1259 2198 tionem
1285 2168 1316 2198 in
1342 2178 1460 2199 novem
1485 2170 1732 2209 exemplaribus
1748 2181 1820 2212 rep-

1136 2217 1219 2256 peri,
1234 2222 1269 2247 et
1290 2217 1425 2256 quidem
1448 2227 1522 2248 cum
1543 2218 1818 2259 interrogationis

1135 2264 1229 2304 signo
1245 2270 1319 2304 post
1330 2265 1502 2304 ingeniume
1526 2269 1564 2296 ut
1579 2269 1684 2297 totum
1712 2268 1793 2298 illud
1809 2278 1817 2300 ε

1138 2313 1290 2343 Contrane
1316 2313 1433 2343 lucrum
1454 2313 1500 2344 nil
1530 2314 1632 2344 valere
1658 2315 1818 2347 candidum

1134 2361 1286 2401 Pauperis
1299 2360 1479 2399 ingenium?
1502 2362 1547 2393 sit
1555 2364 1698 2395 amantis
1712 2365 1820 2396 oratio

1134 2409 1176 2439 ad
1192 2418 1279 2448 eum,
1293 2410 1344 2440 cui
1359 2409 1574 2449 querebatur.
1617 2411 1726 2442 Paulo
1738 2417 1819 2444 ante

1134 2466 1266 2498 qnoque
1283 2466 1364 2496 pro:
1387 2457 1422 2488 in
1434 2458 1519 2497 queis
1532 2468 1618 2490 amor
1631 2463 1662 2491 et
1675 2461 1819 2501 languor,
1837 2498 1842 2502 ⁴

1133 2515 1218 2536 amor
1232 2506 1374 2544 languor,
1391 2506 1462 2536 sine
1474 2510 1516 2546 et,
1529 2507 1563 2538 in
1574 2507 1693 2540 iisdem
1704 2509 1818 2541 scribi-

1135 2561 1200 2586 tur.
1245 2555 1434 2587 Communis
1450 2560 1560 2587 autem
1573 2558 1719 2590 omnium
1734 2559 1818 2590 Poe'-

1137 2608 1244 2635 tarum
1259 2603 1301 2634 de
1318 2603 1528 2635 meretricum
1540 2606 1724 2645 rapacitate
1739 2615 1817 2647 que-

1134 2653 1274 2684 rimonia
1297 2656 1360 2693 est,
1381 2657 1422 2684 ut
1449 2657 1485 2684 et
1508 2653 1756 2687 adolescentum
1781 2655 1815 2686 iu

1134 2700 1323 2733 Comoediis.
1379 2701 1604 2742 Conqueritur
1630 2702 1717 2737 enim
1743 2701 1814 2733 Ho-

1135 2749 1241 2781 ratius
1249 2749 1328 2780 nihil
1341 2758 1438 2790 posse
1450 2758 1544 2782 suum
1553 2749 1720 2791 ingenium
1735 2757 1813 2780 cun-
