1930 3204
394 283 504 325 1604

394 394 452 416 nes
468 389 503 415 et
517 384 707 423 smaragdos
721 387 861 423 gestare.

435 437 477 465 82
512 433 612 472 Atque
653 432 748 462 etiam
789 434 896 463 melius
928 434 1077 474 persepe]

392 482 585 516 Quinetiam
611 489 699 520 saepe
726 479 834 511 femur
859 481 1000 522 plebeiae
1021 491 1077 513 an-

391 531 479 562 cillae
494 529 670 560 decentius
685 533 750 560 est.

434 582 474 609 83
499 578 633 608 Mer-cem
645 577 710 608 sine
721 577 824 617 sucis]
847 578 976 617 Corpus
991 587 1078 609 mer-

390 627 556 658 cenarium
573 631 636 657 est.
673 626 799 666 Gestat]
811 627 941 667 Togata
957 631 1078 667 gestat.

391 675 487 715 [Vat.
501 678 532 706 1.
546 680 576 707 5.
593 680 628 707 et
644 676 822 708 Barberin.
836 679 865 707 1.
886 677 1052 716 apertum]

433 728 475 756 84
499 725 631 756 Honesti
645 726 705 765 est]
724 725 759 756 Si
774 724 855 765 quid
871 725 1002 764 pulchri
1016 729 1078 756 est.

390 774 486 814 [Vat.
503 774 615 804 Paiat.
637 776 670 805 3.
695 778 732 805 et
759 773 906 805 Chisian.
919 777 952 805 2.
974 775 1079 805 leones·

390 825 457 852 tum
470 822 542 862 εει]
608 849 612 851 .

431 872 472 900 85
494 870 622 901 «Iactat.-
654 870 801 910 habetque
826 871 946 911 palam]
980 870 1077 903 Quod

388 916 521 949 faciunt
536 923 710 949 matronae.
747 918 872 953 Quaerit
886 930 944 959 quo
959 918 1077 959 turpia]

389 966 466 997 Nec
481 967 605 1007 quaerit
618 967 782 1007 quomodo
795 977 854 998 sua
866 969 980 1008 turpia
989 970 1079 1000 celet

391 1018 570 1045 amatores.

431 1065 474 1094 86
495 1062 648 1102 Regibus]
670 1062 793 1094 Mirum
813 1073 906 1102 sane,
922 1064 1079 1095 vetustis-

389 1110 507 1142 simum
523 1109 701 1150 quemdam
723 1110 800 1141 cod.
815 1111 870 1142 hic
894 1120 1011 1142 novam
1026 1121 1079 1143 or-

389 1159 454 1190 diri
481 1159 664 1200 Eclogam3
693 1159 776 1190 alios
799 1170 879 1191 vero
906 1161 990 1192 Mss.
1014 1170 1079 1192 non

388 1217 511 1238 novum
524 1206 661 1247 quidem
673 1206 806 1238 titulum
823 1217 1006 1248 apponere,
1020 1208 1078 1238 sed

389 1261 503 1287 tamen
519 1255 740 1296 distinguere.
760 1257 900 1287 Torrent-
934 1256 1080 1296 Opertos]

389 1306 485 1336 Bene
511 1305 596 1336 hanc
619 1305 798 1336 lectionem
824 1310 939 1336 tuetur
962 1304 1080 1335 Lamb.

389 1363 453 1394 pro
467 1356 599 1393 apertos,
615 1353 703 1393 qnod
720 1358 830 1383 tamen
847 1353 880 1383 in
896 1363 963 1383 uno
979 1356 1081 1393 atque

390 1402 499 1433 altero
514 1402 591 1432 cod.
608 1402 741 1441 legitur.
760 1401 900 1432 Tor-rent.
938 1400 1082 1440 Opertos]

389 1451 501 1492 Equos
517 1453 639 1481 tectos.
685 1449 808 1488 [Codd.
824 1458 878 1490 ap.
893 1448 1014 1487 Jacck,
1029 1449 1082 1488 qui

390 1509 453 1540 pro
469 1498 549 1538 ubi]

432 1550 473 1578 88
496 1546 588 1578 Molli
601 1546 689 1584 fulta
710 1548 800 1588 pede]
821 1548 831 1564 ‘
846 1547 1001 1578 Mollem·
1024 1556 1081 1578 au-

391 1599 460 1627 tem
487 1595 609 1635 pedem
631 1605 707 1626 cum
733 1595 828 1635 dicit,
853 1605 953 1626 crura.
969 1595 1080 1626 ‘imbe-

390 1643 468 1675 cilla
493 1647 529 1674 et
553 1643 708 1673 vitiosam
735 1644 891 1683 ungulam
918 1643 1081 1681 intellige.

394 1694 535 1724 Torrent-
591 1693 684 1724 Molli
708 1693 796 1732 fulta
827 1695 917 1734 pede]
948 1694 1083 1724 Tenera

389 1745 527 1784 ungula.
565 1744 712 1783 Inducat]
722 1744 882 1784 Decipiat
895 1749 1082 1784 emptorem

391 1793 595 1834 cupientem,
609 1793 697 1834 quod
712 1793 896 1833 accideret,
912 1793 939 1823 si
956 1799 1084 1824 emeret

390 1852 512 1883 equum
528 1846 694 1883 apertum.

434 1895 477 1923 90
498 1891 609 1931 Recte]
632 1892 741 1923 Recte
761 1891 902 1924 faciunt.
947 1894 997 1924 Ne
1017 1904 1082 1925 cor-

387 1941 475 1980 poris
489 1939 618 1980 optima]
642 1940 695 1971 Ne
719 1940 870 1980 corporis
897 1947 1013 1981 partes
1029 1951 1084 1973 ve-

391 1989 599 2019 nustissimas
636 1989 882 2028 contempleris.
939 1987 1086 2030 Lynceis]

392 2037 533 2075 Legitur
558 2036 660 2066 etiam
683 2036 806 2066 Lim-eis
829 2042 863 2066 et
889 2037 1026 2077 Lyncei;
1048 2043 1084 2069 et

392 2084 594 2122 contemplare
611 2091 671 2120 pro
685 2083 906 2121 contemplere.-
929 2093 991 2115 nee
1015 2085 1083 2114 dis·

394 2129 513 2169 plicet,
541 2134 579 2159 ut
607 2129 800 2168 imperantis
831 2131 886 2160 sit.
932 2131 976 2161 Et
1007 2137 1084 2161 nota

395 2176 530 2218 quidem
565 2177 607 2207 de
637 2177 762 2217 Lyncei
798 2178 967 2208 oculorum
1005 2188 1082 2209 aeu-

395 2227 483 2257 mine
501 2236 520 2257 a
537 2224 651 2257 Poetis
668 2225 803 2257 tradita.
824 2226 963 2257 Tor-rent.
999 2228 1082 2268 Lyn-

395 2275 470 2314 ceis]
483 2274 600 2306 Oculis
611 2274 825 2312 acutissimis,
838 2275 952 2314 quales
967 2275 1082 2306 habuit

395 2325 562 2363 Lynceus.

438 2374 478 2402 91
505 2371 542 2402 H
542 2380 645 2411 ypsoea
659 2370 764 2400 caecior
778 2371 847 2410 illa]
865 2371 988 2402 Melius
1002 2372 1084 2404 Mss.

397 2420 544 2462 quinque
573 2420 709 2460 Hypaea
733 2420 841 2450 coecim·
866 2420 944 2460 ipsa.
992 2421 1083 2461 Hyp-

354 2462 360 2467 ’
398 2479 478 2500 soeus
508 2476 617 2499 autem
647 2468 855 2498 Plautiorum
889 2477 1084 2508 cognomen.

398 2519 491 2549 Male
515 2517 617 2557 igitur
638 2517 844 2557 interpretes
861 2517 1031 2548 Planciam
1051 2522 1086 2548 et

398 2567 549 2598 Placiam
566 2571 698 2597 vocant.
730 2565 797 2596 Sed
811 2566 865 2597 hic
880 2566 1085 2596 librariorum

399 2624 492 2646 error
513 2620 577 2646 est.
619 2614 757 2655 Hypsea
775 2614 883 2645 coecz'or
898 2614 967 2655 illa]
991 2615 1087 2655 Hyp-

400 2671 467 2692 saea
485 2662 619 2694 vitiosos
634 2663 751 2695 habuit
765 2665 888 2695 oculos.

442 2713 482 2740 92
513 2711 652 2751 spectes]
682 2712 736 2744 Ne
765 2718 900 2753 spectes
929 2712 998 2751 illa,
1023 2714 1086 2743 διο.

405 2759 434 2789 0
447 2768 529 2799 crus,
540 2769 556 2790 o
571 2760 709 2801 brachia]
729 2761 842 2794 Verba
856 2765 934 2794 sunt
949 2760 1085 2793 laudan-

837 293 977 324 NOTAE
1013 294 1267 326 VARIORUM
1302 297 1351 326 IN

1125 387 1167 417 tis
1184 391 1344 427 togatam.
1387 388 1510 424 Verum,
1522 389 1590 429 ξω]
1610 388 1720 421 Verba
1733 395 1811 424 sunt

1125 436 1275 475 ejusdem
1291 436 1445 477 quaedam
1464 437 1682 478 improbantis
1703 439 1737 470 in
1762 444 1812 471 to-

1125 487 1214 523 gata.

1166 534 1208 562 93
1222 533 1379 574 Depygis]
1396 534 1470 564 Duo
1480 534 1702 575 antiquissimi
1713 535 1812 568 codd.

1125 580 1252 619 depugis
1263 590 1275 613 .·
1292 585 1329 612 ut
1343 591 1432 622 mox,
1447 582 1458 599 ‘
1471 586 1507 613 ut
1519 583 1644 614 nummi
1661 589 1813 623 pereant,

1126 633 1184 658 aut
1213 629 1328 668 puga‚'
1355 639 1417 670 pro
1444 641 1539 671 wgo,
1565 631 1688 663 Graece
1716 631 1811 671 πυγή·

1125 676 1213 707 unde
1225 676 1354 716 ἄπνγος,
1364 679 1451 718 quod
1463 680 1518 711 hic
1529 681 1677 720 depygs'u
1691 685 1727 713 et
1737 691 1815 713 con·

1127 725 1263 756 trarium
1285 726 1414 764 εὔπνγος
1435 731 1469 758 et
1483 726 1689 767 καλλίπυγος.
1732 729 1814 760 Fes-

1126 776 1178 803 tus
1204 779 1315 805 autem
1345 776 1609 816 ‘suppernatos'
1633 777 1721 817 apud
1748 777 1814 808 Ro-

1126 829 1239 852 manos
1255 823 1363 853 vocari
1379 824 1438 858 ait,
1463 824 1582 864 quibus
1597 823 1722 856 femina
1736 830 1814 856 sunt

1125 869 1252 900 succisa
1276 870 1309 900 in
1335 871 1467 902 modum
1499 881 1676 911 pernarum
1703 873 1815 904 suilla-

1127 925 1210 955 rum,
1251 917 1359 949 citans
1395 919 1480 950 hunc
1518 921 1618 951 Ennii
1659 931 1812 953 versum:

1125 965 1135 982 ⁴
1155 965 1218 995 His
1234 973 1354 1003 pernas
1369 967 1514 997 succidit
1530 968 1651 1008 iniqua,
1662 971 1814 1009 potentia

1127 1012 1247 1044 Poeni!
1289 1013 1357 1044 Sed
1385 1018 1421 1044 et
1448 1014 1555 1054 Epod.
1579 1023 1661 1047 vm.
1681 1018 1692 1034 ⁶
1709 1018 1814 1049 arida

1127 1065 1233 1100 nates,
1242 1062 1439 1102 Venterque
1455 1063 1575 1103 mollis,
1589 1068 1624 1095 et
1637 1063 1748 1096 femur
1765 1071 1816 1096 tu-

1128 1109 1294 1141 mentibus
1319 1111 1414 1143 Exile
1441 1111 1527 1142 suris
1554 1111 1729 1151 additum,’
1754 1113 1817 1144 im-

1128 1158 1324 1198 probantur.
1343 1160 1481 1191 Tamne.
1533 1160 1692 1201 Depygis]
1706 1161 1813 1193 Nate·

1127 1206 1252 1238 habens
1281 1216 1422 1245 macras,
1445 1209 1512 1248 vel,
1533 1213 1570 1240 ut
1601 1209 1658 1240 alii
1687 1210 1815 1246 volunt,

1129 1265 1273 1296 magnas·

1171 1308 1211 1336 94
1237 1305 1294 1336 Mt
1317 1315 1439 1337 cernere
1456 1306 1570 1346 possis]
1592 1306 1670 1338 Non
1688 1311 1816 1340 cetera

1129 1352 1288 1385 membra.
1547 1389 1552 1391 ,

1171 1404 1211 1432 95
1230 1401 1338 1442 Catia]
1358 1403 1501 1434 Nomine
1517 1407 1612 1434 tenus
1627 1407 1811 1435 matronam

1130 1450 1290 1490 intellige,
1317 1451 1557 1491 impudicitiam
1589 1457 1660 1483 toto
1698 1452 1814 1484 habitu

1130 1498 1368 1539 proferentem.
1389 1501 1530 1532 Tor-rent.
1567 1502 1659 1533 Catia
1673 1501 1735 1542 eat]
1752 1503 1815 1534 Ca·

1129 1550 1187 1590 tia,
1203 1551 1351 1591 quamvis
1366 1556 1529 1591 matrona,
1551 1554 1675 1584 vestitu
1691 1553 1816 1584 brevis-

1131 1598 1214 1628 simo
1242 1599 1411 1630 utebatur.
1463 1600 1607 1631 Demissis
1631 1600 1729 1640 veste]
1761 1601 1816 1632 Ad

1131 1647 1216 1678 talos
1232 1657 1348 1687 usque.

1172 1697 1215 1725 96
1229 1695 1414 1734 Interdicta]
1430 1696 1499 1727 Pro
1514 1696 1740 1734 interdictam.
1757 1709 1815 1732 seu

1129 1742 1206 1781 lege
1232 1744 1368 1774 vetitam
1391 1744 1555 1774 Venerem
1582 1750 1818 1778 matronarum.

1133 1790 1274 1823 Torreat.
1328 1791 1500 1823 Inter-dicta
1527 1793 1626 1833 pelea]
1656 1794 1691 1825 Si
1723 1800 1818 1834 petes

1131 1843 1310 1876 matronas,
1337 1849 1418 1880 quas
1442 1840 1632 1872 adulterare
1653 1842 1747 1882 leges
1764 1852 1819 1874 ve-

1133 1892 1216 1919 tant.
1267 1888 1353 1920 Vallo
1371 1889 1574 1930 circumdata]
1595 1890 1681 1922 Quae
1705 1897 1817 1922 custo·

1133 1936 1194 1966 diis
1211 1941 1367 1977 tanquam
1395 1937 1481 1968 vallo
1499 1937 1705 1969 muniuntur.
1748 1938 1820 1978 [In-

1134 1985 1263 2016 terdicta
1283 1986 1374 2024 pedes
1395 1985 1495 2030 codd.
1523 1995 1576 2026 ap.
1604 1986 1719 2018 Feam.
1737 1988 1819 2027 petis

1135 2033 1177 2062 al.
1193 2042 1247 2072 ap.
1263 2033 1398 2073 Jaeck]
1473 2031 1475 2033 ’

1175 2083 1215 2112 97
1241 2082 1311 2112 Hoc
1334 2082 1420 2119 facit
1443 2082 1598 2122 insanum]
1629 2082 1817 2114 Difficultas

1135 2130 1301 2168 potiundi.

1175 2179 1216 2206 98
1232 2176 1372 2216 Lectica]
1390 2177 1464 2207 Non
1480 2178 1570 2208 illam
1585 2177 1736 2218 intelligo
1752 2188 1816 2219 qua

1133 2230 1291 2255 matronae
1306 2224 1500 2256 ferebantur
1516 2226 1549 2255 in
1563 2225 1743 2265 publicum,
1757 2227 1816 2258 sed

1132 2274 1270 2303 interius
1285 2273 1422 2314 aliquod
1437 2273 1554 2304 aedium
1571 2274 1740 2312 conclave,
1752 2284 1817 2315 qno

1134 2330 1169 2352 se
1196 2321 1429 2352 continebant:
1462 2321 1569 2362 qualis
1597 2322 1736 2354 lecticula
1763 2323 1819 2354 illa

1134 2370 1338 2400 lucubratoria
1356 2369 1493 2409 Augusti
1513 2369 1600 2409 apud
1624 2370 1817 2402 Suetonium

1135 2419 1205 2459 ejus
1220 2419 1311 2457 Vita,
1331 2428 1406 2459 cap.
1422 2420 1475 2449 78.
1500 2419 1638 2449 Torrent-
1679 2418 1819 2460 Lectica]

1135 2466 1346 2497 Vehiculum.
1392 2466 1574 2507 Cimflones]
1595 2466 1691 2498 Idem
1708 2468 1764 2508 qui
1784 2473 1819 2499 et

1136 2516 1146 2533 ‘
1158 2515 1309 2547 cinerarii
1321 2515 1341 2554 ;’
1355 2516 1411 2556 qui
1426 2525 1558 2556 nempe,
1573 2520 1610 2546 ut
1625 2521 1720 2547 vetus
1732 2526 1820 2549 com-

1137 2570 1305 2596 mentator
1321 2565 1434 2602 tradit,
1449 2574 1528 2596 acus
1543 2569 1579 2596 et
1601 2568 1718 2595 veruta
1737 2563 1818 2596 flan-

1137 2614 1180 2645 do
1209 2614 1241 2644 in
1270 2614 1382 2644 cinere
1423 2612 1670 2644 calefaciebant
1697 2613 1816 2654 quibus

1137 2663 1363 2703 crisparentur
1378 2662 1507 2694 crines:
1531 2672 1605 2702 quae
1619 2662 1815 2696 iustrumen-

1138 2718 1172 2744 ta
1181 2714 1287 2744 Varro
1302 2712 1344 2744 de
1361 2713 1456 2752 Ling.
1470 2713 1546 2744 Lat.
1563 2711 1622 2743 lib.
1634 2720 1681 2743 tv.
1703 2712 1714 2728 ¹
1725 2711 1813 2742 cala-

1136 2761 1267 2793 mistros
1279 2759 1288 2775 ’
1310 2765 1421 2801 vocat,
1441 2760 1528 2802 quod
1543 2760 1584 2792 iis
1599 2758 1764 2792 calefactis
1778 2758 1813 2790 in
