1930 3204
493 307 701 340 HORA'm
733 307 1012 341 SERMONUM
1048 309 1142 339 mu.
1176 309 1206 339 1.
1235 299 1278 339 4.

160 405 207 437 At
221 405 327 446 pater]
346 404 409 436 Est
422 403 656 445 antypopliora
669 401 711 433 ad
722 401 860 432 convin-

160 454 305 486 cendum
328 463 444 485 eorum
467 455 716 492 argumentum,
729 450 786 491 qui
809 451 859 481 di-

160 509 243 535 cunt
268 503 469 535 comoediam
489 510 617 533 merum
635 509 710 531 esse
731 509 858 531 sermo—

160 563 248 585 nem.

201 606 246 636 49
259 602 375 643 Sava]
388 601 560 641 Irascitur,
573 603 612 632 ut
621 600 756 631 Demea
766 599 857 641 apud

160 652 371 685 Terentium.
415 651 537 692 Nepos]
559 649 766 682 Luxuriosus
788 650 857 681 hel-

158 705 228 736 luo.
270 701 421 742 Insanus]
444 702 552 733 Recte
568 709 588 731 a
603 699 718 740 priore
734 699 857 731 editio-

160 763 217 791 ne,
252 762 329 796 quae
363 751 482 783 insanit
523 749 687 790 habebat,
725 749 858 781 recedit

160 803 278 835 Lamb.
291 811 367 834 nam
380 801 508 832 insanus
518 799 643 831 habeut
655 799 762 830 nostri
776 808 856 839 quo—

159 862 227 894 que
251 850 466 883 vetustissimi
489 848 637 881 codices.
683 848 857 889 Displicu-

158 906 235 934 erat
255 899 535 933 Grammaticulis
565 898 765 940 quibusdam
790 898 857 930 dno

158 951 312 992 epitheta
327 950 386 982 nni
401 949 529 982 nomini
543 948 683 990 adjungi
705 948 778 979 sine
802 957 858 980 co-

158 1001 249 1043 pula.
276 1001 418 1032 Torreat.

200 1053 241 1081 51
266 1050 350 1082 Ante
363 1047 499 1088 noctem]
519 1047 622 1079 Claro
639 1047 705 1080 die.

201 1103 244 1133 52
270 1100 496 1141 cumsacilms]
520 1099 605 1131 Cum
620 1098 751 1131 facibus
768 1108 858 1130 ama·

159 1155 252 1183 tores
267 1151 458 1182 invisebant
471 1149 614 1182 amasias
628 1159 718 1181 suas.
762 1150 858 1180 Pom-

154 1201 283 1242 panius]
306 1199 515 1241 Pomponius
534 1199 732 1231 adolescens
746 1199 859 1231 libidi-

158 1258 272 1290 nosus,
306 1259 406 1291 quem
435 1249 560 1280 Horat.
590 1249 727 1281 vellicat
763 1250 859 1291 quasi

158 1298 250 1330 aliud
274 1309 389 1340 agens.
433 1299 634 1340 [Pompinius
648 1299 727 1331 Vat.
750 1302 800 1330 13.
820 1304 856 1331 et

157 1348 255 1380 Vatt.
271 1349 368 1381 Rom.
381 1352 413 1380 5.
426 1349 475 1389 6.]

201 1400 243 1429 53
266 1398 399 1430 Audire:
418 1397 549 1438 leviora]
579 1398 653 1430 Imo
681 1408 776 1439 aeque
803 1408 854 1430 as-

157 1457 241 1489 pere
261 1449 514 1490 objurgaretur.
558 1447 676 1488 Pater]
708 1449 854 1490 Pompo-

155 1499 204 1530 nii
221 1504 329 1541 pater.
804 1518 807 1519 ν

197 1553 240 1581 65
266 1549 381 1590 Quem]
397 1550 509 1582 Quem
526 1558 671 1581 versum.

199 1601 242 1631 ⁵6
255 1599 450 1631 Personam
461 1603 553 1640 pacto
563 1598 673 1640 pater]
697 1599 855 1631 Comicus

155 1653 268 1690 pater,
281 1650 338 1691 qui
353 1649 461 1691 patris
476 1658 657 1690 personam
679 1649 713 1680 in
730 1659 855 1681 comoe-

155 1699 214 1732 dia
226 1701 380 1733 sustinet.
425 1700 504 1742 His,
518 1710 576 1739 ego
596 1710 666 1740 quoe
687 1701 783 1742 nunc]
819 1701 855 1732 si

154 1750 281 1792 eripias
295 1750 346 1782 his
359 1750 564 1782 carminibus
579 1759 655 1791 quae
670 1759 759 1781 nunc
772 1750 855 1781 scri-

155 1799 214 1840 bo,
229 1802 294 1831 &c-

200 1851 243 1881 58
260 1849 408 1890 Tempora
422 1849 522 1890 certa]
545 1849 713 1881 Nimirum
729 1859 789 1891 pro
803 1861 855 1882 ra-

155 1899 251 1931 tione
269 1904 306 1932 et
320 1899 495 1931 PoEmatis
511 1908 655 1940 genere3
678 1900 745 1931 alia
766 1911 856 1933 nam-

157 1959 224 1992 que
239 1954 293 1982 est
306 1950 439 1982 heroica
455 1949 632 1990 dimensio,
647 1950 714 1982 alia
729 1951 854 1992 elegia-

157 2009 211 2040 ca,
240 1999 397 2041 iambica,
424 2002 490 2032 &c.
527 2000 622 2040 Cruq.

155 2049 367 2091 Syllabarum
383 2049 622 2091 quantitatem.

197 2101 241 2130 60
264 2099 352 2140 Non,
367 2103 404 2131 ut
416 2100 446 2131 si
458 2099 574 2140 solvas]
602 2099 681 2131 Non
698 2099 746 2131 ita
761 2100 853 2132 inve-

155 2148 242 2190 nies,
266 2148 548 2190 quemadmodum
575 2148 604 2179 si
627 2150 738 2180 solvas
764 2150 853 2182 hunc

155 2208 288 2230 versum
304 2199 506 2239 Ennianum,
521 2198 593 2230 scil.
607 2198 778 2240 Postquam
787 2200 851 2231 dis-

154 2249 270 2286 cordia,
284 2251 338 2289 dfe.

195 2301 236 2330 61
258 2298 506 2339 Belliferratos]
526 2298 654 2330 Versus
671 2299 772 2330 Ennii
792 2309 851 2331 no—

154 2349 316 2388 tissimus,
329 2357 430 2389 quem
454 2357 521 2379 non
545 2357 613 2379 uno
635 2348 670 2378 iu
687 2349 764 2379 loco
778 2349 853 2379 imi-

154 2403 247 2430 tatus
266 2402 320 2429 est
332 2397 511 2438 Virgilius,
524 2398 534 2415 ‘
549 2397 761 2429 Clauduntur
781 2398 853 2429 bel-

155 2448 179 2478 li
195 2445 329 2487 portae?
375 2446 433 2482 Et,
458 2446 468 2464 ⁴
481 2445 628 2476 Cardine
642 2455 753 2486 verso,
764 2446 854 2477 Belli

154 2496 301 2527 ferratos
317 2495 412 2536 rupit
431 2494 588 2526 Saturnia
604 2494 744 2535 postes?
788 2496 853 2528 Lu-

154 2553 233 2577 men
250 2548 366 2576 autem
380 2548 416 2575 et
431 2543 540 2575 Ennio
556 2547 592 2575 et
607 2544 753 2584 Virgilio
767 2554 854 2585 prae-

155 2594 227 2626 fert
252 2593 459 2625 Plutarchus
481 2593 515 2624 in
542 2592 667 2633 Numa,
690 2593 749 2624 nbi
773 2594 854 2627 Jani

155 2645 318 2685 templum
339 2642 459 2674 Romae
483 2647 600 2683 portas
615 2643 734 2674 scribit
749 2643 854 2675 habu·

154 2697 221 2728 isse
248 2693 388 2729 bifores,
414 2695 637 2733 vocatamque
663 2692 745 2724 belli
776 2703 855 2733 por-

155 2750 237 2778 tam.
280 2742 372 2774 Vide
397 2741 456 2774 lib.
481 2751 531 2774 iv.
554 2742 622 2774 Od.
641 2745 692 2774 15.
711 2746 747 2773 et
769 2743 854 2774 Tur-

154 2795 232 2827 neb.
248 2803 285 2825 v.
300 2795 331 2824 3.
347 2791 492 2823 Advers.
522 2791 669 2824 Torreat.

195 2847 238 2877 62
264 2842 400 2882 Disiecti
411 2840 546 2874 membru
561 2841 685 2883 Po‘efeae]
708 2842 854 2875 Lacera-

692 2001 855 2043 Tempora]

1500 296 1614 338 1623

911 404 937 434 ti
954 403 1074 436 Poe‘tae
1091 403 1249 443 vestigia..

950 455 992 484 63
1018 454 1182 485 Hactenus
1193 451 1273 492 haec]
1301 449 1480 482 Hactenus
1496 453 1611 482 utrum

908 503 1032 544 Satyra
1045 507 1080 535 et
1096 502 1272 535 Comoedia
1283 500 1350 532 sint
1361 499 1504 541 poema3
1519 499 1612 542 quod

910 553 1074 585 Horatius
1091 563 1157 585 non
1180 552 1325 584 dubitat.
1370 550 1475 590 Alias,
1488 549 1612 589 ,iustum

906 603 963 642 sit,
978 613 1034 635 nec
1047 613 1098 643 ne,
1109 602 1232 644 po'e'ma]
1257 601 1336 634 Alio
1350 605 1504 642 tempore
1518 609 1612 641 qnae-

907 664 1032 687 remus.

949 707 991 736 64
1017 705 1184 740 Qua-ram.-
1209 703 1374 744 meritone]
1406 703 1566 736 Quaeram
1591 711 1613 733 a

908 757 955 789 te,
971 764 991 784 o
1008 753 1172 784 Romane.

947 805 988 834 65
1005 801 1184 842 scribendi]
1208 803 1340 843 Salyrae
1356 802 1411 832 vel
1424 801 1610 833 Comoediae

907 862 1027 893 genus.
1070 852 1210 893 Sulcius]
1227 852 1351 883 Plures
1367 850 1446 881 libri
1462 860 1610 882 manuss.

908 904 1057 943 Fulgium
1074 909 1133 935 aut
1147 903 1293 934 Falciam
1308 905 1455 933 vocant:
1469 900 1512 932 de
1531 910 1610 941 quo,

907 962 1017 995 neque
1033 953 1076 984 de
1096 953 1224 993 Capria,
1239 951 1423 993 quicquam
1438 959 1493 982 me
1509 950 1610 991 legis-

907 1012 943 1034 se
972 1003 1121 1035 memini.
1164 1002 1358 1034 Acerrimos
1389 1005 1610 1032 accusatores

907 1052 1014 1084 fuisse
1029 1052 1238 1084 credendum
1256 1057 1321 1083 est.
1347 1050 1491 1081 Torrent-
1536 1050 1612 1081 Sul-

907 1103 974 1133 cius
986 1101 1071 1142 acer]
1095 1101 1284 1134 Accusator
1299 1100 1497 1136 acerrimus,
1509 1099 1556 1132 sic
1573 1103 1611 1131 et

910 1151 1067 1200 Caprius²

949 1205 992 1234 66
1015 1203 1117 1234 Rauca·
1131 1203 1221 1241 male,
1238 1198 1382 1240 cumque]
1396 1197 1610 1230 Assiduitate

907 1253 1030 1292 agendi
1060 1252 1159 1284 valde
1190 1250 1295 1282 rauci.
1339 1247 1485 1289 Libellis]
1524 1247 1610 1279 Cum

904 1302 1030 1334 libellis
1053 1301 1288 1340 accusatoriis,
1310 1300 1343 1330 in
1366 1298 1488 1340 quibus
1505 1299 1609 1330 male-

902 1351 1041 1384 ficorum
1067 1357 1102 1384 et
1127 1351 1262 1383 nomina
1286 1354 1322 1381 et
1344 1348 1485 1380 crimina
1510 1352 1611 1379 erant

906 1402 1044 1442 scripta.

947 1453 989 1482 67
1015 1451 1119 1482 Timor
1133 1448 1322 1489 latronibus]
1356 1439 1513 1489 Ut'erque
1528 1447 1607 1478 hor-

904 1502 1010 1534 ribilis
1027 1502 1228 1534 latronibus.
1518 1538 1522 1541 Ι

948 1555 990 1584 68
1014 1553 1059 1583 Et
1071 1551 1162 1592 puris
1174 1551 1261 1581 vivat
1276 1547 1432 1588 manibus]
1454 1547 1491 1579 Si
1510 1546 1605 1578 vivat

905 1601 1059 1633 manibus
1083 1611 1104 1633 a
1127 1601 1256 1631 scelere
1280 1597 1383 1639 puris.
1427 1596 1527 1628 Puris
1541 1606 1608 1627 ma-

905 1651 1009 1692 nibus]
1028 1651 1085 1682 Sic
1107 1650 1149 1681 de
1172 1649 1251 1680 Tito
1271 1648 1368 1679 Suet.
1397 1647 1406 1663 ‘
1422 1645 1609 1678 Pontifica-

906 1706 978 1732 tum
992 1700 1174 1732 maximum
1186 1699 1265 1729 ideo
1277 1707 1313 1728 se
1328 1694 1502 1736 professus
1518 1696 1609 1727 acci-

907 1758 1002 1790 pere,
1028 1753 1067 1780 ut
1092 1757 1195 1789 puras
1222 1751 1375 1777 servaret
1398 1745 1540 1776 manus!
1563 1746 1609 1776 Et

906 1807 962 1831 ιιι.
978 1798 1046 1829 Od.
1061 1801 1116 1829 24.
1138 1798 1148 1815 ‘
1162 1796 1326 1827 Immunis
1341 1804 1431 1825 aram
1447 1794 1475 1825 si
1491 1794 1610 1835 tetigit

905 1847 1046 1879 manus.'
1071 1847 1161 1878 Torr.
1206 1846 1270 1886 [Et
1283 1845 1370 1876 vivat
1385 1845 1526 1876 manibus
1534 1854 1607 1886 pro-

902 1897 983 1938 priis
995 1898 1075 1929 Vat.
1092 1896 1141 1936 9.]

946 1951 989 1979 69
1015 1948 1059 1979 Ut
1078 1947 1123 1978 sie
1143 1949 1178 1977 tu
1192 1945 1304 1977 similis
1322 1945 1403 1976 Coeli
1425 1945 1608 1986 Byrrhique

902 1997 1070 2038 latronum]
1104 1995 1266 2030 Quamvis
1283 2001 1320 2027 tu
1336 1995 1381 2027 sis
1398 1994 1516 2027 similis
1529 1995 1605 2027 Coe-

902 2048 939 2088 li,
956 2050 1021 2079 &c.

944 2101 987 2130 ⁷0
1011 2098 1084 2129 Non
1100 2107 1156 2137 ego
1171 2097 1245 2137 sim]
1268 2096 1393 2128 Plures
1419 2096 1512 2136 libri,
1533 2097 1605 2128 Non

900 2158 958 2188 ego
981 2158 1059 2188 sum,
1079 2147 1167 2179 baud
1193 2147 1296 2178 dubie
1321 2146 1495 2187 apertius:
1529 2155 1605 2177 sen-

899 2199 1009 2231 tentia
1024 2199 1114 2231 enim
1130 2202 1202 2230 est:
1230 2198 1442 2238 Quamquam
1458 2201 1496 2228 tu
1512 2195 1604 2228 forte

901 2249 987 2281 Coeli
1011 2249 1182 2290 Byrrique
1211 2247 1254 2278 sis
1284 2247 1415 2282 similis,
1442 2255 1510 2278 non
1541 2255 1606 2287 ego

899 2300 1004 2331 Sulcii
1019 2308 1090 2330 sum
1107 2302 1166 2329 aut
1183 2297 1319 2336 Caprii:
1353 2306 1416 2328 cur
1437 2305 1520 2337 ergo
1534 2305 1605 2326 ine-

901 2354 990 2380 tuas.
1025 2349 1166 2379 Turrem.
1225 2347 1302 2376 Non
1323 2355 1381 2384 ego
1404 2345 1464 2376 sim
1474 2343 1601 2385 'Capri‚

900 2407 998 2437 neque
1012 2397 1120 2427 Sulci:
1142 2404 1196 2426 cur
1210 2394 1345 2434 metuas]
1377 2394 1434 2425 Sic
1451 2403 1514 2433 ego
1530 2403 1604 2424 sum

902 2444 1159 2477 accusatoribus
1184 2443 1366 2483 dissimilis,
1387 2451 1448 2474 cur
1472 2446 1604 2473 metuas

902 2505 956 2527 me
968 2495 980 2525 ?

944 2547 985 2576 71
1022 2543 1119 2575 Nulla
1144 2541 1273 2573 taberna
1294 2551 1375 2573 meos
1394 2539 1521 2581 habeat]
1559 2541 1605 2572 Et

902 2603 962 2626 cur
979 2593 1029 2624 vis
1045 2595 1197 2624 metuere
1213 2591 1241 2621 si
1255 2592 1350 2622 nulla
1369 2591 1524 2630 taberna,
1537 2592 1604 2622 διο.

904 2641 1062 2681 Taberna]
1099 2641 1240 2672 Taberna
1263 2639 1357 2671 dicta
1379 2649 1423 2671 ex
1447 2648 1488 2671 eo
1513 2639 1603 2680 quod

902 2692 1027 2724 tabulis
1054 2691 1240 2728 clauditur,
1268 2693 1307 2720 ut
1337 2689 1440 2721 Juris.
1473 2690 1604 2729 volunt,

902 2752 999 2774 omne
1017 2740 1060 2772 ad
1081 2738 1305 2771 habitandum
1321 2738 1405 2770 utile
1421 2736 1603 2770 aedificium

901 2790 1083 2832 significat.
1140 2788 1242 2819 Unde
1271 2787 1536 2819 ‘tabernacula’
1566 2788 1602 2819 in

901 2840 1037 2878 castris,
1060 2837 1214 2881 quamvis
1236 2837 1384 2879 pellibus
1406 2831 1530 2880 postea
1550 2841 1600 2869 te-
