1890 3230
410 265 518 330 1760

451 393 491 421 83
515 391 647 422 Ridetur
651 390 746 431 fictis,
754 390 870 430 rerum]
882 390 938 421 Sic
951 384 1013 422 hoc
1021 390 1092 431 ipso

408 438 466 471 lib.
481 439 551 470 Sat.
565 447 604 469 u.
627 438 636 455 ‘
651 438 836 478 Corruptus
850 439 939 473 vanis
963 439 1095 470 rerum.’

409 489 523 522 Fletus
541 491 653 518 autem
669 487 798 518 Vibidii
813 487 912 528 jocus
931 488 972 521 de
988 487 1094 519 fracta

409 536 549 575 lagena;
576 536 630 566 cui
659 536 792 575 egregie
820 541 855 566 et
883 536 954 575 ipse
978 536 1094 576 jocum

407 593 556 623 movens,
571 581 739 625 tamquam
755 585 809 615 cui
831 581 992 618 secundas
1013 594 1091 625 age-

407 638 473 671 ret,
500 633 667 664 subservit
690 633 852 664 Balatro:
875 634 938 664 hoc
954 639 992 664 ut
1009 639 1090 673 puto

408 682 480 712 vult
507 682 681 713 Horatius.
716 682 802 712 Torr.
848 682 983 713 Ridetur
1000 681 1091 722 fictis

406 740 507 761 rerum
524 731 689 771 Balatrone
701 731 843 771 secundo]
857 730 1015 762 Secundus
1026 735 1090 768 est,

406 781 422 809 ὃ
444 780 542 819 μῖμος,
556 780 572 809 ὁ
588 779 760 818 ὑποκριτὴς,
775 779 896 817 histrio,
911 780 1020 810 mimus
1030 790 1040 809 .·
1062 780 1090 809 is

406 829 462 869 qui
489 828 574 860 risus
598 839 700 860 causa
721 834 850 868 gestum
878 828 1017 866 alicujus
1032 837 1090 857 ex-

406 878 569 917 primitet
585 871 710 907 verba(
753 877 846 906 Talis
862 881 934 905 erat
949 875 1011 906 iste
1024 876 1091 906 Ba-

405 927 503 956 latro.
546 925 655 955 Etiam
678 923 777 963 infra,
796 929 909 963 partes
924 923 1089 954 secundas

406 980 518 1013 vocat,
542 984 607 1005 uon
631 974 688 1005 τὰς
709 975 765 1020 τρῦ
791 971 1012 1014 δευτερολόγου
1034 977 1092 1005 aut

406 1024 796 1063 δευτεραγωνιστοῦ,ἠιιω
828 1023 962 1062 proprie
987 1023 1035 1053 ita
1056 1022 1089 1052 in

405 1082 506 1103 scena
522 1073 692 1111 dicuntur,
709 1072 767 1102 sed
781 1072 884 1111 ipsius
898 1070 999 1106 mimi,
1015 1080 1089 1102 cum

404 1121 542 1162 alicujus
557 1121 715 1161 exprimit
731 1120 831 1151 verba
848 1130 856 1150 z
873 1121 881 1137 ‘
892 1121 938 1150 Ut
951 1130 1089 1160 puerum

406 1179 495 1201 saevo
519 1170 636 1201 credas
662 1169 790 1201 dictata
813 1169 973 1208 magistro
999 1170 1088 1200 Red-

405 1222 497 1259 dere,
522 1222 574 1252 vel
591 1225 705 1262 partes
722 1221 856 1251 mimum
872 1225 1020 1252 tractare
1036 1230 1087 1252 se-

405 1270 555 1302 cundas!
597 1271 685 1300 Tum
710 1270 816 1300 omnis
843 1269 956 1300 Poesis
972 1269 1003 1300 in
1021 1270 1092 1300 imi-

405 1319 534 1350 tatione
561 1319 725 1350 consistit.
768 1318 835 1351 Qui
860 1318 1009 1350 imitatur
1031 1329 1088 1350 au-

405 1373 482 1403 tem,
507 1369 672 1399 sccundus
689 1372 740 1399 est
756 1368 798 1398 ab
814 1377 853 1398 eo
869 1377 965 1408 quem
979 1369 1086 1399 imita-

406 1424 471 1448 tur.
518 1419 606 1458 Ergo
623 1411 740 1448 Poetae
757 1422 833 1447 sunt
849 1418 986 1448 secundi
1003 1428 1022 1447 a
1037 1427 1086 1448 re-

404 1468 476 1500 bus.
500 1469 659 1500 Heinsius.
703 1469 804 1499 Fictis
818 1469 934 1508 rerum]
957 1467 1013 1498 Ob
1036 1477 1087 1498 res

403 1516 574 1548 confictas.
630 1516 779 1556 Secundo]
816 1517 996 1547 Balatrone
1030 1526 1087 1556 ap-

405 1565 595 1605 plaudente.

446 1615 485 1642 84
510 1613 608 1643 Redis
623 1615 749 1642 mulaloe
762 1611 896 1649 frontis]
922 1610 1024 1640 Redis
1041 1612 1086 1640 hi-

403 1661 514 1691 larior.

430 1713 485 1746 ,85
508 1708 692 1748 Fortunam]
708 1706 892 1739 Fortuitum
909 1706 1087 1738 aulaeorum

403 1769 525 1790 casum.
1073 1763 1075 1765 ’

446 1810 487 1838 86
511 1808 687 1838 Mazonomo
696 1805 822 1845 magno]
834 1805 873 1836 In
889 1805 985 1836 lance
1001 1814 1088 1845 prae-

404 1857 531 1897 grandi.

446 1909 487 1936 88
522 1906 692 1944 pinguibus
720 1909 750 1936 et
765 1905 841 1946 ficis
862 1907 983 1944 pastum
997 1903 1088 1941 Jecur

359 1962 363 1965 ’
404 1957 521 1986 anseris
535 1955 612 1994 albi]
635 1951 881 1994 Anserisjecur
904 1953 936 1982 in
959 1952 1086 1982 deliciis

403 2004 506 2035 fnisse
522 2005 668 2035 ostendit
689 2005 787 2034 etiam
810 2002 995 2040 Juvenalis,
1014 2002 1086 2032 Sat.

406 2062 439 2084 v.
461 2053 471 2069 ‘
485 2053 623 2083 Anseris
639 2057 716 2083 ante
732 2053 838 2092 ipsum
857 2051 966 2090 magni
978 2051 1089 2090 jecur,

404 2101 574 2132 anseribus
588 2111 646 2141 par
662 2099 794 2132 Altius!
838 2098 935 2130 Adde
952 2099 978 2128 si
994 2099 1087 2129 lubet

402 2151 608 2189 Turnebum,
630 2159 712 2181 xur.
728 2152 779 2180 17.
797 2153 832 2178 et
849 2157 909 2179 xx.
925 2150 976 2178 34.
996 2148 1085 2178 Mar-

405 2200 474 2229 tial.
503 2207 582 2229 Χιιῐ.
611 2201 663 2228 58.
692 2198 781 2228 Plin.
813 2206 847 2226 x.
872 2200 923 2226 22.
949 2197 1087 2225 Torrent.

408 2248 534 2277 Pastum
540 2244 642 2283 jecur]
658 2245 862 2284 Saginatum.

446 2297 487 2326 89
527 2295 569 2324 Ut
604 2294 697 2324 multo
734 2290 873 2329 suavius]
915 2291 1084 2332 Tanquam

405 2344 507 2375 multo
523 2342 709 2373 delicatius.

446 2394 486 2421 90
522 2393 648 2421 Pectore
684 2389 806 2428 adusto]
847 2387 1019 2418 Videndus
1051 2389 1084 2418 in

405 2443 491 2472 hunc
507 2441 614 2471 locum
630 2439 771 2476 Gellius,
785 2446 842 2468 xv.
854 2440 883 2468 8.
907 2437 1086 2476 Negabant

405 2491 492 2522 enim
509 2490 594 2530 gulae
609 2487 759 2528 magistri
776 2487 876 2517 ullam
891 2495 985 2516 avem
1001 2495 1084 2525 prae-

406 2546 458 2571 ter
482 2538 658 2570 ficedulam
686 2541 790 2567 totam
811 2544 960 2566 comesse
989 2544 1085 2573 opor-

405 2596 487 2620 tere.
532 2587 597 2618 Sed
615 2586 740 2625 optime
754 2585 859 2615 Varro
875 2583 965 2623 apud
983 2583 1085 2614 Noni-

405 2647 458 2668 um
472 2647 481 2667 :
505 2637 513 2653 ‘
529 2636 706 2666 Dominum
722 2633 876 2667 convivii,
890 2633 1014 2671 vinum,
1028 2632 1085 2662 ali-

407 2686 492 2716 udve
513 2684 604 2725 quid,
633 2684 666 2714 ni
693 2681 851 2714 laudato)
894 2682 940 2712 At
965 2681 998 2711 in
1021 2681 1084 2712 lioc

405 2734 557 2766 convivio
572 2733 681 2763 omnia
697 2736 822 2772 praeter
836 2732 1003 2764 dominum
1019 2731 1084 2762 lau-

407 2783 536 2813 dantur.
563 2782 703 2812 Torreat.

862 298 999 331 NOTAE
1032 298 1287 331 VARIORUM
1313 301 1372 336 ,ΙΝ

1133 375 1136 380 ,
1157 398 1159 400 ·
1185 394 1223 422 91
1253 392 1391 428 Vidimus
1404 396 1435 423 et
1457 379 1602 434 merulas]
1626 387 1750 424 Postea
1763 393 1823 434 eti-

1145 449 1195 470 am
1227 437 1369 471 merulas
1399 440 1492 471 nobis
1519 442 1640 481 apponi
1671 441 1822 480 vidimus,

1145 498 1211 519 non
1227 499 1330 529 assas,
1341 490 1398 520 sed
1412 489 1532 526 adusto
1548 495 1696 530 pectore,
1707 494 1743 521 et
1755 491 1823 531 syl-

1147 542 1273 568 vestres
1290 539 1472 578 palumbes,
1495 533 1612 579 quib‘us
1637 539 1750 574 clunes
1765 540 1824 570 ad-

1147 587 1227 616 emti
1260 591 1367 618 erant.
1425 588 1525 619 Certe
1552 597 1604 619 res
1640 597 1758 620 suaves
1788 592 1823 619 et

1144 636 1289 666 lautitias
1314 645 1377 666 non
1402 637 1672 672 contemnendae,
1691 637 1722 669 si
1744 635 1822 668 con-

1135 683 1222 714 .vivii
1237 683 1387 715 dominus
1415 685 1610 716 Nasidienus
1630 683 1745 716 'earum
1770 695 1821 715 re-

1144 742 1213 764 rum
1243 743 1376 765 caussas
1399 745 1464 765 nou
1496 740 1660 771 narraret,
1697 744 1822 776 suaque

1143 783 1340 821 garrulitate
1351 793 1507 815 nauseam
1522 783 1615 815 nobis
1626 784 1822 819 concitaret,

1143 836 1177 861 et
1199 831 1400 863 ferculorum
1419 839 1553 864 naturas
1577 833 1704 873 prolixe
1727 832 1822 863 nobis

1142 880 1361 920 exposuisset.
1413 881 1515 912 Certe
1540 891 1636 922 quern
1666 881 1823 913 Nasidie-

1143 936 1230 962 num.
1252 937 1310 958 nos
1331 929 1479 959 convivae
1495 929 1566 968 ejus
1591 930 1822 967 garrulitatem

1143 977 1215 1014 ulti,
1236 981 1410 1017 surgentes
1434 981 1470 1007 et
1498 977 1659 1007 abeuntes
1673 977 1720 1008 sic
1735 977 1822 1017 fugi-

1142 1032 1228 1064 mus,
1254 1029 1291 1055 ut
1320 1026 1412 1056 cibos
1433 1025 1506 1065 ejus
1531 1025 1770 1064 fastidii-eunus,
1786 1030 1840 1057 et'

1143 1083 1216 1104 cum
1232 1083 1291 1104 nos
1309 1074 1426 1104 odiosa
1446 1084 1504 1104 sua
1521 1069 1726 1105 uerbositate
1744 1084 1822 1106 vex·
1847 1071 1850 1072 ⁷

1143 1127 1230 1162 aret,
1254 1123 1334 1152 nihil
1357 1123 1489 1154 omnino
1521 1122 1740 1163 gustaremus,
1756 1125 1823 1155 vel·

1141 1171 1189 1202 uti
1206 1171 1234 1202 si
1250 1171 1332 1202 cibis
1346 1172 1487 1202 Canidia
1503 1172 1652 1204 venetica
1676 1178 1718 1204 et-
1739 1174 1820 1205 atris

1140 1220 1535 1260 Africanisserpentibns
1558 1223 1665 1261 pejor,
1680 1231 1821 1252 venena-

1140 1276 1174 1301 to
1190 1280 1248 1301 sno
1270 1270 1402 1310 spiritu,
1431 1269 1589 1308 afflasset,
1614 1271 1752 1311 illosque
1776 1272 1820 1302 ci-

1139 1320 1198 1351 bos
1215 1324 1396 1353 venenatos
1408 1325 1442 1350 et
1458 1318 1642 1351 mortiferos
1660 1320 1822 1350 reddidis-

1139 1375 1202 1400 set.
1226 1369 1371 1400 Lubinus.
1414 1368 1514 1407 Puni]
1537 1368 1684 1410 Apponi.

1180 1421 1221 1448 92
1243 1418 1357 1449 Suaves
1381 1418 1446 1457 res]
1468 1418 1662 1458 Existentes
1680 1427 1732 1448 res
1748 1428 1820 1448 sua-

1141 1478 1209 1498 ves.
1253 1468 1355 1498 Hunc
1375 1467 1474 1498 etiam
1498 1467 1530 1497 in
1554 1466 1686 1498 modum
1715 1467 1758 1498 de
1775 1466 1833 1514 A„

1141 1521 1220 1546 nate
1242 1517 1377 1555 scripsit
1402 1516 1590 1547 Martialis:
1628 1517 1735 1547 ‘Tota
1760 1516 1821 1547 tibi

1141 1570 1284 1603 ponetur
1307 1574 1400 1599 anns,
1430 1564 1486 1594 sed
1513 1569 1653 1603 pectore
1691 1569 1819 1594 tantum

1142 1613 1183 1641 Et
1198 1612 1328 1648 cervice
1351 1613 1460 1650 sspit;
1485 1617 1610 1642 caetera
1637 1611 1740 1642 redde
1765 1621 1821 1642 co-

1141 1659 1230 1697 quo?
1255 1659 1356 1690 Quasi
1374 1659 1406 1688 in
1419 1659 1593 1698 particulis
1607 1659 1744 1698 majores
1755 1659 1821 1690 sint

1142 1707 1283 1750 delitiae,
1305 1717 1402 1746 quam
1427 1708 1459 1738 in
1488 1707 1578 1738 totis.
1593 1714 1650 1737 ant
1666 1706 1747 1738 feris
1762 1711 1820 1738 ant

1141 1756 1267 1786 avibus.
1312 1757 1434 1786 Verum
1450 1756 1538 1796 quod
1556 1756 1714 1786 Horatius
1739 1756 1821 1787 nihil

1140 1814 1235 1845 qnam
1247 1804 1365 1839 rideat,
1379 1805 1427 1834 vel
1440 1804 1516 1835 hinc
1531 1803 1743 1840 manifestum
1756 1809 1819 1846 est,

1140 1854 1227 1893 quod
1249 1853 1352 1883 dicit:
1382 1853 1444 1884 nisi
1465 1863 1586 1884 caussas
1606 1857 1745 1884 narraret
1770 1863 1820 1884 ea-

1138 1914 1207 1934 rum
1222 1907 1250 1934 et
1269 1904 1407 1935 Naturas
1420 1904 1558 1935 dominus
1569 1914 1580 1934 .-
1601 1905 1662 1935 lioc
1679 1908 1743 1944 est,
1759 1913 1820 1944 per

1140 1951 1172 1982 ἓν
1186 1952 1234 1983 διὰ
1247 1951 1318 1990 δύω,
1332 1962 1462 1983 caussas
1478 1953 1656 1991 naturales,
1670 1963 1729 1984 cnr
1745 1962 1820 1992 par-

1139 2006 1190 2032 tes
1207 2005 1320 2032 essent
1343 2001 1421 2032 totis
1436 2011 1527 2040 saepe
1543 2006 1578 2032 et
1594 2002 1732 2041 integris
1747 2011 1820 2032 cor-

1139 2051 1286 2091 poribus,
1308 2055 1366 2081 ant
1392 2051 1464 2081 aliae
1489 2051 1560 2083 aliis
1583 2050 1819 2090 praeferendae.

1139 2101 1250 2132 Quid?
1273 2110 1313 2130 an
1332 2109 1395 2131 non
1419 2101 1481 2131 hoc
1506 2100 1694 2131 consentiat
1717 2099 1819 2140 signis

1138 2150 1300 2188 Catianis,
1315 2150 1433 2189 quibus
1455 2159 1542 2180 nova
1564 2159 1623 2180 sua
1647 2152 1821 2193 praecepta

1134 2195 1292 2233 ὀψοποιΐας
1306 2197 1514 2232 stabilienda,
1524 2197 1719 2235 cunctisque
1738 2197 1818 2226 alio-

1138 2254 1209 2274 rum
1228 2243 1409 2283 praeceptis
1425 2242 1651 2281 praeponenda
1662 2243 1817 2281 judicat?

1136 2293 1222 2322 Vide
1245 2291 1332 2322 Plin.
1347 2300 1383 2321 x.
1398 2294 1449 2320 50.
1474 2295 1510 2321 et
1535 2291 1575 2321 A.
1592 2291 1738 2322 Gellium
1755 2300 1820 2322 xv.

1137 2344 1168 2372 8.
1213 2340 1381 2381 Ejusmodi
1393 2345 1503 2370 antem
1518 2340 1647 2371 delitiae'
1657 2339 1817 2380 ciborum,

1138 2390 1266 2421 Graecis
1282 2387 1436 2427 τραχήλια
1459 2388 1591 2428 proprie
1607 2388 1817 2419 nominantur

1138 2447 1180 2468 ex
1218 2437 1389 2477 particulis
1430 2437 1543 2467 recisis
1578 2437 1701 2475 avium,
1723 2438 1817 2478 quasi

1139 2487 1313 2518 truncatis.
1356 2485 1442 2516 Vide
1467 2485 1663 2516 Athenaeum
1684 2485 1744 2516 lib.
1760 2495 1815 2517 ur.

1137 2535 1204 2575 περὶ
1219 2534 1407 2574 ἑφθοπωλίου
1421 2539 1456 2564 et
1472 2543 1512 2564 11.
1535 2539 1751 2566 numerantur
1768 2535 1816 2565 in·

1139 2589 1191 2615 ter
1221 2583 1387 2623 ἀκροκώλια
1417 2582 1506 2622 apud
1532 2582 1664 2613 Celsum
1688 2590 1728 2613 11.
1764 2585 1816 2614 19.

1139 2643 1221 2673 quos
1236 2634 1245 2649 ‘
1264 2633 1433 2663 trunculos
1443 2631 1452 2644 '
1474 2635 1572 2662 vocat
1584 2641 1603 2662 a
1618 2631 1816 2670 truncando,

1137 2686 1172 2713 et
1187 2692 1259 2722 cap.
1275 2684 1325 2712 22.
1355 2681 1410 2712 ubi
1435 2680 1581 2711 trunculi
1595 2689 1689 2711 suum
1706 2684 1742 2711 et
1758 2689 1814 2719 pe-

1137 2731 1222 2765 tioli,
1237 2733 1299 2762 &c.
1348 2731 1467 2761 Causas
1484 2731 1623 2760 narraret
1638 2728 1758 2768 earum]
1778 2729 1813 2760 Si

1136 2779 1230 2811 nobis
1258 2788 1321 2810 non
1345 2778 1520 2810 recitasset
1540 2786 1657 2809 causas
1679 2781 1812 2808 natura-
