1982 3230
597 293 953 326 nms'romnum
992 296 1085 328 ms.
1119 297 1149 327 1.
1182 285 1250 327 16.
1538 285 1651 327 1167

197 389 446 432 Contendat
464 390 628 443 laqueo
645 387 807 430 collum
830 390 1047 443 pressisse
1066 394 1312 444 paternum,

196 457 406 500 Mordear
422 455 676 511 opprobriis
695 455 821 497 falsis
842 461 1094 510 mutemque
1113 457 1286 499 colores
1298 457 1318 496 'l

195 524 357 566 Falsus
375 523 516 565 honor
527 523 672 578 juvat,
692 526 738 564 et
754 522 946 564 mendax
966 523 1144 564 infamia
1166 527 1310 572 terret,

195 590 356 642 Quem,
390 590 478 632 nisi
511 589 771 632 mendosum
807 595 855 632 et
886 590 1235 632 medicandum?
1285 588 1371 631 Vir
1403 590 1548 632 bonus
1586 594 1654 632 est

310 658 414 712 quis
428 659 449 699 ‘t
1592 661 1651 699 40

195 724 286 776 Qui
306 725 510 767 consulta
528 728 716 779 patrum,
737 726 816 780 qui
834 725 960 779 leges
975 725 1167 779 juraque
1188 730 1361 777 servat3

193 790 298 843 Quo
318 792 471 834 multae
492 804 755 846 magnaeque
778 797 985 835 secantur
998 793 1150 848 judice
1170 793 1295 845 lites;

194 858 296 910 Quo
317 871 388 900 res
409 870 625 912 sponsore
645 863 690 900 et
710 872 798 913 quo
819 872 967 901 causae
991 864 1100 902 teste
1119 864 1336 902 tenentur.

191 1008 335 1042 meran·
356 1013 397 1035 un
415 1004 568 1045 percellas·
581 1004 680 1043 salsis
701 1003 773 1035 istis
793 1003 1076 1044 criminationibus,
1090 1008 1147 1036 aut
1161 1007 1389 1047 expallescam?
1423 1007 1535 1039 Inanis
1551 1010 1656 1048 gloria

192 1047 339 1088 delectat,
361 1051 392 1078 et
407 1046 494 1085 subu
517 1046 702 1078 contumelia
722 1049 873 1086 exterret,
893 1056 1029 1087 ecquem,
1051 1048 1114 1078 nisi
1137 1049 1285 1080 vitiosum
1302 1054 1334 1082 et
1348 1049 1523 1089 fallacem?
1565 1051 1656 1090 Age.-

193 1089 263 1129 (μὴ
277 1092 324 1121 est
337 1090 389 1120 vir
406 1089 543 1130 probus?
589 1089 653 1125 Qui
666 1089 781 1128 edicta,
797 1089 852 1129 qui
867 1089 951 1128 ceges
964 1093 995 1121 et
1010 1090 1161 1123 instituta
1175 1092 1330 1130 mqiorum
1343 1093 1487 1125 observat
1497 1105 1507 1125 .-
1528 1103 1588 1134 quo
1601 1095 1655 1132 ju-

192 1131 260 1163 dice
281 1131 475 1163 dirimuntur
492 1132 599 1172 plures
622 1135 654 1163 et
672 1141 787 1171 graves
809 1133 1049 1164 controversioe:
1071 1143 1131 1174 quo
1142 1134 1357 1176 astipulatore,
1371 1145 1430 1176 quo
1445 1137 1656 1167 testimonium

801 1225 1043 1239 OWOOONO

194 1301 295 1335 codd.
308 1311 364 1343 ap.
379 1302 583 1334 Palm—ss
607 1306 615 1320 ¹
632 1301 746 1341 Magis
763 1301 862 1332 uobis
878 1301 1006 1332 arridet
1023 1305 1175 1334 mutemve
1189 1313 1290 1343 quam
1306 1307 1491 1343 mutemque.
1530 1305 1656 1337 Verum

192 1343 382 1377 Particulae
396 1353 467 1385 que,
481 1353 532 1382 ne,
546 1348 581 1373 et
596 1352 633 1373 te
648 1341 828 1382 frequente
845 1351 981 1373 rei-rore
1002 1343 1232 1374 Librariorum
1253 1345 1529 1376 commiscentur.
1574 1347 1658 1378 Tres

193 1386 335 1428 cruquii
361 1386 500 1417 codices
523 1392 599 1415 cum
622 1383 751 1415 Vetere
776 1383 967 1424 interprete
1000 1394 1063 1425 pro
1089 1385 1204 1416 colores
1226 1386 1383 1427 legerunt
1407 1387 1550 1426 colorem,
1565 1389 1657 1429 quod

192 1432 323 1460 rectum
339 1431 406 1459 est.
451 1426 578 1459 Nescio
595 1435 655 1457 cur
670 1425 922 1457 eruditissimus
938 1426 1115 1458 Bentlelns
1139 1429 1333 1469 praetnlerit
1356 1428 1420 1461 hoc
1438 1429 1510 1461 loco
1527 1430 1657 1462 Plurali

193 1469 348 1502 Numero
361 1470 489 1509 colores,
503 1469 568 1500 etsi
584 1466 702 1499 forsan
719 1468 827 1499 rarius
843 1474 1003 1500 occurrat
1017 1469 1051 1500 in
1070 1470 1129 1501 tali
1146 1470 1272 1502 sensn.'
1287 1471 1390 1503 Bau-t.
1427 1473 1436 1488 ‘
1457 1472 1658 1505 Lectionem

192 1511 272 1544 edd.
296 1517 382 1544 vett.
410 1520 487 1544 cum
515 1510 674 1543 Bentleio
701 1510 930 1542 revocandum
959 1511 1090 1552 putavi,
1112 1517 1274 1555 tanquam
1291 1513 1562 1555 exquisitiorem,
1577 1516 1658 1557 qnia

192 1554 315 1587 erebro
331 1555 496 1597 pallorem
513 1553 741 1594 ruboremque
758 1554 808 1585 ire
832 1563 872 1585 ac
898 1553 1010 1585 redire
1027 1554 1219 1595 significat:
1244 1555 1303 1587 sed
1328 1566 1391 1597 per
1413 1557 1657 1598 interrogatio·

193 1606 269 1630 nem
285 1596 420 1629 extuli!
443 1595 544 1628 Zeun.
588 1599 742 1628 mntemve
756 1596 887 1628 colorem
903 1596 999 1629 Harl.
1015 1599 1047 1629 1.
1063 1602 1099 1628 et
1116 1598 1174 1629 alii
1191 1598 1292 1630 codd.
1309 1608 1362 1639 ap.
1378 1599 1501 1632 Jaeck.
1525 1604 1656 1632 mutem-

193 1650 251 1680 que
263 1640 380 1672 colom
393 1639 492 1671 Harl.
504 1641 537 1671 2.
553 1640 584 1670 3.
602 1641 635 1670 4.
651 1641 684 1670 6.
698 1641 730 1671 7.
746 1642 783 1670 et
798 1639 878 1670 Vet.
893 1639 1013 1671 Comb.
1036 1643 1209 1681 mutemque
1234 1641 1346 1673 coloris
1368 1641 1552 1683 Bamberg.
1577 1644 1656 1674 colo-

191 1691 258 1715 rem
272 1683 375 1714 etiam
391 1682 510 1714 Zarot.
529 1686 563 1712 et
580 1681 818 1721 Cuning.-39
840 1681 956 1713 Faesus
981 1683 1132 1714 nonnulli
1150 1682 1250 1715 codd.
1276 1694 1331 1724 ap.
1351 1683 1564 1716 ‚jaeck—40
1587 1685 1657 1717 Pro

192 1725 405 1758 mercandum
431 1723 665 1756 Schoenborn.
677 1725 711 1755 2.
727 1726 758 1755 8.
773 1726 804 1755 4.
828 1723 927 1756 Harl.
941 1727 973 1756 2.
991 1727 1022 1756 8.
1038 1727 1070 1757 4.
1089 1728 1122 1756 6.
1136 1728 1167 1757 7.
1190 1730 1226 1758 et
1249 1726 1328 1757 edd.
1346 1731 1433 1758 vett.
1453 1732 1534 1758 ante
1553 1727 1658 1769 Crnq.

192 1769 368 1800 mendacem
395 1766 580 1799 exhibent:
606 1766 742 1806 plurimi
767 1775 848 1798 vero
875 1766 976 1798 codd.
1005 1776 1060 1807 ap.
1090 1767 1209 1807 Feam,
1233 1769 1290 1800 alii
1318 1769 1402 1800 Mss.
1429 1769 1519 1809 apud
1545 1770 1658 1801 Pulm.

193 1808 298 1852 Cruq.
314 1809 414 1841 Torr.
429 1809 564 1840 Bersm.
581 1807 696 1839 Bentl.
713 1807 834 1839 Oberl.
853 1808 1034 1850 adoptavit
1050 1809 1232 1851 Cruquius,
1249 1811 1351 1841 Baxt.
1370 1810 1527 1842 defendit
1543 1811 1659 1844 Bentl-

193 1851 274 1883 inde
302 1860 491 1892 anonymus
516 1850 606 1890 Traj.
631 1850 673 1881 ad
696 1849 806 1880 Rhen.
824 1851 918 1882 1713.
941 1850 1028 1882 Cnu.
1054 1851 1132 1883 San.
1159 1851 1246 1883 Phil.
1270 1851 1425 1892 Sandby,
1447 1852 1557 1884 Gesu.
1574 1854 1657 1886 Dor.

195 1893 316 1925 Oberl.
333 1893 475 1928 Combe,
490 1889 629 1923 Wakef.
644 1892 755 1923 Wetz.
775 1891 882 1922 Zeun.
909 1892 1017 1923 Kidd.
1045 1893 1128 1932 Fea,
1156 1893 1282 1934 Bothe,
1303 1894 1425 1935 Jaeck,
1447 1899 1483 1926 et
1503 1895 1659 1937 Doering.

195 1936 418 1967 medicandum.
461 1933 622 1974 Angelic.
648 1936 680 1964 3.
704 1935 926 1973 turpem—42
958 1934 1190 1966 Schoenborn.
1214 1938 1246 1967 4.
1270 1936 1534 1978 finiuntur.-—43
1558 1939 1567 1955 ‘
1588 1938 1658 1974 Quo

194 1975 751 2059 225203355122220333³¹¹2u¹122¹1¹3
755 1975 1659 2059 ³655‘lssssssssz‘rmi‘zsssssssszffiffiizm²3:¹35:12·

195 2061 352 2093 consulto
365 2061 407 2092 de
417 2041 498 2109 jure
515 2059 748 2101 respondente
764 2060 984 2100 accipiebant
998 2029 1228 2102 Interpfetes.
1259 2062 1327 2093 Sed
1341 2063 1404 2094 hoc
1417 2031 1563 2095 alignum
1581 2069 1659 2097 erat

195 2112 214 2135 a
230 2108 345 2135 mente
362 2102 495 2142 Poetae,
522 2103 580 2143 qui
606 2106 738 2134 tantum
762 2102 901 2143 quaerit,
924 2104 1000 2143 quis
1016 2104 1106 2144 apud
1124 2104 1245 2145 vulgus
1261 2105 1310 2136 vir
1325 2105 1421 2137 bonus
1435 2106 1563 2138 audiat.
1610 2107 1659 2139 At

195 2154 263 2178 non
278 2146 388 2178 minus
404 2145 566 2177 aberrant
589 2154 608 2176 a
631 2143 753 2176 Poe'tae
775 2149 892 2176 mente
907 2144 1101 2182 Bentleius,
1122 2146 1312 2187 Gesnerus,
1337 2148 1473 2190 aliique,
1497 2150 1554 2190 qni
1580 2159 1657 2181 enm

1030 2189 1037 2195 .
1116 2189 1122 2196 .
1138 2190 1158 2208 ,.
1181 2190 1192 2207 ι
1282 2190 1288 2196 .
1427 2190 1436 2203 ,
1500 2191 1507 2198 .
1595 2192 1601 2199 .

195 2188 704 2271 εεπῑεῐεξ;.ξ;ιτ..τεοῖὲεῑπ.
722 2191 915 2261 siffis
926 2197 999 2261 ετξ.
1012 2189 1197 2262 ῖνρὲἓςὲ..
1208 2188 1658 2271 ξῑὲ·;.ῗεῑῐ;.ῑ“;.·.3;ἵ;ὲεῑ

196 2272 236 2304 sii
251 2273 361 2305 locum
379 2282 410 2304 v.
425 2275 480 2304 78.
502 2273 559 2314 qui
576 2272 656 2303 nihil
673 2271 771 2304 facit.
818 2272 969 2304 Omnino
988 2279 1187 2306 econtextu
1216 2275 1351 2307 videtur
1377 2275 1432 2307 bic
1458 2286 1559 2317 agere
1585 2277 1657 2309 Ho-

853 2358 995 2391 NOTAE

231 2426 272 2457 ⁴0
281 2421 897 2463 Mediemdum[menaacem]oniseex-
951 2433 1025 2455 esse
1043 2424 1162 2464 bonus,
1180 2426 1258 2457 talis
1282 2425 1497 2458 existimatur
1518 2431 1553 2458 et
1571 2436 1656 2466 pra*-

197 2473 290 2504 hinet
304 2473 404 2503 alium
416 2482 514 2514 quam
528 2472 584 2511 sit,
595 2471 756 2503 videlicet
771 2471 896 2503 bonum
951 2474 1098 2506 dicatur.
1146 2475 1268 2517 Itaque
1293 2486 1356 2517 per
1372 2476 1511 2507 ironiam
1530 2476 1657 2507 descri-

198 2527 234 2553 et
257 2521 457 2562 sapientem,
469 2531 545 2552 cnm
567 2522 610 2552 sit
632 2521 743 2562 turpis
764 2526 800 2552 et
815 2522 898 2553 stul·
951 2523 1045 2555 bitur
1058 2524 1113 2565 qni
1132 2524 1214 2556 falso
1231 2526 1338 2556 bonus
1353 2530 1525 2556 censetur.
1553 2525 1656 2556 Plato

199 2577 267 2604 tus.
308 2571 395 2602 Sunt
410 2570 468 2611 qui
486 2572 603 2611 legant
616 2571 844 2612 medicandum,
861 2571 895 2603 id
951 2581 994 2604 n.
1019 2573 1062 2604 de
1087 2575 1173 2614 Rep.
1197 2575 1207 2591 ‘
1224 2574 1260 2605 Si
1284 2574 1399 2615 opinio
1423 2579 1459 2604 et
1481 2573 1571 2604 fama
1589 2574 1655 2606 vim

198 2626 253 2655 est
267 2626 426 2663 egentem
447 2620 728 2652 medicaminibus
744 2621 896 2653 Philoso·
951 2621 1051 2654 affert
1071 2623 1221 2662 veritati,
1238 2629 1271 2654 et
1295 2632 1399 2664 penes
1413 2632 1488 2654 eam
1505 2628 1557 2654 est
1576 2623 1654 2655 vitae

198 2673 302 2714 phire,
317 2671 360 2704 ad
377 2680 486 2703 mores
500 2670 694 2703 formandos
711 2676 770 2703 aut
785 2681 897 2703 emen·
953 2672 1063 2705 beatae
1078 2674 1303 2714 principatus,
1317 2695 1324 2704 .
1340 2695 1347 2704 .
1361 2695 1369 2703 .
1383 2679 1462 2712 ergo
1476 2673 1656 2704 umbracu-

198 2722 341 2755 dandos.
953 2723 985 2753 la
1010 2723 1166 2763 quaedam
1191 2727 1227 2754 et
1249 2721 1330 2753 ficta
1354 2721 1491 2754 virtutis
1521 2722 1655 2764 species

245 2771 304 2804 Vir
318 2772 412 2803 bouus
431 2775 478 2804 est
500 2771 584 2812 quis]
607 2770 660 2802 Ex
681 2770 840 2812 opinione
862 2774 899 2802 et
953 2772 1050 2803 nobis
1068 2777 1120 2804 est
1136 2771 1344 2814 quaerenda!

197 2821 290 2855 fatua
300 2822 393 2863 vulgi
405 2821 589 2862 sententia,
599 2820 750 2863 quisquis
764 2820 900 2853 videtur
