1930 3204
460 309 665 341 nonunt
699 309 981 351 οΑηΜιΝυΜ,
1006 310 1104 340 Lin.
1135 311 1203 340 iv.
1236 301 1307 341 ll.

143 411 250 444 quam
272 401 340 443 apii
362 403 452 444 apud
475 411 512 435 se
534 411 609 434 esse
630 401 726 433 dicit.
773 401 845 437 Qua

147 452 250 484 crines
273 453 423 494 religata]
443 453 521 486 Qua
546 452 694 495 (scilicet
718 460 844 483 corona

149 510 192 532 ex
204 501 332 533 hedera
344 501 453 541 facta)
463 507 499 534 tu
510 511 638 534 comam
648 500 778 532 habens
791 509 843 532 re-

147 550 299 591 ligatam,
314 551 445 592 fulgere
460 551 558 583 solea.

190 603 212 631 6
250 601 348 633 Ridet
377 604 507 641 ‹ir-genta
545 600 666 641 domus]
713 600 844 632 Domus

144 651 309 690 'splendet
334 657 486 692 argento.
527 651 596 683 Ara
618 650 715 683 castis
740 651 844 683 vincto

148 701 304 742 verbenis]
350 703 478 734 Noster
504 710 529 734 r.
554 701 622 734 od.
654 703 706 734 19.
745 702 754 719 ‘
775 701 844 733 Hic

148 751 262 782 vivum
285 751 363 782 mihi
387 752 564 792 cespitem,
590 751 646 782 hic
668 751 844 783 Verbenas

147 801 246 842 pueri
261 801 398 842 ponite!
425 802 516 842 Virg.
529 801 604 833 AEu.
623 809 674 832 xi.
705 803 714 819 ‘
730 802 844 833 Velati

146 849 227 880 timo
239 854 280 881 et
295 849 457 881 verbenas
474 855 625 891 tempora
639 850 768 883 vincti!
791 852 841 883 Ex

146 898 269 940 quibus
285 900 367 931 locis
382 905 528 939 constat,
544 900 619 941 quis
635 901 793 932 verbenae
810 901 843 932 in

146 948 322 981 sacrificiis
350 959 429 981 usus
460 949 584 994 fuerit:
610 950 774 990 siquidem
803 960 845 982 ea

145 1008 214 1031 nou
244 1009 312 1031 arae
344 1003 474 1031 tantum
511 999 846 1040 circumligabantur,

146 1049 206 1080 sed
230 1054 267 1082 et
291 1050 405 1091 capita
427 1059 594 1091 poparum
617 1050 673 1091 qui
697 1051 844 1082 immola-

140 1098 232 1129 bant
263 1098 404 1130 hostias.
447 1099 609 1130 Verbena
638 1099 739 1130 etiam
771 1105 844 1132 ute-

145 1147 272 1179 bantur
284 1149 404 1188 legati,
419 1158 494 1181 cum
512 1149 554 1179 ad
571 1151 684 1180 hostes
700 1150 844 1191 clariga-

146 1203 229 1235 tum,
245 1198 279 1230 id
303 1205 368 1238 est,
384 1209 436 1230 res
463 1205 580 1240 raptas
603 1200 696 1231 clare
718 1202 843 1240 repeti-

146 1254 218 1280 tum
241 1249 477 1281 mittebantur.
521 1249 654 1281 Plinius
677 1259 799 1283 xxxix.
814 1254 845 1282 2.

141 1299 274 1331 'addens
285 1310 304 1331 e
315 1300 436 1340 legatis
448 1309 549 1331 unum
562 1301 572 1318 ‘
582 1301 826 1333 Verbenarium
835 1301 844 1315 ’

145 1356 301 1382 vocatum
317 1349 434 1387 finisse,
450 1354 485 1381 et
502 1350 650 1390 quidem,
664 1356 700 1382 ut
713 1357 778 1390 ego
794 1361 845 1382 ar-

143 1399 264 1438 bitror,
276 1399 454 1439 legntionis
467 1399 668 1439 principem.
714 1399 844 1430 Eadem

144 1453 257 1479 autem
277 1449 288 1465 ‘
303 1447 453 1488 sagmina
464 1447 473 1460 '
489 1457 564 1489 quae
588 1453 623 1479 et
638 1449 648 1464 ‘
662 1448 845 1488 verbenae,'

143 1502 232 1530 teste
248 1497 348 1529 etiarn
363 1499 486 1530 Festo:
510 1498 519 1515 ‘
538 1499 589 1529 vel
605 1499 694 1540 quod
711 1508 755 1529 ex
768 1499 843 1530 loco

143 1553 262 1580 sancto
287 1548 489 1579 arcebantur
503 1557 514 1579 :
534 1548 585 1579 vel
606 1558 625 1578 a
648 1548 843 1589 sanciendo,

141 1597 177 1629 id
200 1602 266 1638 est,
282 1597 537 1629 confirmando)
559 1599 570 1616 ‘
587 1597 736 1630 Arcere'
753 1599 841 1630 enim

137 1657 206 1689 -pro
214 1657 393 1680 arcessere
406 1648 492 1679 dixit
506 1649 558 1680 vel
572 1648 720 1680 adciere.
736 1649 842 1680 Fron-

135 1697 204 1730 vdes
217 1707 298 1740 ergo
307 1708 423 1730 omnes
436 1705 578 1730 sarratae
591 1703 626 1729 et
640 1707 842 1738 quocunque

142 1748 218 1780 loco
244 1758 330 1790 puro
360 1749 551 1788 decerptae,
566 1753 574 1766 ⁸
588 1748 744 1778 verbenae
758 1746 768 1761 '
792 1747 842 1777 di-

142 1797 326 1837 cebantur,
341 1801 431 1828 teste
446 1797 575 1828 Servio.
598 1797 742 1827 Torrent.

184 1848 204 1876 ⁷
234 1846 382 1877 verbenis
394 1849 466 1876 avet
478 1844 651 1884 immolato]
674 1844 799 1883 castis,
809 1847 845 1875 et

144 1895 238 1934 puris
255 1895 383 1933 herbis,
410 1894 655 1935 frondibusque
677 1892 776 1925 festis
799 1893 843 1925 od

143 1951 220 1974 aras
235 1943 457 1975 coronandus.

187 1995 208 2024 8
223 1993 332 2033 Agna]
348 1993 436 2033 Agui
452 1994 592 2024 mactati
606 1994 770 2034 sanguine
787 1994 844 2025 ad·

144 2043 258 2083 spargi
284 2048 320 2074 et
342 2042 448 2074 imbui
469 2047 560 2082 avet,
575 2042 609 2074 id
626 2047 690 2083 est,
705 2043 844 2075 videtur

144 2101 284 2133 cupere.

184 2144 207 2173 9
230 2141 352 2174 Cuncta
369 2142 510 2180 festinat.
524 2142 648 2183 manus]
672 2144 763 2175 Miro
788 2154 841 2175 ar-

146 2190 252 2223 riticio
275 2201 376 2233 quam
399 2201 500 2223 carus
518 2193 583 2232 ipsi
603 2192 776 2224 Maecenas
799 2194 844 2225 sit

144 2242 307 2280 ostendit,
320 2243 414 2285 cujus
428 2243 575 2274 natalem
587 2248 683 2274 tauto
698 2253 842 2284 appara-

147 2294 186 2322 tu
201 2291 364 2324 celebret.
409 2293 502 2324 Nihil
519 2293 621 2323 etiam
648 2293 842 2332 significan-

145 2340 212 2372 tius
236 2342 348 2374 verbis
372 2342 449 2379 illis,
475 2342 594 2383 quibus
619 2342 842 2380 glomeratum

145 2398 188 2420 ex
203 2387 336 2421 flamma
352 2389 479 2421 fumum
500 2390 676 2421 describit.
702 2391 842 2423 Torrent.

147 2438 269 2470 &ncta
289 2439 428 2476 festinant
452 2448 572 2474 πιιιπιιε,
594 2439 664 2478 huc,
692 2443 722 2470 et
751 2441 842 2482 illuc]

145 2487 272 2519 Omnes
283 2488 444 2518 adhibent
461 2488 682 2526 diligentiam.

190 2539 229 2568 11
253 2535 419 2568 Sordidum
434 2536 588 2577 flammoe]
610 2537 765 2569 Flammae
786 2549 843 2578 ge-

144 2591 303 2617 nerantes
318 2586 450 2626 nigrum
471 2586 597 2616 fitmum
620 2586 654 2617 iu
681 2588 843 2620 verticem

144 2645 220 2667 cum
236 2636 370 2675 trepido
385 2640 478 2666 motu
495 2633 624 2666 sursum
641 2635 808 2670 feruntur.

188 2686 247 2727 [12
273 2685 534 2724 Verletesumum
548 2685 590 2718 al.
607 2695 660 2724 ap.
681 2685 821 2728 Jaeck]

189 2738 230 2766 13
259 2735 380 2771 Quibus
400 2734 572 2776 adcor-erin]
600 2735 648 2767 Ut
674 2736 842 2778 intelligas

146 2784 188 2817 nd
204 2785 293 2826 quod
310 2786 500 2816 convivium
517 2785 683 2817 inviteris.

189 2837 230 2867 1⁴
251 2834 408 2876 Agendae]
430 2834 510 2866 Idus
526 2832 754 2875 celebranti-nab.

228 2888 342 2928 Delph.
358 2893 388 2919 cl
410 2888 484 2920 Var.
501 2889 588 2921 Clas.

813 2889 931 2922 Horat.

1485 302 1608 344 1521,

940 405 980 434 15
1010 402 1137 434 Veneria
1148 401 1292 442 marim]
1308 401 1400 433 Vide
1411 411 1488 444 quae
1505 403 1599 440 dicta

895 457 974 484 sunt
991 461 1047 484 ιιι.
1062 451 1130 484 Od.
1145 454 1198 484 26.
1214 457 1252 484 et
1263 461 1288 484 ι.
1302 451 1369 485 Od.
1384 453 1416 484 8.

938 503 988 533 16.
1005 501 1116 534 Findie
1126 501 1282 542 Aprilem]
1304 500 1453 535 Findere
1469 510 1532 543 pro
1547 503 1599 536 di-

892 550 1008 582 videre
1024 551 1121 583 dixit.
1167 551 1237 583 Cur
1253 558 1366 584 autem
1383 552 1515 594 Aprilis
1527 552 1598 585 Ve-

891 603 966 634 neri
986 612 1096 642 sacer,
1124 607 1159 634 et
1186 603 1276 635 uude
1301 603 1335 635 id
1353 602 1399 635 illi
1415 604 1521 635 mensi
1539 614 1598 636 no-

892 661 983 691 men,
999 653 1150 693 explicat
1165 651 1322 685 Macrob.
1341 653 1414 687 Sat.
1441 661 1467 686 ῐ.
1485 656 1538 687 12.
1562 658 1598 686 et

892 705 946 735 21.
962 701 968 706 '
992 701 1108 734 Graeci
1126 713 1219 739 vero.
1236 709 1327 735 teste
1342 704 1460 745 Snida,
1473 705 1598 737 mensis

892 751 991 792 hujus
1017 753 1160 784 tutelam
1195 753 1347 794 Apollini
1376 755 1551 794 tribuunt;
1577 765 1598 786 a

894 802 992 842 cnjus
1026 801 1151 842 Fastis,
1175 813 1252 844 quae
1282 802 1435 845 θαργῆλια
1461 810 1600 844 vocant,

894 853 998 883 etiam
1029 853 1134 884 mensi
1166 862 1301 884 nomeu.
1336 853 1426 887 Torr.
1485 853 1598 886 findit

894 902 1050 943 Aprilem]
1084 903 1223 935 Dividit
1259 902 1416 944 Aprilem
1446 903 1597 936 Veneris

894 961 1055 984 mensem.
1099 952 1229 994 Aprilis
1253 953 1439 985 deducitur
1463 952 1526 985 ἀπὸ
1540 954 1600 985 τοῦ

894 1001 1003 1043 ἀφροῦ,
1018 1002 1050 1033 id
1066 1008 1132 1041 est,
1146 1013 1164 1034 a
1176 1011 1296 1044 spuma,
1314 1013 1355 1034 ex
1375 1013 1455 1045 qua,
1470 1008 1506 1034 et
1522 1012 1598 1034 cru-

894 1061 952 1083 ore
969 1053 1169 1093 genitalium
1186 1053 1327 1084 Saturni
1352 1052 1387 1083 in
1410 1061 1504 1084 mare
1519 1060 1598 1092 pro-

889 1105 1071 1144 jectorum,
1089 1104 1257 1134 Venerem
1273 1103 1485 1143 progenitam
1502 1101 1598 1135 fabu-

898 1152 1014 1184 lantur
1029 1152 1160 1184 Poeta».
1206 1153 1296 1184 Vide
1308 1161 1363 1184 nt.
1380 1153 1448 1184 Od.
1468 1155 1523 1184 26.

938 1204 978 1233 17
999 1201 1080 1232 Jure
1101 1202 1236 1234 solennis
1249 1201 1343 1243 milti]
1368 1202 1499 1233 Merito
1515 1200 1595 1232 mihi

895 1250 1132 1290 celebrandus,
1156 1257 1193 1283 ut
1210 1252 1280 1282 dies
1297 1251 1404 1283 testas
1419 1257 1544 1290 status,
1560 1257 1598 1283 et

894 1300 980 1331 fixus
995 1300 1190 1340 quotannis.

938 1352 979 1380 18
1004 1350 1096 1385 Quod
1120 1359 1162 1381 ex
1185 1347 1258 1389 hac]
1280 1348 1371 1382 Quia
1391 1347 1435 1379 ab
1459 1348 1523 1380 hoc
1541 1348 1597 1380 die

893 1398 1067 1428 Maecenas
1100 1407 1194 1428 mens
1224 1403 1462 1429 accrescentes
1489 1405 1595 1430 annot

891 1456 962 1478 suae
979 1447 1091 1477 oetatis
1107 1446 1225 1478 ordine
1241 1452 1409 1479 numerat.

934 1501 976 1529 20
1005 1498 1142 1529 Ordinat
1163 1497 1278 1538 annos]
1305 1498 1378 1528 Hoc
1395 1499 1464 1536 est,
1477 1495 1597 1530 ordine

893 1548 1066 1587 componit
1083 1558 1122 1577 ac
1137 1547 1263 1587 digerit
1275 1547 1351 1578 vitae
1365 1556 1435 1578 suae
1445 1548 1572 1579 seriem
1587 1559 1596 1580 ε

893 1602 931 1629 ut
947 1598 1038 1628 enim
1054 1607 1075 1628 a
1091 1598 1295 1629 Consulibus
1309 1598 1457 1638 publice,
1467 1598 1516 1630 sic
1527 1599 1598 1639 pri-

892 1648 994 1679 vatim
1013 1658 1033 1679 a
1049 1648 1219 1679 natalibus
1231 1648 1374 1688 quisque
1387 1656 1488 1678 annos
1505 1657 1596 1678 com-

893 1698 1049 1737 putabat.
1095 1695 1187 1727 Hinc
1209 1701 1218 1714 ⁸
1231 1696 1391 1727 ordinarii
1407 1695 1599 1731 consules:

888 1746 1100 1786 quietanno
1118 1754 1238 1776 nomen
1265 1745 1406 1783 dabant,
1431 1743 1472 1774 ad
1497 1743 1596 1776 diffe-

890 1793 1039 1831 Qentiam
1064 1803 1181 1824 eorum
1200 1794 1255 1833 qui
1272 1791 1408 1824 suffecti
1431 1793 1595 1824 diceban·

893 1848 959 1874 tur.
1006 1843 1146 1884 Cruquii
1170 1849 1399 1874 commentum
1428 1851 1495 1874 uon
1523 1844 1595 1884 pla-

893 1898 960 1925 cet.
985 1893 1074 1925 Tm.
1120 1893 1235 1934 [Unus
1250 1893 1360 1926 vand.
1385 1903 1441 1935 ap.
1457 1893 1571 1926 Bothe
1584 1906 1594 1926 :

895 1943 1028 1974 Ordinet
1044 1943 1167 1983 annom]

935 1996 975 2025 21
997 1991 1180 2033 Telephum]
1197 1993 1309 2035 Hujus
1325 1992 1468 2034 Telephi
1481 2002 1595 2026 amore

893 2043 996 2074 etiam
1015 2043 1170 2083 Lydiam.
1184 2049 1219 2074 et
1233 2043 1312 2074 alibi
1323 2042 1596 2084 Chloe‘nquoque

893 2099 1096 2133 pereuntem
1110 2093 1276 2124 describit
1291 2101 1316 2124 1.
1334 2092 1402 2123 Od.
1420 2094 1472 2124 13.
1490 2097 1525 2123 et
1538 2101 1595 2124 tn.

892 2141 962 2173 Od.
978 2145 1030 2174 19.
1075 2142 1256 2182 Ingeniose
1269 2147 1382 2173 autem
1397 2141 1508 2173 Poeta
1519 2142 1594 2182 jam

893 2194 1008 2224 senior
1039 2193 1238 2234 Phyllidem
1262 2204 1282 2226 a
1309 2194 1450 2235 Telephi
1479 2204 1594 2226 amore

893 2242 1047 2274 deterret
1061 2253 1071 2281 ;
1095 2244 1318 2284 hortaturque
1335 2248 1371 2275 ut
1386 2253 1463 2285 quae
1475 2252 1593 2276 conse-

893 2293 948 2334 qui
966 2298 1112 2334 nequeat
1129 2293 1334 2335 relinquens,
1350 2303 1391 2325 ea
1406 2303 1482 2335 quae
1495 2303 1594 2334 para-

893 2348 928 2374 ta
941 2349 1042 2383 atque
1052 2342 1150 2374 obvia
1161 2348 1238 2374 sunt
1249 2345 1498 2384 amplectatur:
1516 2353 1594 2385 pro-

892 2391 971 2422 inde
997 2391 1040 2421 ad
1069 2400 1105 2422 se
1132 2392 1263 2433 veniat,
1285 2394 1339 2424 cui
1357 2394 1465 2424 minus
1482 2394 1593 2433 impar

893 2441 937 2471 sit
954 2450 1054 2481 qnam
1073 2441 1240 2482 Telepho,
1258 2452 1277 2473 a
1295 2449 1345 2474 tot
1362 2443 1436 2474 aliis
1452 2443 1594 2483 potiori-

893 2490 955 2522 bus
971 2492 1138 2530 expetito.
1185 2491 1272 2524 Illud
1299 2492 1403 2529 igitur
1425 2491 1514 2532 quod
1539 2501 1592 2522 se-

893 2540 1019 2580 quitur,
1052 2538 1126 2570 Nori
1151 2542 1216 2570 luoe
1244 2541 1351 2578 sortis,
1387 2549 1462 2572 cum
1488 2539 1592 2572 verbo

883 2590 1043 2630 juvenem,
1059 2598 1158 2628 quam
1173 2598 1248 2619 cuin
1266 2590 1368 2619 verbo
1380 2589 1496 2628 pirella.
1513 2589 1592 2628 jun·

894 2640 928 2680 gi
943 2639 1088 2670 mallem.
1103 2638 1192 2669 Torr.
1218 2638 1316 2674 Quem
1328 2641 1362 2669 ίιι
1369 2636 1467 2679 petis]
1482 2637 1592 2672 Quem

892 2693 930 2720 tu
945 2698 1047 2719 amas.

935 2740 978 2770 22
1013 2737 1084 2769 Non
1107 2740 1169 2768 tuoe
1188 2736 1283 2768 sortis
1296 2734 1458 2776 juvenem}
1484 2733 1590 2770 Juve-

890 2796 970 2819 nem
998 2787 1062 2820 tibi
1087 2787 1185 2819 valde
1208 2786 1406 2819 dissimilem
1429 2787 1515 2827 loco,
1538 2795 1591 2827 re,

895 2846 1030 2877 genere.
1363 2863 1365 2865 ,

1424 2893 1443 2919 5
1467 2890 1500 2920 D
