1930 3204
478 328 687 361 HoRA‘ru
721 326 999 358 SERMONUM
1035 327 1129 358 ms.
1160 328 1192 358 1.
1221 318 1265 359 4.

154 423 222 456 Hic
238 431 320 465 ergo
335 423 440 456 bonor
454 422 533 454 huic
548 421 677 454 Fannio
687 420 849 461 contigit,

143 482 220 505 -non
245 473 369 506 merito
395 472 529 504 eximiae
553 470 764 505 eruditionis,
787 469 847 500 sed

153 523 209 554 vel
234 532 351 555 eorum
381 522 575 554 adulatione
604 525 642 552 et
670 520 847 561 obsequio,

112 596 114 602 ,
153 572 213 613 qui
228 571 300 605 orbi
315 576 352 604 et
366 571 481 604 divitis
493 570 718 603 hereditatem
731 577 849 611 capta-

153 622 258 662 bant;
287 622 341 654 vel
365 622 544 654 amicorum
570 629 686 662 opera,
703 621 761 662 qui
781 630 849 663 quo

152 673 330 705 recitantis
349 671 454 704 taedio
481 680 522 703 ac
545 670 700 702 molestia
725 670 850 702 libera·

150 725 285 763 rentur,
297 722 361 755 boc
375 722 407 753 ei
421 730 540 753 mainus
557 730 578 752 a
591 720 726 752 Caesare
742 721 848 762 impe·

151 775 307 803 tramnt:
331 771 380 803 sic
401 771 490 803 enim
517 769 618 811 prisci
642 776 850 801 commenta·

152 825 256 853 tores.
300 821 376 852 Nec
398 820 543 862 illepide
561 829 663 859 sane;
688 821 782 860 prior
798 825 848 852 ta-

142 879 230 908 men
242 870 334 902 ratio
348 870 455 912 magis
471 869 612 902 arridet.
658 870 777 910 capsas
791 879 848 901 au·

150 922 220 950 tem
251 929 315 960 pro
344 918 462 952 forulis
489 920 678 962 arculisque
705 921 850 961 accipio,

143 969 275 1009 quibus
299 969 379 1002 libri
401 970 568 1002 concinne
590 974 848 1011 reponerentur.

154 1018 302 1051 Torreat.

193 1070 236 1099 2⁸
248 1068 394 1100 Recitm
405 1067 559 1109 timentis]
575 1068 644 1101 Hic
653 1079 720 1101 non
732 1070 850 1111 inepte

153 1117 227 1159 quis
241 1117 667 1159 ambigat,quare·idcirco,
683 1120 770 1160 qaod
781 1121 852 1151 vul-

152 1176 195 1207 go
203 1176 268 1199 non
278 1167 401 1199 recitet
413 1168 542 1209 scripta
550 1178 621 1203 sua,
630 1179 650 1200 a
661 1170 795 1200 nemine
807 1170 853 1200 le-

152 1217 186 1256 gi
196 1217 307 1249 Poeta
316 1218 420 1250 dicat.
442 1218 497 1249 An
511 1219 590 1259 quia
601 1218 724 1250 famam
735 1220 854 1260 vulgus

152 1267 333 1308 sequitur?
377 1267 481 1299 Fama
505 1273 619 1300 autern
646 1270 854 1302 recitationi-

154 1316 230 1355 bus,
251 1316 295 1348 ob
321 1317 600 1358 applaudentium
617 1318 854 1360 frequentiam,

153 1365 333 1406 precipue
368 1367 568 1407 acquiritur.
609 1367 752 1400 Tor-rene.
801 1369 854 1399 Ta·-

151 1415 266 1447 neseis
280 1413 333 1455 ob]
356 1416 470 1450 Quum
496 1426 596 1448 nemo
621 1418 710 1458 legat
726 1418 854 1459 scripta

154 1464 222 1496 mei
233 1465 382 1497 timentis
402 1466 504 1507 vulgo
520 1476 558 1497 ea
575 1468 731 1499 recitare.
778 1469 852 1499 Pri-

154 1512 308 1546 mitivum
339 1515 373 1546 in
401 1516 595 1556 possessivo
625 1517 852 1557 subintelligi-

154 1570 224 1598 tur.
443 1577 449 1583 ·

193 1617 236 1648 2⁴
253 1615 364 1648 Genus
374 1615 446 1657 hoc]
465 1616 540 1649 Hoc
553 1627 659 1659 genus
673 1618 850 1659 poematis,

148 1665 228 1698 scil.
240 1665 390 1707 Satyrae.

193 1717 236 1747 25
260 1715 410 1751 Quamvis
435 1717 551 1757 media]
576 1717 628 1748 De
658 1717 769 1748 medio
794 1727 853 1757 po-

151 1765 234 1805 pulo
247 1765 400 1806 quemvis
428 1765 464 1796 in
487 1766 637 1797 medium
661 1766 853 1806 producito.

153 1814 240 1846 Erue
255 1814 362 1854 turba]
390 1815 482 1854 Elige
505 1815 631 1846 babent
657 1815 735 1846 libri
757 1825 853 1855 paene

153 1872 297 1895 omum:
321 1869 357 1895 et
385 1873 463 1895 mox
492 1865 588 1895 miser
613 1865 693 1896 amb.
722 1865 855 1905 laborat,

153 1923 217 1954 pro
240 1914 364 1946 misera.
408 1914 473 1945 Sed
498 1915 560 1946 hoc
584 1915 659 1945 leve
683 1920 748 1954 est,
771 1916 855 1947 illud

153 1963 289 1996 omnino
313 1964 574 1997 restituendum.
599 1964 742 1998 Torrent.

197 2014 256 2055 [26
276 2012 344 2046 Aac
358 2013 397 2045 ab
414 2014 583 2046 avaritiam
598 2015 679 2046 Vat.
693 2015 743 2055 4.]

195 2066 238 2096 27
260 2063 328 2095 Hic
349 2057 539 2106 'nuptm-um]
560 2065 659 2096 Alius
685 2071 736 2096 est
761 2065 855 2097 adul-

156 2118 210 2144 ter
224 2114 281 2156 qui
296 2113 574 2147 matresfamilias
596 2119 727 2147 tautum
745 2121 853 2147 secta-

156 2168 224 2196 tur.

197 2216 241 2246 28
266 2213 363 2246 Hunc
377 2213 477 2256 capit]
501 2213 615 2246 Alium
631 2224 713 2246 vasa
732 2225 852 2256 argen-

155 2267 212 2295 tea
221 2263 406 2297 delectant.
452 2263 566 2305 Stupet
577 2265 689 2296 Albius
699 2264 777 2305 oere]
794 2266 853 2298 Sic

153 2313 338 2355 Virgilius:
362 2317 372 2332 ‘
385 2313 454 2346 Hic
473 2319 592 2355 stupet
607 2316 770 2346 attonitus
783 2326 853 2347 ros-

153 2361 238 2395 tris!
283 2363 360 2394 AEre
384 2367 499 2393 antem
527 2372 590 2402 pro
623 2364 710 2393 vasis
735 2364 856 2403 signis-

152 2420 221 2459 que
235 2411 334 2442 oereis
347 2410 447 2442 dixit.
461 2415 501 2442 ut
516 2411 552 2442 in
568 2411 678 2451 Epist.
702 2413 712 2429 ‘
723 2412 741 2443 1
755 2422 855 2453 nunc,

157 2466 347 2501 argentum,
360 2469 508 2491 marmor
531 2466 642 2500 vetus,
657 2471 805 2503 avi-aque,
821 2469 856 2495 et

155 2513 249 2540 artes
275 2507 444 2549 Suspice:
487 2509 626 2542 Quanto
652 2520 734 2543 vero
763 2519 854 2544 vete-

156 2567 230 2590 rum
246 2557 395 2590 adamati
413 2559 503 2598 aeris,
519 2561 663 2592 maxime
679 2562 856 2604 Corinthii,

156 2608 299 2643 insania,
315 2608 368 2639 vel
385 2609 457 2639 sola
482 2609 540 2640 illa
556 2610 589 2640 in
604 2611 759 2651 Verrem,
779 2623 855 2654 quae

161 2657 205 2689 de
234 2657 338 2698 signis
366 2657 576 2697 inscribitur,
604 2660 694 2691 ectio
731 2661 856 2695 docere

156 2707 276 2748 possit.
302 2707 443 2739 stri-ent.
487 2706 599 2748 Stupet
627 2710 704 2750 oere]
732 2712 858 2753 Stupet

157 2757 280 2789 statuis
292 2765 336 2788 ex
354 2765 422 2788 aere
438 2756 614 2791 Corinthio
630 2758 743 2792 factis.

199 2810 242 2839 29
275 2806 384 2838 Mutat
416 2806 546 2847 merces]
581 2808 676 2848 Virg.
707 2810 782 2842 Ecl.
808 2820 857 2844 w.

154 2857 165 2875 ⁴
177 2857 252 2890 Nec
265 2856 410 2889 Pontica
423 2857 521 2898 pinus
535 2858 686 2891 Mutabit
702 2861 856 2894 merces.’

1480 318 1595 360 1621

899 421 944 453 Et
973 421 1006 452 in
1033 421 1236 462 Georgicis:
1257 420 1439 454 ‘Quamvis
1462 420 1598 452 Milesia

898 480 1021 511 magno
1034 471 1175 503 Vellera
1199 473 1374 503 mutentur
1385 469 1408 509 ;’
1430 479 1497 512 quo
1522 471 1597 503 loco

898 520 1036 560 quidem
1061 521 1200 553 Servius
1214 521 1300 552 banc
1317 519 1480 562 loquendi
1495 521 1599 552 ratio·

897 578 975 600 nem
992 569 1034 601 ab
1056 570 1196 611 antiquo
1219 579 1325 610 more,
1341 579 1406 612 quo
1421 570 1598 602 mercimo-

898 618 991 650 nium
1007 629 1106 650 omne
1120 620 1154 651 in
1167 621 1421 661 permutatione
1433 620 1598 652 consiste-

897 667 971 706 bat,
987 670 1114 710 repetit
1130 681 1138 700 :
1164 680 1279 701 verum
1290 671 1356 702 hoc
1370 670 1419 702 ita
1434 670 1600 711 interpre-

899 717 1058 754 tabimur,
1076 722 1126 758 ut,
1141 728 1342 760 quamquam
1358 729 1521 760 percusso
1526 719 1598 760 jam

897 775 1045 806 nummo,
1058 771 1094 798 et
1109 768 1247 800 inventa
1259 768 1397 809 publica
1409 770 1467 801 illa
1481 769 1600 805 forma,

897 825 974 856 quae
1005 817 1126 848 mercis
1157 818 1304 858 pretium
1334 818 1473 857 dicitur,
1507 819 1599 850 aliud

889 866 962 907 jam
993 868 1132 907 proprie
1172 873 1250 900 erat
1285 869 1296 886 ‘
1313 867 1468 909 emptio,'
1506 869 1600 899 aliud

898 918 1127 958 ‘permutatio
1141 917 1162 957 ς’
1187 918 1344 950 distincti
1373 927 1496 958 nempe
1519 927 1600 950 cou-

899 971 1028 999 tractus
1042 978 1051 1006 ;
1069 967 1164 999 verbi
1176 972 1288 999 tamen
1303 968 1495 1009 proprietas
1507 977 1601 999 man·

897 1018 993 1049 serit.
1038 1017 1126 1049 Nam
1146 1018 1428 1058 ‘permutationis
1444 1017 1454 1031 '
1477 1027 1600 1049 nomen

900 1067 932 1098 vi
957 1077 1018 1099 sua
1037 1068 1197 1107 generale.
1224 1073 1289 1105 est,
1305 1077 1366 1108 pro
1385 1076 1601 1108 quacumque

901 1118 1140 1158 conventione,
1172 1126 1239 1159 qua
1271 1117 1440 1158 utrimque
1472 1116 1601 1158 aliquid

903 1168 1134 1208 praestandum
1162 1167 1282 1199 venit:
1319 1168 1436 1208 itaque
1465 1166 1500 1198 in
1527 1167 1603 1208 ipsa

903 1219 1003 1250 etiam
1019 1218 1167 1249 emtione
1182 1227 1277 1249 merx
1294 1217 1417 1248 mutari
1434 1226 1512 1254 aere,
1530 1226 1602 1248 mu-

903 1268 967 1299 tari
999 1268 1158 1309 pecunia,
1179 1268 1305 1299 mutari
1332 1267 1456 1308 pretio,
1478 1267 1603 1299 mutari

902 1318 1042 1349 denario
1059 1322 1151 1349 recte
1168 1318 1305 1349 dicitur.
1343 1318 1509 1358 Exempla
1525 1326 1602 1359 pas-

900 1367 962 1398 sim
978 1366 1089 1398 obvia.
1129 1367 1258 1398 Mutare
1280 1366 1384 1407 igitur
1400 1377 1526 1403 merce-s,
1549 1372 1604 1399 est

902 1416 1216 1457 quomodocumque
1242 1425 1451 1456 comparare.
1486 1415 1602 1458 Atque

902 1465 948 1496 ita
965 1465 1080 1496 Graeci
1099 1474 1234 1506 quoque
1259 1466 1365 1497 verbo
1388 1464 1603 1498 ἅλλάττεσθαι

901 1520 936 1546 ct
959 1513 1307 1546 ἀντικαταλλάττεσθαι
1329 1515 1379 1546 usi
1395 1522 1487 1548 sunt.
1524 1517 1602 1548 Tor·-

899 1569 982 1597 rent.
1027 1565 1079 1597 Ad
1093 1576 1162 1597 eum
1177 1567 1252 1607 quo]
1277 1565 1332 1598 Ad
1345 1576 1421 1597 eum
1433 1567 1550 1608 solem,
1568 1568 1602 1598 id

901 1622 965 1656 est,
979 1617 1208 1649 occidentem.

944 1670 986 1698 30
1009 1667 1076 1698 Per
1091 1668 1193 1710 mula]
1213 1667 1282 1698 Per
1299 1668 1452 1708 pericula
1469 1672 1506 1699 et
1522 1668 1601 1700 vitae

901 1716 1109 1747 discrimina.
1154 1717 1249 1756 [Vat.
1279 1719 1310 1747 3.
1330 1717 1423 1749 Vatt.
1447 1717 1543 1749 Rom.
1573 1721 1603 1749 1.

902 1769 934 1798 3.
951 1771 983 1798 5.
1014 1767 1093 1797 Vat.
1108 1766 1222 1798 Palat.
1234 1770 1266 1798 4.
1281 1767 1431 1798 Chisian.
1450 1770 1480 1798 1.
1496 1770 1528 1798 2.
1544 1767 1603 1798 alii

902 1815 1004 1847 codd.
1021 1825 1076 1856 ap.
1092 1816 1228 1847 Valart.
1241 1819 1330 1856 patet
1348 1816 1448 1856 regio.
1475 1816 1603 1848 Sauad.

905 1867 988 1904 teget
1003 1863 1120 1904 regim]

946 1917 986 1945 31
1015 1913 1164 1954 Turbine]
1180 1914 1306 1947 Vento.

948 1966 989 1994 32
1013 1964 1142 1995 Summa
1152 1963 1314 2004 deperdat]
1341 1963 1394 1995 Ne
1411 1964 1540 2005 aliquid
1556 1964 1605 1996 di-

905 2014 1034 2045 minuat
1063 2014 1106 2045 de
1133 2023 1273 2050 summa,
1292 2013 1327 2045 id
1355 2018 1420 2050 est,
1444 2013 1489 2045 de
1512 2014 1607 2047 bonis

906 2064 1092 2104 congestis.

948 2118 988 2146 33
1015 2116 1131 2146 Omnes
1148 2115 1184 2147 lii
1196 2114 1352 2155 metuunt]
1377 2115 1538 2147 Clausula
1554 2124 1606 2147 ra-

905 2168 1020 2200 tionis.
1063 2168 1200 2200 Idcirco
1225 2177 1341 2199 omnes
1356 2167 1502 2200 oderunt
1516 2168 1606 2201 Ροδ-

904 2226 957 2251 tas
974 2223 1011 2250 et
1027 2229 1142 2250 versus
1159 2218 1401 2258 mordaciores,
1417 2219 1499 2260 quia
1518 2220 1607 2251 male

905 2270 970 2301 sibi
986 2270 1127 2309 conscii,
1137 2271 1248 2301 notari
1260 2274 1298 2301 et
1311 2269 1444 2301 ludicro
1453 2279 1529 2301 esse
1541 2269 1609 2302 for-

906 2319 1046 2350 midant.
1065 2319 1162 2359 Cruq.
1201 2320 1318 2351 Omnes
1331 2319 1380 2360 lii]
1400 2318 1530 2350 Omnes
1546 2319 1606 2350 iui-

907 2368 1007 2407 probi
1043 2372 1080 2398 et
1116 2367 1234 2399 vitiosi
1268 2368 1430 2400 nomines.
1477 2368 1608 2408 Versus]

907 2416 1038 2447 Versus
1052 2417 1240 2457 satyricos.

951 2467 992 2495 34
1016 2465 1136 2496 Femnn
1158 2465 1249 2496 habet
1269 2465 1305 2496 in
1329 2465 1441 2506 cornu]
1465 2464 1608 2503 Aliisoe-

906 2524 980 2545 num
1004 2523 1065 2554 per
1086 2525 1113 2544 ιε
1133 2514 1299 2554 scribunt,
1321 2515 1377 2545 alii
1398 2523 1461 2554 per
1475 2523 1525 2545 ωε
1548 2523 1608 2546 nos

907 2570 1021 2596 autern
1053 2564 1242 2595 monuimus
1278 2565 1288 2581 ‘
1306 2562 1422 2602 fetus‚’
1461 2563 1472 2580 ⁴
1487 2562 1608 2603 fenus‚'

906 2613 1067 2654 ‘fenum,'
1091 2616 1100 2632 ‘
1113 2612 1261 2649 femina,’
1284 2613 1409 2644 rectius
1425 2612 1498 2644 siue
1514 2613 1610 2654 diph-

908 2666 1035 2705 thongo
1048 2663 1163 2695 scribi.
1186 2664 1270 2694 Erat
1283 2666 1397 2693 autem
1412 2662 1503 2694 actio
1517 2663 1607 2704 apud

910 2715 1076 2746 Romanos
1102 2722 1146 2743 cx
1169 2713 1245 2752 lege
1277 2711 1441 2742 xn.'1'ab.
1466 2711 1609 2744 descen-

909 2764 1006 2803 dens,
1021 2764 1058 2795 Sr
1075 2764 1297 2796 Qusnnupns
1313 2769 1526 2794 esurierunt
1549 2771 1608 2794 rr:-

908 2822 1003 2846 crssE
1019 2821 1193 2852 mcxrua,
1214 2817 1251 2844 ut
1267 2817 1351 2853 puta
1369 2812 1398 2844 si
1414 2821 1521 2854 equus
1537 2815 1608 2845 cal-

909 2865 1055 2895 citrosus
1078 2863 1173 2896 calce
1200 2863 1443 2904 percussisset,
1467 2869 1524 2895 aut
1545 2863 1606 2897 bos
