<?xml version="1.0" encoding="UTF-8"?>
<!DOCTYPE html PUBLIC "-//W3C//DTD XHTML 1.0 Transitional//EN"
    "http://www.w3.org/TR/xhtml1/DTD/xhtml1-transitional.dtd">
<html xmlns="http://www.w3.org/1999/xhtml" xml:lang="en" lang="en">
 <head>
  <title>
</title>
<meta http-equiv="Content-Type" content="text/html;charset=utf-8" />
  <meta name='ocr-system' content='tesseract 3.04.00' />
  <meta name='ocr-capabilities' content='ocr_page ocr_carea ocr_par ocr_line ocrx_word'/>
</head>
<body>
  <div class='ocr_page' id='page_1' title='image "./operazeune03horauoft/operazeune03horauoft_0079.png"; bbox 0 0 1916 3262; ppageno 0'>
   <div class='ocr_carea' id='block_1_1' title="bbox 598 295 1652 340">
    <p class='ocr_par' dir='ltr' id='par_1_1' title="bbox 598 295 1652 340">
     <span class='ocr_line' id='line_1_1' title="bbox 598 295 1652 340; baseline -0.001 -1"><span class='ocrx_word' id='word_1_1' title='bbox 598 307 951 340; x_wconf 76' lang='lat' dir='ltr'><strong>EPlsTOLARUM</strong></span> <span class='ocrx_word' id='word_1_2' title='bbox 988 308 1086 339; x_wconf 72' lang='lat' dir='ltr'><strong>mn.</strong></span> <span class='ocrx_word' id='word_1_3' title='bbox 1119 307 1173 338; x_wconf 84' lang='lat'><strong>11.</strong></span> <span class='ocrx_word' id='word_1_4' title='bbox 1203 296 1245 338; x_wconf 89' lang='lat'><strong>1.</strong></span> <span class='ocrx_word' id='word_1_5' title='bbox 1537 295 1652 338; x_wconf 78' lang='lat'>1225</span> 
     </span>
    </p>
   </div>
   <div class='ocr_carea' id='block_1_2' title="bbox 196 406 1410 864">
    <p class='ocr_par' dir='ltr' id='par_1_2' title="bbox 196 406 1410 864">
     <span class='ocr_line' id='line_1_2' title="bbox 199 406 1154 463; baseline -0.002 -13"><span class='ocrx_word' id='word_1_6' title='bbox 199 408 402 463; x_wconf 74' lang='lat' dir='ltr'><strong>Maj01es</strong></span> <span class='ocrx_word' id='word_1_7' title='bbox 419 406 586 456; x_wconf 85' lang='lat' dir='ltr'><strong>audire,</strong></span> <span class='ocrx_word' id='word_1_8' title='bbox 606 407 764 447; x_wconf 91' lang='lat' dir='ltr'><strong>minori</strong></span> <span class='ocrx_word' id='word_1_9' title='bbox 786 406 935 448; x_wconf 81' lang='lat' dir='ltr'><strong>dicere</strong></span> <span class='ocrx_word' id='word_1_10' title='bbox 955 419 1034 461; x_wconf 88' lang='lat' dir='ltr'><strong>per</strong></span> <span class='ocrx_word' id='word_1_11' title='bbox 1053 419 1154 461; x_wconf 88' lang='lat' dir='ltr'><strong>quae</strong></span> 
     </span>
     <span class='ocr_line' id='line_1_3' title="bbox 197 473 1254 528; baseline -0.003 -11"><span class='ocrx_word' id='word_1_12' title='bbox 197 475 494 517; x_wconf 82' lang='lat' dir='ltr'><strong>crescere-res</strong></span> <span class='ocrx_word' id='word_1_13' title='bbox 512 479 684 528; x_wconf 84' lang='lat' dir='ltr'><strong>posset,</strong></span> <span class='ocrx_word' id='word_1_14' title='bbox 706 474 842 515; x_wconf 86' lang='lat' dir='ltr'><strong>minui</strong></span> <span class='ocrx_word' id='word_1_15' title='bbox 864 473 1075 515; x_wconf 83' lang='lat' dir='ltr'><strong>damnosa</strong></span> <span class='ocrx_word' id='word_1_16' title='bbox 1094 473 1254 514; x_wconf 87' lang='lat' dir='ltr'><strong>libido.</strong></span> 
     </span>
     <span class='ocr_line' id='line_1_4' title="bbox 200 541 1278 595; baseline -0.002 -12"><span class='ocrx_word' id='word_1_17' title='bbox 200 541 398 584; x_wconf 83' lang='lat' dir='ltr'><strong>Mutavit</strong></span> <span class='ocrx_word' id='word_1_18' title='bbox 417 545 601 582; x_wconf 84' lang='lat' dir='ltr'><strong>mentem</strong></span> <span class='ocrx_word' id='word_1_19' title='bbox 622 542 818 595; x_wconf 84' lang='lat' dir='ltr'><strong>populus</strong></span> <span class='ocrx_word' id='word_1_20' title='bbox 837 542 967 591; x_wconf 88' lang='lat' dir='ltr'><strong>levis,</strong></span> <span class='ocrx_word' id='word_1_21' title='bbox 986 544 1032 583; x_wconf 88' lang='lat' dir='ltr'><strong>et</strong></span> <span class='ocrx_word' id='word_1_22' title='bbox 1051 541 1168 582; x_wconf 85' lang='lat' dir='ltr'><strong>calet</strong></span> <span class='ocrx_word' id='word_1_23' title='bbox 1188 553 1278 582; x_wconf 92' lang='lat' dir='ltr'><strong>uno</strong></span> 
     </span>
     <span class='ocr_line' id='line_1_5' title="bbox 196 607 1284 663; baseline -0.003 -12"><span class='ocrx_word' id='word_1_24' title='bbox 196 608 429 651; x_wconf 88' lang='lat' dir='ltr'><strong>Scribendi</strong></span> <span class='ocrx_word' id='word_1_25' title='bbox 448 607 620 650; x_wconf 85' lang='lat' dir='ltr'><strong>studio:</strong></span> <span class='ocrx_word' id='word_1_26' title='bbox 652 609 868 663; x_wconf 86' lang='lat' dir='ltr'><strong>puerique</strong></span> <span class='ocrx_word' id='word_1_27' title='bbox 888 613 1125 663; x_wconf 86' lang='lat' dir='ltr'><strong>patresque</strong></span> <span class='ocrx_word' id='word_1_28' title='bbox 1146 607 1284 649; x_wconf 87' lang='lat' dir='ltr'><strong>severi</strong></span> 
     </span>
     <span class='ocr_line' id='line_1_6' title="bbox 198 674 1410 726; baseline -0.003 -9"><span class='ocrx_word' id='word_1_29' title='bbox 198 675 378 718; x_wconf 80' lang='lat' dir='ltr'>Fronde</span> <span class='ocrx_word' id='word_1_30' title='bbox 396 688 548 717; x_wconf 86' lang='lat' dir='ltr'><strong>comas</strong></span> <span class='ocrx_word' id='word_1_31' title='bbox 567 675 705 716; x_wconf 86' lang='lat' dir='ltr'><strong>vincti</strong></span> <span class='ocrx_word' id='word_1_32' title='bbox 725 679 918 726; x_wconf 82' lang='lat' dir='ltr'><strong>coenant,</strong></span> <span class='ocrx_word' id='word_1_33' title='bbox 939 679 986 717; x_wconf 83' lang='lat' dir='ltr'><strong>et</strong></span> <span class='ocrx_word' id='word_1_34' title='bbox 1006 675 1202 717; x_wconf 86' lang='lat' dir='ltr'><strong>carmina</strong></span> <span class='ocrx_word' id='word_1_35' title='bbox 1222 674 1410 715; x_wconf 85' lang='lat' dir='ltr'><strong>dictant.</strong></span> 
     </span>
     <span class='ocr_line' id='line_1_7' title="bbox 198 742 1352 796; baseline -0.002 -12"><span class='ocrx_word' id='word_1_36' title='bbox 198 742 304 796; x_wconf 89' lang='lat' dir='ltr'><strong>Ipse</strong></span> <span class='ocrx_word' id='word_1_37' title='bbox 325 755 422 796; x_wconf 89' lang='lat' dir='ltr'><strong>ego,</strong></span> <span class='ocrx_word' id='word_1_38' title='bbox 434 743 508 796; x_wconf 91' lang='lat' dir='ltr'><strong>qui</strong></span> <span class='ocrx_word' id='word_1_39' title='bbox 526 742 673 783; x_wconf 89' lang='lat' dir='ltr'><strong>nullos</strong></span> <span class='ocrx_word' id='word_1_40' title='bbox 693 755 763 783; x_wconf 88' lang='lat' dir='ltr'><strong>me</strong></span> <span class='ocrx_word' id='word_1_41' title='bbox 785 742 954 785; x_wconf 82' lang='lat' dir='ltr'><strong>affirmo</strong></span> <span class='ocrx_word' id='word_1_42' title='bbox 971 742 1163 784; x_wconf 86' lang='lat' dir='ltr'><strong>scribere</strong></span> <span class='ocrx_word' id='word_1_43' title='bbox 1181 754 1352 790; x_wconf 87' lang='lat' dir='ltr'><strong>versus,</strong></span> 
     </span>
     <span class='ocr_line' id='line_1_8' title="bbox 200 808 1235 864; baseline 0 -14"><span class='ocrx_word' id='word_1_44' title='bbox 200 809 410 852; x_wconf 86' lang='lat' dir='ltr'><strong>Iuvenior</strong></span> <span class='ocrx_word' id='word_1_45' title='bbox 427 808 604 850; x_wconf 86' lang='lat' dir='ltr'><strong>Parthis</strong></span> <span class='ocrx_word' id='word_1_46' title='bbox 625 810 901 863; x_wconf 80' lang='lat' dir='ltr'><strong>mendacior3</strong></span> <span class='ocrx_word' id='word_1_47' title='bbox 930 814 976 852; x_wconf 86' lang='lat' dir='ltr'><strong>et</strong></span> <span class='ocrx_word' id='word_1_48' title='bbox 994 809 1118 864; x_wconf 90' lang='lat' dir='ltr'><strong>prius</strong></span> <span class='ocrx_word' id='word_1_49' title='bbox 1137 813 1235 851; x_wconf 87' lang='lat' dir='ltr'><strong>orto</strong></span> 
     </span>
    </p>
   </div>
   <div class='ocr_carea' id='block_1_3' title="bbox 1569 674 1654 715">
    <p class='ocr_par' dir='ltr' id='par_1_3' title="bbox 1569 674 1654 715">
     <span class='ocr_line' id='line_1_9' title="bbox 1569 674 1654 715; baseline -0.012 0"><span class='ocrx_word' id='word_1_50' title='bbox 1569 674 1654 715; x_wconf 84' lang='lat' dir='ltr'><strong>llo</strong></span> 
     </span>
    </p>
   </div>
   <div class='ocr_carea' id='block_1_4' title="bbox 195 921 1659 1135">
    <p class='ocr_par' dir='ltr' id='par_1_4' title="bbox 195 921 1659 1135">
     <span class='ocr_line' id='line_1_10' title="bbox 197 921 1656 964; baseline 0 -12"><span class='ocrx_word' id='word_1_51' title='bbox 197 921 336 953; x_wconf 72' lang='lat' dir='ltr'><strong>tionibus</strong></span> <span class='ocrx_word' id='word_1_52' title='bbox 342 923 506 963; x_wconf 79' lang='lat' dir='ltr'><strong>pecuniam</strong></span> <span class='ocrx_word' id='word_1_53' title='bbox 522 923 634 962; x_wconf 81' lang='lat' dir='ltr'><strong>locare,</strong></span> <span class='ocrx_word' id='word_1_54' title='bbox 654 923 790 954; x_wconf 74' lang='lat' dir='ltr'><strong><em>seniores</em></strong></span> <span class='ocrx_word' id='word_1_55' title='bbox 812 924 982 963; x_wconf 80' lang='lat' dir='ltr'><strong>consulere,</strong></span> <span class='ocrx_word' id='word_1_56' title='bbox 985 922 1129 963; x_wconf 71' lang='lat' dir='ltr'><strong>juniores</strong></span> <span class='ocrx_word' id='word_1_57' title='bbox 1150 924 1259 955; x_wconf 78' lang='lat' dir='ltr'><strong>docere</strong></span> <span class='ocrx_word' id='word_1_58' title='bbox 1273 923 1382 964; x_wconf 78' lang='lat' dir='ltr'><strong>quibus</strong></span> <span class='ocrx_word' id='word_1_59' title='bbox 1402 923 1501 955; x_wconf 78' lang='lat' dir='ltr'><strong>modis</strong></span> <span class='ocrx_word' id='word_1_60' title='bbox 1514 931 1587 963; x_wconf 83' lang='lat' dir='ltr'><strong>opes</strong></span> <span class='ocrx_word' id='word_1_61' title='bbox 1601 931 1656 952; x_wconf 82' lang='lat' dir='ltr'><strong>au-</strong></span> 
     </span>
     <span class='ocr_line' id='line_1_11' title="bbox 195 964 1658 1007; baseline -0.001 -11"><span class='ocrx_word' id='word_1_62' title='bbox 195 964 279 1003; x_wconf 77' lang='lat' dir='ltr'><strong>geri,</strong></span> <span class='ocrx_word' id='word_1_63' title='bbox 299 965 476 1005; x_wconf 75' lang='lat' dir='ltr'><strong>perniciosa</strong></span> <span class='ocrx_word' id='word_1_64' title='bbox 488 975 561 997; x_wconf 81' lang='lat' dir='ltr'><strong>vero</strong></span> <span class='ocrx_word' id='word_1_65' title='bbox 576 966 732 1006; x_wconf 72' lang='lat' dir='ltr'><strong><em>cupiditas</em></strong></span> <span class='ocrx_word' id='word_1_66' title='bbox 751 966 907 1006; x_wconf 73' lang='lat' dir='ltr'><strong>extirpari</strong></span> <span class='ocrx_word' id='word_1_67' title='bbox 921 969 1046 1006; x_wconf 71' lang='lat' dir='ltr'><strong>queant.</strong></span> <span class='ocrx_word' id='word_1_68' title='bbox 1091 966 1232 998; x_wconf 81' lang='lat' dir='ltr'><strong><em>Subinde</em></strong></span> <span class='ocrx_word' id='word_1_69' title='bbox 1249 967 1336 1007; x_wconf 83' lang='lat' dir='ltr'><strong><em>plebs</em></strong></span> <span class='ocrx_word' id='word_1_70' title='bbox 1352 968 1532 997; x_wconf 77' lang='lat' dir='ltr'><em>inconstans</em></span> <span class='ocrx_word' id='word_1_71' title='bbox 1550 965 1658 996; x_wconf 75' lang='lat' dir='ltr'><strong>studia</strong></span> 
     </span>
     <span class='ocr_line' id='line_1_12' title="bbox 196 1006 1658 1049; baseline -0.001 -11"><span class='ocrx_word' id='word_1_72' title='bbox 196 1006 308 1046; x_wconf 73' lang='lat' dir='ltr'><strong>vertit,</strong></span> <span class='ocrx_word' id='word_1_73' title='bbox 327 1007 456 1048; x_wconf 77' lang='lat' dir='ltr'><strong>jamque</strong></span> <span class='ocrx_word' id='word_1_74' title='bbox 476 1017 582 1039; x_wconf 72' lang='lat' dir='ltr'><strong>versus</strong></span> <span class='ocrx_word' id='word_1_75' title='bbox 600 1009 732 1040; x_wconf 80' lang='lat' dir='ltr'><strong>condere</strong></span> <span class='ocrx_word' id='word_1_76' title='bbox 753 1012 876 1040; x_wconf 70' lang='lat' dir='ltr'><strong>tantum</strong></span> <span class='ocrx_word' id='word_1_77' title='bbox 890 1012 986 1049; x_wconf 66' lang='lat' dir='ltr'><strong>ansat-</strong></span> <span class='ocrx_word' id='word_1_78' title='bbox 1028 1009 1167 1040; x_wconf 66' lang='lat' dir='ltr'><strong>Juvenes</strong></span> <span class='ocrx_word' id='word_1_79' title='bbox 1188 1019 1225 1040; x_wconf 78' lang='lat' dir='ltr'><strong>uc</strong></span> <span class='ocrx_word' id='word_1_80' title='bbox 1249 1019 1337 1041; x_wconf 78' lang='lat' dir='ltr'><strong>senes</strong></span> <span class='ocrx_word' id='word_1_81' title='bbox 1357 1018 1472 1048; x_wconf 79' lang='lat' dir='ltr'><strong>graves</strong></span> <span class='ocrx_word' id='word_1_82' title='bbox 1489 1006 1658 1046; x_wconf 76' lang='lat' dir='ltr'><strong><em>frondibus</em></strong></span> 
     </span>
     <span class='ocr_line' id='line_1_13' title="bbox 198 1049 1659 1092; baseline -0.001 -13"><span class='ocrx_word' id='word_1_83' title='bbox 198 1049 338 1081; x_wconf 69' lang='lat' dir='ltr'><strong>coronata·</strong></span> <span class='ocrx_word' id='word_1_84' title='bbox 352 1050 517 1091; x_wconf 74' lang='lat' dir='ltr'><strong><em>epulantur</em></strong></span> <span class='ocrx_word' id='word_1_85' title='bbox 531 1054 560 1082; x_wconf 80' lang='lat' dir='ltr'><strong>el</strong></span> <span class='ocrx_word' id='word_1_86' title='bbox 575 1060 682 1082; x_wconf 82' lang='lat' dir='ltr'><strong>versus</strong></span> <span class='ocrx_word' id='word_1_87' title='bbox 693 1051 909 1091; x_wconf 63' lang='lat' dir='ltr'><strong>pronuntiant.</strong></span> <span class='ocrx_word' id='word_1_88' title='bbox 953 1052 1060 1092; x_wconf 72' lang='lat' dir='ltr'><strong>Atque</strong></span> <span class='ocrx_word' id='word_1_89' title='bbox 1078 1055 1198 1091; x_wconf 79' lang='lat' dir='ltr'><em>egomet</em></span> <span class='ocrx_word' id='word_1_90' title='bbox 1215 1052 1268 1092; x_wconf 80' lang='lat' dir='ltr'><strong>qui</strong></span> <span class='ocrx_word' id='word_1_91' title='bbox 1283 1052 1367 1082; x_wconf 80' lang='lat' dir='ltr'><strong>nulla</strong></span> <span class='ocrx_word' id='word_1_92' title='bbox 1381 1061 1429 1082; x_wconf 86' lang='lat' dir='ltr'><strong>me</strong></span> <span class='ocrx_word' id='word_1_93' title='bbox 1449 1052 1578 1082; x_wconf 75' lang='lat' dir='ltr'><strong>condere</strong></span> <span class='ocrx_word' id='word_1_94' title='bbox 1590 1057 1659 1079; x_wconf 83' lang='lat' dir='ltr'><strong>car·</strong></span> 
     </span>
     <span class='ocr_line' id='line_1_14' title="bbox 198 1091 1658 1135; baseline -0.001 -12"><span class='ocrx_word' id='word_1_95' title='bbox 198 1091 284 1123; x_wconf 65' lang='lat' dir='ltr'><strong>nana</strong></span> <span class='ocrx_word' id='word_1_96' title='bbox 298 1101 452 1134; x_wconf 76' lang='lat' dir='ltr'><strong>assevero,</strong></span> <span class='ocrx_word' id='word_1_97' title='bbox 463 1093 595 1125; x_wconf 83' lang='lat' dir='ltr'><strong>Parthis</strong></span> <span class='ocrx_word' id='word_1_98' title='bbox 608 1093 784 1125; x_wconf 75' lang='lat' dir='ltr'><strong>mendacior</strong></span> <span class='ocrx_word' id='word_1_99' title='bbox 795 1104 876 1131; x_wconf 84' lang='lat' dir='ltr'><strong>sum,</strong></span> <span class='ocrx_word' id='word_1_100' title='bbox 891 1096 984 1135; x_wconf 76' lang='lat' dir='ltr'><strong>utque</strong></span> <span class='ocrx_word' id='word_1_101' title='bbox 996 1097 1070 1126; x_wconf 71' lang='lat' dir='ltr'><strong>onte</strong></span> <span class='ocrx_word' id='word_1_102' title='bbox 1080 1097 1224 1126; x_wconf 72' lang='lat' dir='ltr'><strong>exortum</strong></span> <span class='ocrx_word' id='word_1_103' title='bbox 1238 1095 1330 1125; x_wconf 81' lang='lat' dir='ltr'><strong>solem</strong></span> <span class='ocrx_word' id='word_1_104' title='bbox 1339 1094 1477 1133; x_wconf 72' lang='lat' dir='ltr'><strong>vigilans</strong></span> <span class='ocrx_word' id='word_1_105' title='bbox 1487 1096 1560 1134; x_wconf 81' lang='lat' dir='ltr'><strong>peto</strong></span> <span class='ocrx_word' id='word_1_106' title='bbox 1575 1092 1658 1123; x_wconf 75' lang='lat' dir='ltr'><strong>cala-</strong></span> 
     </span>
    </p>
   </div>
   <div class='ocr_carea' id='block_1_5' title="bbox 818 1178 1059 1191">
    <p class='ocr_par' dir='ltr' id='par_1_5' title="bbox 818 1178 1059 1191">
     <span class='ocr_line' id='line_1_15' title="bbox 818 1178 1059 1191; baseline 0 0"><span class='ocrx_word' id='word_1_107' title='bbox 818 1178 1059 1191; x_wconf 60' lang='lat' dir='ltr'><strong>‘omum</strong></span> 
     </span>
    </p>
   </div>
   <div class='ocr_carea' id='block_1_6' title="bbox 199 1241 1669 2045">
    <p class='ocr_par' dir='ltr' id='par_1_6' title="bbox 199 1241 1669 2045">
     <span class='ocr_line' id='line_1_16' title="bbox 199 1241 1662 1292; baseline 0 -20"><span class='ocrx_word' id='word_1_108' title='bbox 199 1241 296 1274; x_wconf 75' lang='lat' dir='ltr'><strong>rectis</strong></span> <span class='ocrx_word' id='word_1_109' title='bbox 312 1241 452 1274; x_wconf 76' lang='lat' dir='ltr'><strong>aliorum</strong></span> <span class='ocrx_word' id='word_1_110' title='bbox 469 1243 554 1292; x_wconf 69' lang='lat' dir='ltr'><strong>Mss.</strong></span> <span class='ocrx_word' id='word_1_111' title='bbox 572 1248 607 1276; x_wconf 86' lang='lat' dir='ltr'><strong>et</strong></span> <span class='ocrx_word' id='word_1_112' title='bbox 623 1243 870 1285; x_wconf 84' lang='lat' dir='ltr'><strong>Porphyrionis</strong></span> <span class='ocrx_word' id='word_1_113' title='bbox 884 1255 892 1276; x_wconf 89' lang='lat'>:</span> <span class='ocrx_word' id='word_1_114' title='bbox 916 1244 1012 1276; x_wconf 75' lang='lat' dir='ltr'><strong>certis</strong></span> <span class='ocrx_word' id='word_1_115' title='bbox 1025 1244 1148 1276; x_wconf 88' lang='lat' dir='ltr'><strong>iterum</strong></span> <span class='ocrx_word' id='word_1_116' title='bbox 1165 1243 1326 1285; x_wconf 81' lang='lat' dir='ltr'><strong>producit</strong></span> <span class='ocrx_word' id='word_1_117' title='bbox 1343 1243 1460 1276; x_wconf 81' lang='lat' dir='ltr'><strong>Benti.</strong></span> <span class='ocrx_word' id='word_1_118' title='bbox 1472 1246 1662 1284; x_wconf 87' lang='lat' dir='ltr'><strong>sequuntur</strong></span> 
     </span>
     <span class='ocr_line' id='line_1_17' title="bbox 201 1285 1662 1369; baseline -0.001 -12"><span class='ocrx_word' id='word_1_119' title='bbox 201 1285 507 1359; x_wconf 58' lang='lat' dir='ltr'><strong>{221¹2³I¹¹2⁰§ff.;?3,22</strong></span> <span class='ocrx_word' id='word_1_120' title='bbox 519 1286 1378 1369; x_wconf 39' lang='lat' dir='ltr'><strong>22¹0&amp;ssss{Zssffimffiss‘e‘ssffi}3235?ssssssss</strong></span> <span class='ocrx_word' id='word_1_121' title='bbox 1389 1285 1662 1367; x_wconf 45' lang='lat' dir='ltr'><strong>&amp;3523ss</strong></span> 
     </span>
     <span class='ocr_line' id='line_1_18' title="bbox 202 1368 1663 1411; baseline 0 -12"><span class='ocrx_word' id='word_1_122' title='bbox 202 1375 238 1400; x_wconf 84' lang='lat' dir='ltr'><strong>et</strong></span> <span class='ocrx_word' id='word_1_123' title='bbox 252 1368 444 1401; x_wconf 78' lang='lat' dir='ltr'><strong>honestatis</strong></span> <span class='ocrx_word' id='word_1_124' title='bbox 463 1370 617 1406; x_wconf 83' lang='lat' dir='ltr'><strong>redacta,</strong></span> <span class='ocrx_word' id='word_1_125' title='bbox 633 1375 704 1401; x_wconf 91' lang='lat' dir='ltr'><strong>tum</strong></span> <span class='ocrx_word' id='word_1_126' title='bbox 721 1370 832 1410; x_wconf 83' lang='lat' dir='ltr'><strong>quoad</strong></span> <span class='ocrx_word' id='word_1_127' title='bbox 847 1374 986 1408; x_wconf 78' lang='lat' dir='ltr'><strong>sortem,</strong></span> <span class='ocrx_word' id='word_1_128' title='bbox 1003 1375 1074 1400; x_wconf 84' lang='lat' dir='ltr'><strong>tum</strong></span> <span class='ocrx_word' id='word_1_129' title='bbox 1092 1370 1203 1411; x_wconf 85' lang='lat' dir='ltr'><strong>quoad</strong></span> <span class='ocrx_word' id='word_1_130' title='bbox 1220 1379 1350 1402; x_wconf 89' lang='lat' dir='ltr'><strong>usuras.</strong></span> <span class='ocrx_word' id='word_1_131' title='bbox 1384 1370 1471 1402; x_wconf 82' lang='lat' dir='ltr'><strong>Quae</strong></span> <span class='ocrx_word' id='word_1_132' title='bbox 1488 1369 1554 1400; x_wconf 86' lang='lat' dir='ltr'><strong>rite</strong></span> <span class='ocrx_word' id='word_1_133' title='bbox 1569 1371 1663 1399; x_wconf 80' lang='lat' dir='ltr'><strong>cauea</strong></span> 
     </span>
     <span class='ocr_line' id='line_1_19' title="bbox 202 1411 1662 1450; baseline -0.001 -8"><span class='ocrx_word' id='word_1_134' title='bbox 202 1414 294 1450; x_wconf 81' lang='lat' dir='ltr'><strong>sunt,</strong></span> <span class='ocrx_word' id='word_1_135' title='bbox 314 1411 380 1442; x_wconf 78' lang='lat' dir='ltr'><strong>&#39;am</strong></span> <span class='ocrx_word' id='word_1_136' title='bbox 397 1415 476 1442; x_wconf 85' lang='lat' dir='ltr'><strong>sunt</strong></span> <span class='ocrx_word' id='word_1_137' title='bbox 490 1415 587 1442; x_wconf 77' lang='lat' dir='ltr'><strong>certa.</strong></span> <span class='ocrx_word' id='word_1_138' title='bbox 632 1411 767 1442; x_wconf 74' lang='lat' dir='ltr'><strong>Passim</strong></span> <span class='ocrx_word' id='word_1_139' title='bbox 780 1412 814 1442; x_wconf 93' lang='lat' dir='ltr'><strong>in</strong></span> <span class='ocrx_word' id='word_1_140' title='bbox 827 1411 914 1442; x_wconf 87' lang='lat' dir='ltr'><strong>Mss.</strong></span> <span class='ocrx_word' id='word_1_141' title='bbox 930 1414 1060 1450; x_wconf 77' lang='lat' dir='ltr'><strong>rectum,</strong></span> <span class='ocrx_word' id='word_1_142' title='bbox 1077 1416 1112 1443; x_wconf 90' lang='lat' dir='ltr'><strong>et</strong></span> <span class='ocrx_word' id='word_1_143' title='bbox 1127 1414 1247 1442; x_wconf 79' lang='lat' dir='ltr'><strong>certum</strong></span> <span class='ocrx_word' id='word_1_144' title='bbox 1261 1416 1529 1449; x_wconf 86' lang='lat' dir='ltr'><strong>commutantur,</strong></span> <span class='ocrx_word' id='word_1_145' title='bbox 1543 1415 1582 1441; x_wconf 92' lang='lat' dir='ltr'><strong>ut</strong></span> <span class='ocrx_word' id='word_1_146' title='bbox 1601 1420 1662 1440; x_wconf 89' lang='lat' dir='ltr'><strong>no-</strong></span> 
     </span>
     <span class='ocr_line' id='line_1_20' title="bbox 202 1452 1663 1494; baseline -0.001 -10"><span class='ocrx_word' id='word_1_147' title='bbox 202 1456 279 1484; x_wconf 80' lang='lat' dir='ltr'><strong>tant</strong></span> <span class='ocrx_word' id='word_1_148' title='bbox 322 1457 518 1493; x_wconf 86' lang='lat' dir='ltr'><strong>nterpretes</strong></span> <span class='ocrx_word' id='word_1_149' title='bbox 535 1453 578 1484; x_wconf 85' lang='lat' dir='ltr'><strong>ad</strong></span> <span class='ocrx_word' id='word_1_150' title='bbox 595 1453 723 1485; x_wconf 84' lang='lat' dir='ltr'><strong>Lucan.</strong></span> <span class='ocrx_word' id='word_1_151' title='bbox 741 1463 776 1484; x_wconf 92' lang='lat' dir='ltr'><strong>v.</strong></span> <span class='ocrx_word' id='word_1_152' title='bbox 790 1456 867 1485; x_wconf 82' lang='grc'><strong>417.</strong></span> <span class='ocrx_word' id='word_1_153' title='bbox 892 1457 928 1484; x_wconf 89' lang='lat' dir='ltr'><strong>et</strong></span> <span class='ocrx_word' id='word_1_154' title='bbox 950 1462 1016 1484; x_wconf 84' lang='lat' dir='ltr'><strong>vn.</strong></span> <span class='ocrx_word' id='word_1_155' title='bbox 1031 1456 1105 1486; x_wconf 87' lang='grc'><strong>216.</strong></span> <span class='ocrx_word' id='word_1_156' title='bbox 1123 1453 1166 1484; x_wconf 84' lang='lat' dir='ltr'><strong>ad</strong></span> <span class='ocrx_word' id='word_1_157' title='bbox 1184 1453 1283 1485; x_wconf 85' lang='lat' dir='ltr'><strong>Grat.</strong></span> <span class='ocrx_word' id='word_1_158' title='bbox 1300 1454 1433 1494; x_wconf 84' lang='lat' dir='ltr'><strong>Cyneg.</strong></span> <span class='ocrx_word' id='word_1_159' title='bbox 1448 1456 1482 1484; x_wconf 88' lang='grc'><strong>7.</strong></span> <span class='ocrx_word' id='word_1_160' title='bbox 1496 1452 1539 1483; x_wconf 85' lang='lat' dir='ltr'><strong>ad</strong></span> <span class='ocrx_word' id='word_1_161' title='bbox 1555 1453 1663 1485; x_wconf 84' lang='lat' dir='ltr'><strong>Quin-</strong></span> 
     </span>
     <span class='ocr_line' id='line_1_21' title="bbox 199 1494 1663 1537; baseline 0 -11"><span class='ocrx_word' id='word_1_162' title='bbox 199 1494 358 1527; x_wconf 65' lang='lat' dir='ltr'><strong>til-lust.</strong></span> <span class='ocrx_word' id='word_1_163' title='bbox 376 1495 476 1527; x_wconf 79' lang='lat' dir='ltr'><strong>Orat.</strong></span> <span class='ocrx_word' id='word_1_164' title='bbox 492 1505 518 1527; x_wconf 89' lang='lat'><strong>1.</strong></span> <span class='ocrx_word' id='word_1_165' title='bbox 534 1498 567 1527; x_wconf 88' lang='grc'><strong>6.</strong></span> <span class='ocrx_word' id='word_1_166' title='bbox 585 1495 628 1527; x_wconf 87' lang='lat' dir='ltr'><strong>ad</strong></span> <span class='ocrx_word' id='word_1_167' title='bbox 645 1496 764 1527; x_wconf 83' lang='lat' dir='ltr'><strong>Senec.</strong></span> <span class='ocrx_word' id='word_1_168' title='bbox 781 1495 862 1527; x_wconf 86' lang='lat' dir='ltr'><strong>OEd.</strong></span> <span class='ocrx_word' id='word_1_169' title='bbox 876 1497 952 1527; x_wconf 88' lang='grc'><strong>987.</strong></span> <span class='ocrx_word' id='word_1_170' title='bbox 972 1496 1089 1527; x_wconf 88' lang='lat' dir='ltr'><strong>Burm.</strong></span> <span class='ocrx_word' id='word_1_171' title='bbox 1106 1495 1149 1527; x_wconf 85' lang='lat' dir='ltr'><strong>ad</strong></span> <span class='ocrx_word' id='word_1_172' title='bbox 1165 1496 1324 1537; x_wconf 83' lang='lat' dir='ltr'><strong>Propert.</strong></span> <span class='ocrx_word' id='word_1_173' title='bbox 1342 1505 1366 1527; x_wconf 84' lang='lat'><strong>1.</strong></span> <span class='ocrx_word' id='word_1_174' title='bbox 1384 1499 1437 1528; x_wconf 86' lang='lat'><strong>19.</strong></span> <span class='ocrx_word' id='word_1_175' title='bbox 1454 1494 1521 1527; x_wconf 60' lang='grc'><strong>243</strong></span> <span class='ocrx_word' id='word_1_176' title='bbox 1543 1495 1663 1526; x_wconf 72' lang='lat' dir='ltr'><strong>Fen.—</strong></span> 
     </span>
     <span class='ocr_line' id='line_1_22' title="bbox 203 1537 1662 1579; baseline -0.001 -10"><span class='ocrx_word' id='word_1_177' title='bbox 203 1538 266 1569; x_wconf 73' lang='lat'><strong>10⁷</strong></span> <span class='ocrx_word' id='word_1_178' title='bbox 288 1537 370 1569; x_wconf 83' lang='lat' dir='ltr'><strong>Vat.</strong></span> <span class='ocrx_word' id='word_1_179' title='bbox 385 1540 418 1569; x_wconf 78' lang='grc'><strong>4.</strong></span> <span class='ocrx_word' id='word_1_180' title='bbox 442 1541 478 1569; x_wconf 90' lang='lat' dir='ltr'><strong>et</strong></span> <span class='ocrx_word' id='word_1_181' title='bbox 503 1537 737 1570; x_wconf 89' lang='lat' dir='ltr'><strong>Schoenborn.</strong></span> <span class='ocrx_word' id='word_1_182' title='bbox 754 1541 786 1570; x_wconf 80' lang='lat'><strong>3.</strong></span> <span class='ocrx_word' id='word_1_183' title='bbox 812 1548 863 1570; x_wconf 87' lang='lat' dir='ltr'><strong>res</strong></span> <span class='ocrx_word' id='word_1_184' title='bbox 885 1538 998 1579; x_wconf 82' lang='lat' dir='ltr'><strong>possit.</strong></span> <span class='ocrx_word' id='word_1_185' title='bbox 1030 1537 1189 1579; x_wconf 81' lang='lat' dir='ltr'><strong>Angelic.</strong></span> <span class='ocrx_word' id='word_1_186' title='bbox 1203 1541 1237 1570; x_wconf 82' lang='lat'><strong>2.</strong></span> <span class='ocrx_word' id='word_1_187' title='bbox 1262 1539 1361 1570; x_wconf 83' lang='lat' dir='ltr'><strong>minui</strong></span> <span class='ocrx_word' id='word_1_188' title='bbox 1383 1542 1424 1570; x_wconf 83' lang='lat' dir='ltr'><strong>et.</strong></span> <span class='ocrx_word' id='word_1_189' title='bbox 1457 1537 1613 1569; x_wconf 84' lang='lat' dir='ltr'><strong>Vallicel.</strong></span> <span class='ocrx_word' id='word_1_190' title='bbox 1630 1539 1662 1568; x_wconf 90' lang='lat' dir='ltr'><strong>l.</strong></span> 
     </span>
     <span class='ocr_line' id='line_1_23' title="bbox 201 1580 1664 1622; baseline -0.001 -11"><span class='ocrx_word' id='word_1_191' title='bbox 201 1580 350 1611; x_wconf 75' lang='lat' dir='ltr'><strong>damnosa</strong></span> <span class='ocrx_word' id='word_1_192' title='bbox 364 1580 486 1621; x_wconf 74' lang='lat' dir='ltr'><strong>cupido.</strong></span> <span class='ocrx_word' id='word_1_193' title='bbox 519 1581 615 1612; x_wconf 90' lang='lat' dir='ltr'><strong>Unus</strong></span> <span class='ocrx_word' id='word_1_194' title='bbox 642 1581 859 1620; x_wconf 85' lang='lat' dir='ltr'><strong>Bersmanni‚</strong></span> <span class='ocrx_word' id='word_1_195' title='bbox 883 1581 1032 1612; x_wconf 78' lang='lat' dir='ltr'><strong>damnosa</strong></span> <span class='ocrx_word' id='word_1_196' title='bbox 1056 1582 1321 1622; x_wconf 56' lang='lat' dir='ltr'><strong>volupiam—109</strong></span> <span class='ocrx_word' id='word_1_197' title='bbox 1342 1581 1424 1613; x_wconf 83' lang='lat' dir='ltr'><strong>Vat.</strong></span> <span class='ocrx_word' id='word_1_198' title='bbox 1440 1583 1493 1612; x_wconf 90' lang='grc'><strong>17.</strong></span> <span class='ocrx_word' id='word_1_199' title='bbox 1517 1584 1553 1612; x_wconf 87' lang='lat' dir='ltr'><strong>et</strong></span> <span class='ocrx_word' id='word_1_200' title='bbox 1579 1588 1664 1611; x_wconf 90' lang='lat' dir='ltr'><strong>non·</strong></span> 
     </span>
     <span class='ocr_line' id='line_1_24' title="bbox 202 1622 1664 1664; baseline 0 -12"><span class='ocrx_word' id='word_1_201' title='bbox 202 1622 286 1653; x_wconf 88' lang='lat' dir='ltr'><strong>nulli</strong></span> <span class='ocrx_word' id='word_1_202' title='bbox 303 1632 359 1663; x_wconf 76' lang='lat' dir='ltr'><strong>ap.</strong></span> <span class='ocrx_word' id='word_1_203' title='bbox 371 1622 675 1664; x_wconf 76' lang='lat' dir='ltr'><strong>Jaeck‚puerique;</strong></span> <span class='ocrx_word' id='word_1_204' title='bbox 698 1623 748 1655; x_wconf 83' lang='lat' dir='ltr'><strong>ita</strong></span> <span class='ocrx_word' id='word_1_205' title='bbox 763 1623 867 1655; x_wconf 82' lang='lat' dir='ltr'><strong>etiam</strong></span> <span class='ocrx_word' id='word_1_206' title='bbox 890 1623 1001 1655; x_wconf 88' lang='lat' dir='ltr'><strong>Venu.</strong></span> <span class='ocrx_word' id='word_1_207' title='bbox 1016 1625 1111 1654; x_wconf 78' lang='lat'><strong>1481.</strong></span> <span class='ocrx_word' id='word_1_208' title='bbox 1124 1626 1219 1656; x_wconf 81' lang='grc'><strong>1483.</strong></span> <span class='ocrx_word' id='word_1_209' title='bbox 1235 1625 1437 1655; x_wconf 80' lang='grc'><strong>1486.1490.</strong></span> <span class='ocrx_word' id='word_1_210' title='bbox 1454 1625 1551 1654; x_wconf 80' lang='grc'><strong>1492.</strong></span> <span class='ocrx_word' id='word_1_211' title='bbox 1567 1624 1664 1653; x_wconf 84' lang='grc'><strong>1495.</strong></span> 
     </span>
     <span class='ocr_line' id='line_1_25' title="bbox 203 1663 1666 1707; baseline -0.001 -12"><span class='ocrx_word' id='word_1_212' title='bbox 203 1663 292 1696; x_wconf 88' lang='lat' dir='ltr'><strong>Flor.</strong></span> <span class='ocrx_word' id='word_1_213' title='bbox 308 1666 404 1696; x_wconf 75' lang='grc'><strong>1482.</strong></span> <span class='ocrx_word' id='word_1_214' title='bbox 426 1665 518 1705; x_wconf 84' lang='lat' dir='ltr'><strong>Lips.</strong></span> <span class='ocrx_word' id='word_1_215' title='bbox 534 1668 629 1697; x_wconf 84' lang='grc'><strong>1499.</strong></span> <span class='ocrx_word' id='word_1_216' title='bbox 651 1665 762 1698; x_wconf 85' lang='lat' dir='ltr'><strong>Jnnta</strong></span> <span class='ocrx_word' id='word_1_217' title='bbox 778 1668 875 1698; x_wconf 73' lang='lat'><strong>1503.</strong></span> <span class='ocrx_word' id='word_1_218' title='bbox 896 1665 984 1697; x_wconf 78' lang='lat' dir='ltr'><strong>Bad.</strong></span> <span class='ocrx_word' id='word_1_219' title='bbox 1001 1664 1146 1698; x_wconf 87' lang='lat' dir='ltr'><strong>Ascens.</strong></span> <span class='ocrx_word' id='word_1_220' title='bbox 1163 1666 1346 1707; x_wconf 86' lang='lat' dir='ltr'><strong>Crnquius.</strong></span> <span class='ocrx_word' id='word_1_221' title='bbox 1371 1667 1381 1683; x_wconf 83' lang='lat'><strong>⁴</strong></span> <span class='ocrx_word' id='word_1_222' title='bbox 1395 1666 1473 1698; x_wconf 89' lang='lat' dir='ltr'><strong>Non</strong></span> <span class='ocrx_word' id='word_1_223' title='bbox 1491 1670 1606 1696; x_wconf 87' lang='lat' dir='ltr'><strong>tamen</strong></span> <span class='ocrx_word' id='word_1_224' title='bbox 1621 1673 1666 1694; x_wconf 80' lang='lat' dir='ltr'><strong>ex</strong></span> 
     </span>
     <span class='ocr_line' id='line_1_26' title="bbox 203 1706 1666 1749; baseline -0.001 -12"><span class='ocrx_word' id='word_1_225' title='bbox 203 1707 274 1737; x_wconf 85' lang='lat' dir='ltr'><strong>suis</strong></span> <span class='ocrx_word' id='word_1_226' title='bbox 291 1707 375 1739; x_wconf 86' lang='lat' dir='ltr'><strong>Mss.</strong></span> <span class='ocrx_word' id='word_1_227' title='bbox 392 1712 430 1739; x_wconf 89' lang='lat' dir='ltr'><strong>nt</strong></span> <span class='ocrx_word' id='word_1_228' title='bbox 453 1708 541 1739; x_wconf 82' lang='lat' dir='ltr'><strong>male</strong></span> <span class='ocrx_word' id='word_1_229' title='bbox 567 1709 692 1739; x_wconf 90' lang='lat' dir='ltr'><strong>iterum</strong></span> <span class='ocrx_word' id='word_1_230' title='bbox 719 1708 840 1740; x_wconf 82' lang='lat' dir='ltr'><strong>asserit</strong></span> <span class='ocrx_word' id='word_1_231' title='bbox 855 1708 1049 1748; x_wconf 71' lang='lat' dir='ltr'><strong>Bendeius,</strong></span> <span class='ocrx_word' id='word_1_232' title='bbox 1071 1708 1130 1749; x_wconf 89' lang='lat' dir='ltr'><strong>qui</strong></span> <span class='ocrx_word' id='word_1_233' title='bbox 1152 1708 1332 1748; x_wconf 81' lang='lat' dir='ltr'><strong>adoptavit</strong></span> <span class='ocrx_word' id='word_1_234' title='bbox 1354 1708 1389 1739; x_wconf 90' lang='lat' dir='ltr'><strong>in</strong></span> <span class='ocrx_word' id='word_1_235' title='bbox 1413 1713 1512 1739; x_wconf 82' lang='lat' dir='ltr'><strong>textu</strong></span> <span class='ocrx_word' id='word_1_236' title='bbox 1537 1717 1580 1738; x_wconf 81' lang='lat' dir='ltr'><strong>ex</strong></span> <span class='ocrx_word' id='word_1_237' title='bbox 1600 1706 1666 1736; x_wconf 86' lang='lat' dir='ltr'><strong>hac</strong></span> 
     </span>
     <span class='ocr_line' id='line_1_27' title="bbox 203 1749 1666 1792; baseline -0.001 -13"><span class='ocrx_word' id='word_1_238' title='bbox 203 1749 452 1790; x_wconf 77' lang='lat' dir='ltr'><strong>suppositione,</strong></span> <span class='ocrx_word' id='word_1_239' title='bbox 468 1755 505 1782; x_wconf 87' lang='lat' dir='ltr'><strong>et</strong></span> <span class='ocrx_word' id='word_1_240' title='bbox 521 1749 563 1781; x_wconf 86' lang='lat' dir='ltr'><strong>ab</strong></span> <span class='ocrx_word' id='word_1_241' title='bbox 577 1750 745 1792; x_wconf 80' lang='lat' dir='ltr'><strong>aliquibus</strong></span> <span class='ocrx_word' id='word_1_242' title='bbox 762 1751 882 1791; x_wconf 79' lang='lat' dir='ltr'><strong>priscis</strong></span> <span class='ocrx_word' id='word_1_243' title='bbox 907 1749 1128 1789; x_wconf 84' lang='lat' dir='ltr'><strong>editionibus,</strong></span> <span class='ocrx_word' id='word_1_244' title='bbox 1155 1754 1315 1792; x_wconf 79' lang='lat' dir='ltr'><strong>tauquam</strong></span> <span class='ocrx_word' id='word_1_245' title='bbox 1340 1749 1478 1781; x_wconf 84' lang='lat' dir='ltr'><strong>auribus</strong></span> <span class='ocrx_word' id='word_1_246' title='bbox 1498 1749 1567 1780; x_wconf 87' lang='lat' dir='ltr'><strong>suis</strong></span> <span class='ocrx_word' id='word_1_247' title='bbox 1591 1757 1666 1778; x_wconf 84' lang='lat' dir='ltr'><strong>sua-</strong></span> 
     </span>
     <span class='ocr_line' id='line_1_28' title="bbox 203 1791 1666 1833; baseline -0.001 -12"><span class='ocrx_word' id='word_1_248' title='bbox 203 1791 292 1830; x_wconf 79' lang='lat' dir='ltr'><strong>vius,</strong></span> <span class='ocrx_word' id='word_1_249' title='bbox 307 1796 345 1823; x_wconf 88' lang='lat' dir='ltr'><strong>et</strong></span> <span class='ocrx_word' id='word_1_250' title='bbox 360 1793 569 1824; x_wconf 84' lang='lat' dir='ltr'><strong>numerosius</strong></span> <span class='ocrx_word' id='word_1_251' title='bbox 583 1803 593 1831; x_wconf 87' lang='lat'>;</span> <span class='ocrx_word' id='word_1_252' title='bbox 617 1792 678 1824; x_wconf 88' lang='lat' dir='ltr'><strong>sed</strong></span> <span class='ocrx_word' id='word_1_253' title='bbox 694 1793 801 1833; x_wconf 81' lang='lat' dir='ltr'><strong>magis</strong></span> <span class='ocrx_word' id='word_1_254' title='bbox 816 1801 930 1824; x_wconf 81' lang='lat' dir='ltr'><strong>amore</strong></span> <span class='ocrx_word' id='word_1_255' title='bbox 946 1791 1133 1824; x_wconf 85' lang='lat' dir='ltr'><strong>novitatis.&#39;</strong></span> <span class='ocrx_word' id='word_1_256' title='bbox 1149 1792 1224 1823; x_wconf 79' lang='lat' dir='ltr'><strong>Fea.</strong></span> <span class='ocrx_word' id='word_1_257' title='bbox 1262 1793 1364 1823; x_wconf 88' lang='lat' dir='ltr'><strong>Illum</strong></span> <span class='ocrx_word' id='word_1_258' title='bbox 1381 1797 1570 1832; x_wconf 86' lang='lat' dir='ltr'><strong>sequuntur</strong></span> <span class='ocrx_word' id='word_1_259' title='bbox 1585 1799 1666 1821; x_wconf 80' lang='lat' dir='ltr'><strong>ano-</strong></span> 
     </span>
     <span class='ocr_line' id='line_1_29' title="bbox 205 1832 1665 1874; baseline -0.001 -11"><span class='ocrx_word' id='word_1_260' title='bbox 205 1842 326 1874; x_wconf 80' lang='lat' dir='ltr'><strong>nymus</strong></span> <span class='ocrx_word' id='word_1_261' title='bbox 336 1835 433 1865; x_wconf 74' lang='lat'><strong>1⁷13.</strong></span> <span class='ocrx_word' id='word_1_262' title='bbox 446 1835 550 1866; x_wconf 86' lang='lat' dir='ltr'><strong>Baxt.</strong></span> <span class='ocrx_word' id='word_1_263' title='bbox 567 1835 653 1865; x_wconf 86' lang='lat' dir='ltr'><strong>Cun.</strong></span> <span class='ocrx_word' id='word_1_264' title='bbox 668 1834 750 1866; x_wconf 86' lang='lat' dir='ltr'><strong>San.</strong></span> <span class='ocrx_word' id='word_1_265' title='bbox 763 1835 874 1866; x_wconf 83' lang='lat' dir='ltr'><strong>Merv.</strong></span> <span class='ocrx_word' id='word_1_266' title='bbox 886 1834 990 1865; x_wconf 87' lang='lat' dir='ltr'><strong>Gesn.</strong></span> <span class='ocrx_word' id='word_1_267' title='bbox 999 1834 1121 1865; x_wconf 87' lang='lat' dir='ltr'><strong>Oberl.</strong></span> <span class='ocrx_word' id='word_1_268' title='bbox 1134 1833 1276 1872; x_wconf 88' lang='lat' dir='ltr'><strong>Combe,</strong></span> <span class='ocrx_word' id='word_1_269' title='bbox 1290 1833 1422 1865; x_wconf 83' lang='lat' dir='ltr'><strong>Wakef.</strong></span> <span class='ocrx_word' id='word_1_270' title='bbox 1437 1834 1546 1865; x_wconf 88' lang='lat' dir='ltr'><strong>Wetz.</strong></span> <span class='ocrx_word' id='word_1_271' title='bbox 1556 1832 1665 1864; x_wconf 85' lang='lat' dir='ltr'><strong>Zeun.</strong></span> 
     </span>
     <span class='ocr_line' id='line_1_30' title="bbox 206 1875 1668 1917; baseline 0 -11"><span class='ocrx_word' id='word_1_272' title='bbox 206 1875 347 1915; x_wconf 84' lang='lat' dir='ltr'><strong>Bipont.</strong></span> <span class='ocrx_word' id='word_1_273' title='bbox 360 1875 466 1907; x_wconf 87' lang='lat' dir='ltr'><strong>Kidd.</strong></span> <span class='ocrx_word' id='word_1_274' title='bbox 478 1876 601 1915; x_wconf 84' lang='lat' dir='ltr'><strong>Jaeck,</strong></span> <span class='ocrx_word' id='word_1_275' title='bbox 614 1883 650 1908; x_wconf 90' lang='lat' dir='ltr'><strong>et</strong></span> <span class='ocrx_word' id='word_1_276' title='bbox 665 1876 823 1917; x_wconf 86' lang='lat' dir='ltr'><strong>Doering.</strong></span> <span class='ocrx_word' id='word_1_277' title='bbox 837 1876 876 1907; x_wconf 82' lang='grc' dir='ltr'><strong>τὸ</strong></span> <span class='ocrx_word' id='word_1_278' title='bbox 890 1886 947 1916; x_wconf 82' lang='lat' dir='ltr'><strong>que</strong></span> <span class='ocrx_word' id='word_1_279' title='bbox 962 1884 1028 1906; x_wconf 89' lang='lat' dir='ltr'><strong>non</strong></span> <span class='ocrx_word' id='word_1_280' title='bbox 1042 1880 1228 1915; x_wconf 86' lang='lat' dir='ltr'><strong>agnoscunt</strong></span> <span class='ocrx_word' id='word_1_281' title='bbox 1240 1875 1424 1915; x_wconf 75' lang='lat' dir='ltr'><strong>Bamberg.</strong></span> <span class='ocrx_word' id='word_1_282' title='bbox 1438 1876 1668 1907; x_wconf 85' lang='lat' dir='ltr'><strong>Schoenborn.</strong></span> 
     </span>
     <span class='ocr_line' id='line_1_31' title="bbox 206 1917 1669 1959; baseline 0.001 -12"><span class='ocrx_word' id='word_1_283' title='bbox 206 1918 238 1948; x_wconf 80' lang='lat'><strong>2.</strong></span> <span class='ocrx_word' id='word_1_284' title='bbox 264 1917 359 1949; x_wconf 76' lang='lat' dir='ltr'><strong>Harl.</strong></span> <span class='ocrx_word' id='word_1_285' title='bbox 373 1920 405 1949; x_wconf 85' lang='lat'><strong>2.</strong></span> <span class='ocrx_word' id='word_1_286' title='bbox 422 1920 453 1948; x_wconf 79' lang='lat'><strong>3.</strong></span> <span class='ocrx_word' id='word_1_287' title='bbox 466 1920 498 1949; x_wconf 75' lang='lat'><strong>4.</strong></span> <span class='ocrx_word' id='word_1_288' title='bbox 512 1921 544 1949; x_wconf 83' lang='lat'><strong>6.</strong></span> <span class='ocrx_word' id='word_1_289' title='bbox 558 1921 591 1950; x_wconf 93' lang='grc'><strong>7.</strong></span> <span class='ocrx_word' id='word_1_290' title='bbox 614 1918 667 1959; x_wconf 80' lang='lat' dir='ltr'><strong>alii</strong></span> <span class='ocrx_word' id='word_1_291' title='bbox 695 1927 736 1949; x_wconf 89' lang='lat' dir='ltr'><strong>ue</strong></span> <span class='ocrx_word' id='word_1_292' title='bbox 752 1918 855 1950; x_wconf 88' lang='lat' dir='ltr'><strong>codd.</strong></span> <span class='ocrx_word' id='word_1_293' title='bbox 870 1918 1126 1959; x_wconf 79' lang='lat' dir='ltr'><strong>quamplurimi,</strong></span> <span class='ocrx_word' id='word_1_294' title='bbox 1152 1917 1339 1959; x_wconf 74' lang='lat' dir='ltr'><strong>juvenesque</strong></span> <span class='ocrx_word' id='word_1_295' title='bbox 1354 1918 1511 1949; x_wconf 80' lang='lat' dir='ltr'><strong>Britann.</strong></span> <span class='ocrx_word' id='word_1_296' title='bbox 1529 1919 1669 1950; x_wconf 78' lang='lat'><strong>1520.—</strong></span> 
     </span>
     <span class='ocr_line' id='line_1_32' title="bbox 209 1959 1657 2001; baseline 0 -12"><span class='ocrx_word' id='word_1_297' title='bbox 209 1960 272 1990; x_wconf 85' lang='lat'><strong>110</strong></span> <span class='ocrx_word' id='word_1_298' title='bbox 299 1959 420 1991; x_wconf 77' lang='lat' dir='ltr'><strong>Fronde</strong></span> <span class='ocrx_word' id='word_1_299' title='bbox 434 1969 532 1991; x_wconf 82' lang='lat' dir='ltr'><strong>comes</strong></span> <span class='ocrx_word' id='word_1_300' title='bbox 545 1959 676 1992; x_wconf 84' lang='lat' dir='ltr'><strong>Schoen</strong></span> <span class='ocrx_word' id='word_1_301' title='bbox 704 1970 777 1993; x_wconf 87' lang='lat' dir='ltr'><strong>orn.</strong></span> <span class='ocrx_word' id='word_1_302' title='bbox 793 1963 826 1992; x_wconf 81' lang='lat'><strong>2.</strong></span> <span class='ocrx_word' id='word_1_303' title='bbox 849 1961 947 1992; x_wconf 71' lang='lat' dir='ltr'><strong>vincti</strong></span> <span class='ocrx_word' id='word_1_304' title='bbox 960 1963 1083 1991; x_wconf 79' lang='lat' dir='ltr'><strong>certant</strong></span> <span class='ocrx_word' id='word_1_305' title='bbox 1098 1960 1296 1992; x_wconf 80' lang='lat' dir='ltr'><strong>Markland.</strong></span> <span class='ocrx_word' id='word_1_306' title='bbox 1312 1960 1355 1991; x_wconf 89' lang='lat' dir='ltr'><strong>ad</strong></span> <span class='ocrx_word' id='word_1_307' title='bbox 1371 1961 1458 1992; x_wconf 84' lang='lat' dir='ltr'><strong>Stat.</strong></span> <span class='ocrx_word' id='word_1_308' title='bbox 1473 1960 1568 2001; x_wconf 91' lang='lat' dir='ltr'><strong>Sylv.</strong></span> <span class='ocrx_word' id='word_1_309' title='bbox 1585 1969 1621 1990; x_wconf 76' lang='lat' dir='ltr'><strong>v.</strong></span> <span class='ocrx_word' id='word_1_310' title='bbox 1639 1961 1657 1990; x_wconf 88' lang='grc'><strong>1</strong></span> 
     </span>
     <span class='ocr_line' id='line_1_33' title="bbox 208 2002 1669 2045; baseline 0.001 -13"><span class='ocrx_word' id='word_1_311' title='bbox 208 2009 242 2042; x_wconf 91' lang='lat' dir='ltr'><strong>p.</strong></span> <span class='ocrx_word' id='word_1_312' title='bbox 259 2003 439 2035; x_wconf 75' lang='grc'><strong>247.--111</strong></span> <span class='ocrx_word' id='word_1_313' title='bbox 465 2003 550 2035; x_wconf 86' lang='lat' dir='ltr'><strong>Exc.</strong></span> <span class='ocrx_word' id='word_1_314' title='bbox 577 2003 657 2034; x_wconf 79' lang='lat' dir='ltr'><strong>Ssx.</strong></span> <span class='ocrx_word' id='word_1_315' title='bbox 683 2002 812 2045; x_wconf 81' lang='lat' dir='ltr'><strong>aliique</strong></span> <span class='ocrx_word' id='word_1_316' title='bbox 835 2002 936 2034; x_wconf 83' lang='lat' dir='ltr'><strong>codd.</strong></span> <span class='ocrx_word' id='word_1_317' title='bbox 959 2011 1015 2043; x_wconf 80' lang='lat' dir='ltr'><strong>ap.</strong></span> <span class='ocrx_word' id='word_1_318' title='bbox 1031 2003 1134 2034; x_wconf 81' lang='lat' dir='ltr'><strong>Feam</strong></span> <span class='ocrx_word' id='word_1_319' title='bbox 1150 2003 1313 2034; x_wconf 87' lang='lat' dir='ltr'><strong>omittunt</strong></span> <span class='ocrx_word' id='word_1_320' title='bbox 1328 2005 1496 2034; x_wconf 57' lang='grc' dir='ltr'><strong>ἰιι-412</strong></span> <span class='ocrx_word' id='word_1_321' title='bbox 1519 2002 1669 2042; x_wconf 82' lang='lat' dir='ltr'><strong>Cuning.</strong></span> 
     </span>
    </p>
   </div>
   <div class='ocr_carea' id='block_1_7' title="bbox 863 2087 1010 2120">
    <p class='ocr_par' dir='ltr' id='par_1_7' title="bbox 863 2087 1010 2120">
     <span class='ocr_line' id='line_1_34' title="bbox 863 2087 1010 2120; baseline 0 0"><span class='ocrx_word' id='word_1_322' title='bbox 863 2087 1010 2120; x_wconf 80' lang='lat' dir='ltr'>NOTAE</span> 
     </span>
    </p>
   </div>
   <div class='ocr_carea' id='block_1_8' title="bbox 208 2150 1668 2194">
    <p class='ocr_par' dir='ltr' id='par_1_8' title="bbox 208 2150 1668 2194">
     <span class='ocr_line' id='line_1_35' title="bbox 208 2150 1668 2194; baseline 0.001 -12"><span class='ocrx_word' id='word_1_323' title='bbox 208 2154 244 2183; x_wconf 82' lang='lat' dir='ltr'><strong>et</strong></span> <span class='ocrx_word' id='word_1_324' title='bbox 261 2150 402 2183; x_wconf 89' lang='lat' dir='ltr'><strong>idoneos</strong></span> <span class='ocrx_word' id='word_1_325' title='bbox 419 2151 607 2185; x_wconf 87' lang='lat' dir='ltr'><strong>debitores.</strong></span> <span class='ocrx_word' id='word_1_326' title='bbox 652 2152 709 2185; x_wconf 87' lang='grc' dir='ltr'><strong>ΑΙ.</strong></span> <span class='ocrx_word' id='word_1_327' title='bbox 737 2152 846 2192; x_wconf 80' lang='lat' dir='ltr'><strong>rectis,</strong></span> <span class='ocrx_word' id='word_1_328' title='bbox 872 2153 907 2184; x_wconf 89' lang='lat' dir='ltr'><strong>id</strong></span> <span class='ocrx_word' id='word_1_329' title='bbox 961 2161 1038 2194; x_wconf 80' lang='lat' dir='ltr'><strong>quae</strong></span> <span class='ocrx_word' id='word_1_330' title='bbox 1069 2151 1254 2191; x_wconf 81' lang='lat' dir='ltr'><strong>facienda;</strong></span> <span class='ocrx_word' id='word_1_331' title='bbox 1283 2161 1362 2183; x_wconf 87' lang='lat' dir='ltr'><strong>mox</strong></span> <span class='ocrx_word' id='word_1_332' title='bbox 1389 2151 1455 2193; x_wconf 89' lang='lat' dir='ltr'><strong>ipsi</strong></span> <span class='ocrx_word' id='word_1_333' title='bbox 1485 2161 1548 2193; x_wconf 88' lang='lat' dir='ltr'><strong>per</strong></span> <span class='ocrx_word' id='word_1_334' title='bbox 1577 2151 1668 2183; x_wconf 85' lang='lat' dir='ltr'><strong>vices</strong></span> 
     </span>
    </p>
   </div>
   <div class='ocr_carea' id='block_1_9' title="bbox 206 2201 916 2891">
    <p class='ocr_par' dir='ltr' id='par_1_9' title="bbox 206 2201 908 2292">
     <span class='ocr_line' id='line_1_36' title="bbox 207 2201 908 2243; baseline 0.006 -11"><span class='ocrx_word' id='word_1_335' title='bbox 207 2205 274 2242; x_wconf 87' lang='lat' dir='ltr'><strong>est,</strong></span> <span class='ocrx_word' id='word_1_336' title='bbox 291 2201 450 2242; x_wconf 80' lang='lat' dir='ltr'><strong>legitimis</strong></span> <span class='ocrx_word' id='word_1_337' title='bbox 467 2203 591 2243; x_wconf 81' lang='lat' dir='ltr'><strong>usuris,</strong></span> <span class='ocrx_word' id='word_1_338' title='bbox 608 2213 675 2235; x_wconf 91' lang='lat' dir='ltr'><strong>nou</strong></span> <span class='ocrx_word' id='word_1_339' title='bbox 699 2204 829 2236; x_wconf 86' lang='lat' dir='ltr'><strong>illicitis</strong></span> <span class='ocrx_word' id='word_1_340' title='bbox 847 2208 908 2236; x_wconf 87' lang='lat' dir='ltr'><strong>aut</strong></span> 
     </span>
     <span class='ocr_line' id='line_1_37' title="bbox 206 2251 743 2292; baseline 0.009 -11"><span class='ocrx_word' id='word_1_341' title='bbox 206 2251 395 2283; x_wconf 88' lang='lat' dir='ltr'><strong>immodicis</strong></span> <span class='ocrx_word' id='word_1_342' title='bbox 405 2264 415 2292; x_wconf 87' lang='lat'>;</span> <span class='ocrx_word' id='word_1_343' title='bbox 438 2252 600 2285; x_wconf 76' lang='lat' dir='ltr'><strong>honestus</strong></span> <span class='ocrx_word' id='word_1_344' title='bbox 616 2254 660 2286; x_wconf 91' lang='lat' dir='ltr'><strong>ob</strong></span> <span class='ocrx_word' id='word_1_345' title='bbox 675 2263 743 2286; x_wconf 88' lang='lat' dir='ltr'><strong>res.</strong></span> 
     </span>
    </p>

    <p class='ocr_par' dir='ltr' id='par_1_10' title="bbox 207 2302 911 2539">
     <span class='ocr_line' id='line_1_38' title="bbox 250 2302 909 2345; baseline 0.003 -12"><span class='ocrx_word' id='word_1_346' title='bbox 250 2302 451 2343; x_wconf 79' lang='lat' dir='ltr'><strong>Expendere]</strong></span> <span class='ocrx_word' id='word_1_347' title='bbox 481 2302 677 2345; x_wconf 82' lang='lat' dir='ltr'><strong>occupare,</strong></span> <span class='ocrx_word' id='word_1_348' title='bbox 703 2314 746 2336; x_wconf 89' lang='lat' dir='ltr'><strong>ue</strong></span> <span class='ocrx_word' id='word_1_349' title='bbox 772 2302 909 2336; x_wconf 87' lang='lat' dir='ltr'><strong>steriles</strong></span> 
     </span>
     <span class='ocr_line' id='line_1_39' title="bbox 207 2356 909 2394; baseline 0.004 -12"><span class='ocrx_word' id='word_1_350' title='bbox 207 2356 382 2390; x_wconf 79' lang='lat' dir='ltr'><strong>maneant,</strong></span> <span class='ocrx_word' id='word_1_351' title='bbox 411 2356 518 2394; x_wconf 89' lang='lat' dir='ltr'><strong>utque</strong></span> <span class='ocrx_word' id='word_1_352' title='bbox 556 2358 743 2394; x_wconf 85' lang='lat' dir='ltr'><strong>perpetuos</strong></span> <span class='ocrx_word' id='word_1_353' title='bbox 779 2359 909 2385; x_wconf 85' lang='lat' dir='ltr'><strong>sumtus</strong></span> 
     </span>
     <span class='ocr_line' id='line_1_40' title="bbox 210 2401 910 2445; baseline 0.007 -14"><span class='ocrx_word' id='word_1_354' title='bbox 210 2401 456 2441; x_wconf 80' lang='lat' dir='ltr'><strong>suppeditent:</strong></span> <span class='ocrx_word' id='word_1_355' title='bbox 470 2411 611 2434; x_wconf 83' lang='lat' dir='ltr'><strong>nummos</strong></span> <span class='ocrx_word' id='word_1_356' title='bbox 618 2407 725 2436; x_wconf 82' lang='lat' dir='ltr'><strong>cautos</strong></span> <span class='ocrx_word' id='word_1_357' title='bbox 734 2415 745 2436; x_wconf 85' lang='lat'><strong>.-</strong></span> <span class='ocrx_word' id='word_1_358' title='bbox 771 2413 910 2445; x_wconf 88' lang='lat' dir='ltr'><strong>sponso-</strong></span> 
     </span>
     <span class='ocr_line' id='line_1_41' title="bbox 210 2449 911 2496; baseline 0.01 -16"><span class='ocrx_word' id='word_1_359' title='bbox 210 2458 246 2480; x_wconf 78' lang='lat' dir='ltr'><strong>re</strong></span> <span class='ocrx_word' id='word_1_360' title='bbox 260 2449 354 2490; x_wconf 79' lang='lat' dir='ltr'><strong>dato,</strong></span> <span class='ocrx_word' id='word_1_361' title='bbox 364 2451 453 2483; x_wconf 81' lang='lat' dir='ltr'><strong>datis</strong></span> <span class='ocrx_word' id='word_1_362' title='bbox 465 2452 678 2494; x_wconf 85' lang='lat' dir='ltr'><strong>pignoribus,</strong></span> <span class='ocrx_word' id='word_1_363' title='bbox 691 2454 821 2496; x_wconf 83' lang='lat' dir='ltr'><strong>scripta</strong></span> <span class='ocrx_word' id='word_1_364' title='bbox 832 2464 911 2496; x_wconf 79' lang='lat' dir='ltr'><strong>syn-</strong></span> 
     </span>
     <span class='ocr_line' id='line_1_42' title="bbox 210 2499 350 2539; baseline 0.014 -11"><span class='ocrx_word' id='word_1_365' title='bbox 210 2499 350 2539; x_wconf 74' lang='lat' dir='ltr'><strong>grapho.</strong></span> 
     </span>
    </p>

    <p class='ocr_par' dir='ltr' id='par_1_11' title="bbox 212 2549 916 2891">
     <span class='ocr_line' id='line_1_43' title="bbox 257 2549 912 2595; baseline 0.012 -17"><span class='ocrx_word' id='word_1_366' title='bbox 257 2550 319 2579; x_wconf 89' lang='grc'><strong>106</strong></span> <span class='ocrx_word' id='word_1_367' title='bbox 340 2549 482 2590; x_wconf 72' lang='lat' dir='ltr'><strong>Mnjores</strong></span> <span class='ocrx_word' id='word_1_368' title='bbox 509 2552 633 2593; x_wconf 77' lang='lat' dir='ltr'><strong>audire]</strong></span> <span class='ocrx_word' id='word_1_369' title='bbox 676 2553 768 2586; x_wconf 89' lang='lat' dir='ltr'><strong>Plin.</strong></span> <span class='ocrx_word' id='word_1_370' title='bbox 798 2555 912 2595; x_wconf 80' lang='lat' dir='ltr'><strong>Epist.</strong></span> 
     </span>
     <span class='ocr_line' id='line_1_44' title="bbox 215 2599 914 2644; baseline 0.01 -15"><span class='ocrx_word' id='word_1_371' title='bbox 215 2607 296 2630; x_wconf 79' lang='lat' dir='ltr'><strong>viu.</strong></span> <span class='ocrx_word' id='word_1_372' title='bbox 323 2601 378 2630; x_wconf 81' lang='lat'><strong>14.</strong></span> <span class='ocrx_word' id='word_1_373' title='bbox 408 2600 419 2617; x_wconf 89' lang='lat'>‘</span> <span class='ocrx_word' id='word_1_374' title='bbox 435 2599 523 2631; x_wconf 89' lang='lat' dir='ltr'><strong>Suus</strong></span> <span class='ocrx_word' id='word_1_375' title='bbox 551 2602 672 2643; x_wconf 83' lang='lat' dir='ltr'><strong>cuique</strong></span> <span class='ocrx_word' id='word_1_376' title='bbox 701 2613 823 2643; x_wconf 78' lang='lat' dir='ltr'><strong>parens</strong></span> <span class='ocrx_word' id='word_1_377' title='bbox 851 2613 914 2644; x_wconf 83' lang='lat' dir='ltr'><strong>pro</strong></span> 
     </span>
     <span class='ocr_line' id='line_1_45' title="bbox 212 2647 913 2693; baseline 0.006 -13"><span class='ocrx_word' id='word_1_378' title='bbox 212 2647 391 2690; x_wconf 79' lang='lat' dir='ltr'><strong>magistro,</strong></span> <span class='ocrx_word' id='word_1_379' title='bbox 416 2653 476 2679; x_wconf 87' lang='lat' dir='ltr'><strong>ant</strong></span> <span class='ocrx_word' id='word_1_380' title='bbox 502 2649 558 2680; x_wconf 91' lang='lat' dir='ltr'><strong>cui</strong></span> <span class='ocrx_word' id='word_1_381' title='bbox 583 2659 706 2690; x_wconf 78' lang='lat' dir='ltr'><strong>parens</strong></span> <span class='ocrx_word' id='word_1_382' title='bbox 734 2661 799 2683; x_wconf 91' lang='lat' dir='ltr'><strong>non</strong></span> <span class='ocrx_word' id='word_1_383' title='bbox 827 2658 913 2693; x_wconf 82' lang='lat' dir='ltr'><strong>erat,</strong></span> 
     </span>
     <span class='ocr_line' id='line_1_46' title="bbox 212 2697 915 2741; baseline 0.006 -13"><span class='ocrx_word' id='word_1_384' title='bbox 212 2697 377 2729; x_wconf 82' lang='lat' dir='ltr'><strong>maximus</strong></span> <span class='ocrx_word' id='word_1_385' title='bbox 386 2697 529 2739; x_wconf 82' lang='lat' dir='ltr'><strong>quisque</strong></span> <span class='ocrx_word' id='word_1_386' title='bbox 542 2702 578 2730; x_wconf 84' lang='lat' dir='ltr'><strong>et</strong></span> <span class='ocrx_word' id='word_1_387' title='bbox 588 2699 840 2731; x_wconf 77' lang='lat' dir='ltr'><strong>vetustissimus</strong></span> <span class='ocrx_word' id='word_1_388' title='bbox 853 2710 915 2741; x_wconf 88' lang='lat' dir='ltr'><strong>pro</strong></span> 
     </span>
     <span class='ocr_line' id='line_1_47' title="bbox 214 2748 916 2790; baseline 0.004 -12"><span class='ocrx_word' id='word_1_389' title='bbox 214 2751 372 2788; x_wconf 79' lang='lat' dir='ltr'><strong>parente.</strong></span> <span class='ocrx_word' id='word_1_390' title='bbox 385 2769 394 2779; x_wconf 94' lang='lat'><strong>.</strong></span> <span class='ocrx_word' id='word_1_391' title='bbox 410 2770 419 2779; x_wconf 85' lang='lat'><strong>.</strong></span> <span class='ocrx_word' id='word_1_392' title='bbox 432 2770 440 2779; x_wconf 92' lang='lat'><strong>.</strong></span> <span class='ocrx_word' id='word_1_393' title='bbox 453 2751 530 2780; x_wconf 81' lang='lat' dir='ltr'><strong>erat</strong></span> <span class='ocrx_word' id='word_1_394' title='bbox 549 2748 637 2779; x_wconf 86' lang='lat' dir='ltr'><strong>enim</strong></span> <span class='ocrx_word' id='word_1_395' title='bbox 660 2749 851 2790; x_wconf 86' lang='lat' dir='ltr'><strong>antiquitus</strong></span> <span class='ocrx_word' id='word_1_396' title='bbox 866 2750 916 2782; x_wconf 90' lang='lat' dir='ltr'><strong>in-</strong></span> 
     </span>
     <span class='ocr_line' id='line_1_48' title="bbox 213 2797 914 2839; baseline 0.001 -10"><span class='ocrx_word' id='word_1_397' title='bbox 213 2798 372 2829; x_wconf 87' lang='lat' dir='ltr'><strong>stitutum</strong></span> <span class='ocrx_word' id='word_1_398' title='bbox 390 2801 427 2829; x_wconf 89' lang='lat' dir='ltr'><strong>ut</strong></span> <span class='ocrx_word' id='word_1_399' title='bbox 442 2807 463 2829; x_wconf 84' lang='lat' dir='ltr'><strong>a</strong></span> <span class='ocrx_word' id='word_1_400' title='bbox 477 2797 662 2839; x_wconf 84' lang='lat' dir='ltr'><strong>majoribus</strong></span> <span class='ocrx_word' id='word_1_401' title='bbox 678 2803 761 2830; x_wconf 83' lang='lat' dir='ltr'><strong>natu</strong></span> <span class='ocrx_word' id='word_1_402' title='bbox 778 2808 843 2830; x_wconf 91' lang='lat' dir='ltr'><strong>non</strong></span> <span class='ocrx_word' id='word_1_403' title='bbox 857 2809 914 2831; x_wconf 85' lang='lat' dir='ltr'><strong>au-</strong></span> 
     </span>
     <span class='ocr_line' id='line_1_49' title="bbox 213 2848 914 2891; baseline 0.003 -11"><span class='ocrx_word' id='word_1_404' title='bbox 213 2848 306 2881; x_wconf 88' lang='lat' dir='ltr'><strong>ribus</strong></span> <span class='ocrx_word' id='word_1_405' title='bbox 323 2848 433 2891; x_wconf 88' lang='lat' dir='ltr'><strong>modo,</strong></span> <span class='ocrx_word' id='word_1_406' title='bbox 449 2849 508 2881; x_wconf 85' lang='lat' dir='ltr'><strong>sed</strong></span> <span class='ocrx_word' id='word_1_407' title='bbox 526 2853 562 2881; x_wconf 90' lang='lat' dir='ltr'><strong>et</strong></span> <span class='ocrx_word' id='word_1_408' title='bbox 578 2849 685 2881; x_wconf 88' lang='lat' dir='ltr'><strong>oculis</strong></span> <span class='ocrx_word' id='word_1_409' title='bbox 707 2849 914 2882; x_wconf 83' lang='lat' dir='ltr'><strong>disceremus</strong></span> 
     </span>
    </p>
   </div>
   <div class='ocr_carea' id='block_1_10' title="bbox 961 2202 1675 2892">
    <p class='ocr_par' dir='ltr' id='par_1_12' title="bbox 961 2202 1671 2544">
     <span class='ocr_line' id='line_1_50' title="bbox 961 2202 1670 2244; baseline 0.001 -11"><span class='ocrx_word' id='word_1_410' title='bbox 961 2202 1126 2244; x_wconf 85' lang='lat' dir='ltr'><strong>quasdam</strong></span> <span class='ocrx_word' id='word_1_411' title='bbox 1143 2202 1312 2234; x_wconf 78' lang='lat' dir='ltr'><strong>tradenda</strong></span> <span class='ocrx_word' id='word_1_412' title='bbox 1327 2202 1512 2234; x_wconf 87' lang='lat' dir='ltr'><strong>minoribus</strong></span> <span class='ocrx_word' id='word_1_413' title='bbox 1527 2202 1670 2234; x_wconf 85' lang='lat' dir='ltr'><strong>habere·</strong></span> 
     </span>
     <span class='ocr_line' id='line_1_51' title="bbox 962 2252 1669 2294; baseline 0 -10"><span class='ocrx_word' id='word_1_414' title='bbox 962 2252 1140 2294; x_wconf 74' lang='lat' dir='ltr'><strong>muS,&#39;&amp;c.</strong></span> <span class='ocrx_word' id='word_1_415' title='bbox 1175 2253 1268 2285; x_wconf 84' lang='lat' dir='ltr'><strong>Gell.</strong></span> <span class='ocrx_word' id='word_1_416' title='bbox 1294 2261 1335 2285; x_wconf 82' lang='lat'><strong>11.</strong></span> <span class='ocrx_word' id='word_1_417' title='bbox 1359 2255 1411 2284; x_wconf 92' lang='grc'><strong>15.</strong></span> <span class='ocrx_word' id='word_1_418' title='bbox 1433 2252 1443 2270; x_wconf 90' lang='lat'>‘</span> <span class='ocrx_word' id='word_1_419' title='bbox 1460 2252 1562 2294; x_wconf 88' lang='lat' dir='ltr'><strong>Apud</strong></span> <span class='ocrx_word' id='word_1_420' title='bbox 1581 2253 1669 2284; x_wconf 85' lang='lat' dir='ltr'><strong>anti-</strong></span> 
     </span>
     <span class='ocr_line' id='line_1_52' title="bbox 963 2302 1670 2344; baseline -0.003 -10"><span class='ocrx_word' id='word_1_421' title='bbox 963 2303 1142 2344; x_wconf 85' lang='lat' dir='ltr'><strong>quissimos</strong></span> <span class='ocrx_word' id='word_1_422' title='bbox 1158 2303 1256 2334; x_wconf 84' lang='lat' dir='ltr'><strong>Rom.</strong></span> <span class='ocrx_word' id='word_1_423' title='bbox 1271 2312 1335 2334; x_wconf 90' lang='lat' dir='ltr'><strong>nec</strong></span> <span class='ocrx_word' id='word_1_424' title='bbox 1353 2302 1470 2344; x_wconf 84' lang='lat' dir='ltr'><strong>generi</strong></span> <span class='ocrx_word' id='word_1_425' title='bbox 1485 2311 1549 2334; x_wconf 87' lang='lat' dir='ltr'><strong>nec</strong></span> <span class='ocrx_word' id='word_1_426' title='bbox 1566 2311 1670 2343; x_wconf 89' lang='lat' dir='ltr'><strong>pecu-</strong></span> 
     </span>
     <span class='ocr_line' id='line_1_53' title="bbox 963 2351 1670 2393; baseline -0.003 -9"><span class='ocrx_word' id='word_1_427' title='bbox 963 2353 1030 2384; x_wconf 85' lang='lat' dir='ltr'><strong>niae</strong></span> <span class='ocrx_word' id='word_1_428' title='bbox 1058 2353 1276 2393; x_wconf 82' lang='lat' dir='ltr'><strong>praestautior</strong></span> <span class='ocrx_word' id='word_1_429' title='bbox 1303 2353 1410 2384; x_wconf 86' lang='lat' dir='ltr'><strong>honos</strong></span> <span class='ocrx_word' id='word_1_430' title='bbox 1441 2351 1544 2383; x_wconf 88' lang='lat' dir='ltr'><strong>tribui</strong></span> <span class='ocrx_word' id='word_1_431' title='bbox 1568 2361 1670 2393; x_wconf 85' lang='lat' dir='ltr'><strong>quam</strong></span> 
     </span>
     <span class='ocr_line' id='line_1_54' title="bbox 966 2400 1671 2444; baseline -0.001 -11"><span class='ocrx_word' id='word_1_432' title='bbox 966 2402 1064 2434; x_wconf 77' lang='lat' dir='ltr'><strong>aetati</strong></span> <span class='ocrx_word' id='word_1_433' title='bbox 1078 2402 1218 2434; x_wconf 82' lang='lat' dir='ltr'><strong>solitus:</strong></span> <span class='ocrx_word' id='word_1_434' title='bbox 1243 2402 1459 2444; x_wconf 83' lang='lat' dir='ltr'><strong>majoresque</strong></span> <span class='ocrx_word' id='word_1_435' title='bbox 1475 2407 1557 2433; x_wconf 80' lang='lat' dir='ltr'><strong>natu</strong></span> <span class='ocrx_word' id='word_1_436' title='bbox 1575 2412 1594 2433; x_wconf 85' lang='lat' dir='ltr'><strong>a</strong></span> <span class='ocrx_word' id='word_1_437' title='bbox 1609 2400 1671 2432; x_wconf 88' lang='lat' dir='ltr'><strong>mi-</strong></span> 
     </span>
     <span class='ocr_line' id='line_1_55' title="bbox 965 2452 1671 2493; baseline -0.003 -9"><span class='ocrx_word' id='word_1_438' title='bbox 965 2453 1105 2484; x_wconf 86' lang='lat' dir='ltr'><strong>noribus</strong></span> <span class='ocrx_word' id='word_1_439' title='bbox 1118 2452 1322 2484; x_wconf 83' lang='lat' dir='ltr'><strong>colebantur</strong></span> <span class='ocrx_word' id='word_1_440' title='bbox 1335 2452 1378 2484; x_wconf 85' lang='lat' dir='ltr'><strong>ad</strong></span> <span class='ocrx_word' id='word_1_441' title='bbox 1396 2453 1548 2484; x_wconf 90' lang='lat' dir='ltr'><strong>Deorum</strong></span> <span class='ocrx_word' id='word_1_442' title='bbox 1563 2460 1671 2493; x_wconf 87' lang='lat' dir='ltr'><strong>prope</strong></span> 
     </span>
     <span class='ocr_line' id='line_1_56' title="bbox 966 2503 1353 2544; baseline 0 -10"><span class='ocrx_word' id='word_1_443' title='bbox 966 2508 1003 2535; x_wconf 92' lang='lat' dir='ltr'><strong>et</strong></span> <span class='ocrx_word' id='word_1_444' title='bbox 1020 2508 1200 2544; x_wconf 87' lang='lat' dir='ltr'><strong>pareutum</strong></span> <span class='ocrx_word' id='word_1_445' title='bbox 1218 2503 1353 2535; x_wconf 83' lang='lat' dir='ltr'><strong>vicem.&#39;</strong></span> 
     </span>
    </p>

    <p class='ocr_par' dir='ltr' id='par_1_13' title="bbox 967 2549 1673 2691">
     <span class='ocr_line' id='line_1_57' title="bbox 1010 2549 1673 2592; baseline -0.005 -8"><span class='ocrx_word' id='word_1_446' title='bbox 1010 2555 1073 2584; x_wconf 87' lang='lat'><strong>110</strong></span> <span class='ocrx_word' id='word_1_447' title='bbox 1099 2553 1226 2585; x_wconf 80' lang='lat' dir='ltr'><strong>Fronde</strong></span> <span class='ocrx_word' id='word_1_448' title='bbox 1250 2563 1352 2584; x_wconf 83' lang='lat' dir='ltr'><strong>comos</strong></span> <span class='ocrx_word' id='word_1_449' title='bbox 1379 2552 1492 2592; x_wconf 70' lang='lat' dir='ltr'><strong>tincti]</strong></span> <span class='ocrx_word' id='word_1_450' title='bbox 1530 2549 1673 2582; x_wconf 81' lang='lat' dir='ltr'><strong>Hedera</strong></span> 
     </span>
     <span class='ocr_line' id='line_1_58' title="bbox 967 2599 1672 2642; baseline -0.004 -9"><span class='ocrx_word' id='word_1_451' title='bbox 967 2602 1138 2642; x_wconf 81' lang='lat' dir='ltr'><strong>coronati,</strong></span> <span class='ocrx_word' id='word_1_452' title='bbox 1160 2611 1254 2633; x_wconf 87' lang='lat' dir='ltr'><strong>more</strong></span> <span class='ocrx_word' id='word_1_453' title='bbox 1277 2602 1461 2633; x_wconf 87' lang='lat' dir='ltr'><strong>illustrium</strong></span> <span class='ocrx_word' id='word_1_454' title='bbox 1482 2599 1672 2641; x_wconf 67' lang='lat' dir='ltr'><strong>poetarum.</strong></span> 
     </span>
     <span class='ocr_line' id='line_1_59' title="bbox 968 2652 1226 2691; baseline -0.012 -8"><span class='ocrx_word' id='word_1_455' title='bbox 968 2652 1069 2683; x_wconf 86' lang='lat' dir='ltr'><strong>Pers.</strong></span> <span class='ocrx_word' id='word_1_456' title='bbox 1086 2652 1226 2691; x_wconf 88' lang='lat' dir='ltr'><strong>Prolog.</strong></span> 
     </span>
    </p>

    <p class='ocr_par' dir='ltr' id='par_1_14' title="bbox 968 2698 1675 2833">
     <span class='ocr_line' id='line_1_60' title="bbox 1014 2698 1674 2740; baseline -0.003 -8"><span class='ocrx_word' id='word_1_457' title='bbox 1014 2701 1167 2732; x_wconf 81' lang='lat' dir='ltr'><strong>Carmina</strong></span> <span class='ocrx_word' id='word_1_458' title='bbox 1179 2699 1318 2740; x_wconf 70' lang='lat' dir='ltr'><strong>dictant]</strong></span> <span class='ocrx_word' id='word_1_459' title='bbox 1339 2699 1448 2731; x_wconf 87' lang='lat' dir='ltr'><strong>Istum</strong></span> <span class='ocrx_word' id='word_1_460' title='bbox 1463 2708 1581 2731; x_wconf 82' lang='lat' dir='ltr'><strong>versus</strong></span> <span class='ocrx_word' id='word_1_461' title='bbox 1597 2698 1674 2730; x_wconf 79' lang='lat' dir='ltr'><strong>fun-</strong></span> 
     </span>
     <span class='ocr_line' id='line_1_61' title="bbox 970 2749 1675 2791; baseline -0.007 -8"><span class='ocrx_word' id='word_1_462' title='bbox 970 2751 1073 2783; x_wconf 87' lang='lat' dir='ltr'><strong>dendi</strong></span> <span class='ocrx_word' id='word_1_463' title='bbox 1087 2751 1176 2782; x_wconf 87' lang='lat' dir='ltr'><strong>inter</strong></span> <span class='ocrx_word' id='word_1_464' title='bbox 1191 2750 1310 2791; x_wconf 87' lang='lat' dir='ltr'><strong>epulas</strong></span> <span class='ocrx_word' id='word_1_465' title='bbox 1324 2759 1449 2782; x_wconf 86' lang='lat' dir='ltr'><strong>morem</strong></span> <span class='ocrx_word' id='word_1_466' title='bbox 1467 2750 1578 2791; x_wconf 81' lang='lat' dir='ltr'><strong>tangit</strong></span> <span class='ocrx_word' id='word_1_467' title='bbox 1589 2749 1675 2780; x_wconf 81' lang='lat' dir='ltr'><strong>Per·</strong></span> 
     </span>
     <span class='ocr_line' id='line_1_62' title="bbox 968 2801 1167 2833; baseline -0.01 0"><span class='ocrx_word' id='word_1_468' title='bbox 968 2801 1037 2833; x_wconf 88' lang='lat' dir='ltr'><strong>sius</strong></span> <span class='ocrx_word' id='word_1_469' title='bbox 1053 2801 1125 2832; x_wconf 81' lang='lat' dir='ltr'><strong>Sat.</strong></span> <span class='ocrx_word' id='word_1_470' title='bbox 1142 2809 1167 2832; x_wconf 86' lang='lat'><strong>1.</strong></span> 
     </span>
    </p>

    <p class='ocr_par' dir='ltr' id='par_1_15' title="bbox 1013 2849 1674 2892">
     <span class='ocr_line' id='line_1_63' title="bbox 1013 2849 1674 2892; baseline 0 -10"><span class='ocrx_word' id='word_1_471' title='bbox 1013 2852 1075 2882; x_wconf 88' lang='grc'><strong>112</strong></span> <span class='ocrx_word' id='word_1_472' title='bbox 1098 2849 1233 2881; x_wconf 78' lang='lat' dir='ltr'><strong>Parthis</strong></span> <span class='ocrx_word' id='word_1_473' title='bbox 1256 2849 1448 2892; x_wconf 79' lang='lat' dir='ltr'><strong>mendacior]</strong></span> <span class='ocrx_word' id='word_1_474' title='bbox 1479 2849 1674 2882; x_wconf 69' lang='lat' dir='ltr'><strong>Mendacis-</strong></span> 
     </span>
    </p>
   </div>
  </div>
 </body>
</html>
