1904 3216
483 285 691 317 HORATH
725 282 1004 314 sannionum
1037 282 1131 313 ma.
1167 283 1194 312 ι.
1225 271 1295 312 10.

149 391 244 422 rum,
259 381 317 424 qui
333 381 376 413 ad
399 379 537 412 taedium
553 375 668 411 eorum
689 386 765 409 cum
782 377 854 417 qui-

151 433 222 464 ·bus
249 436 368 473 agunt,
396 440 433 462 se
459 430 641 467 extollunt,
667 425 854 469 φορτικότης

156 481 284 514 dicitur
305 491 325 512 a
347 480 490 514 Graecis.
534 480 597 511 Est
615 478 704 510 enim
723 486 852 508 merum

158 528 257 563 onus.
278 531 457 563 ‘Horatius
471 530 662 570 gravitatem
678 527 854 568 eleganter

155 581 319 614 reddidit·
371 581 472 614 Quod
495 580 523 611 si
550 583 725 612 constaret
753 578 852 609 nobis

157 632 200 664 de
214 642 280 674 quo
299 630 478 674 aliquando
497 628 656 671 cogitavi,
672 627 853 659 Horatium

155 682 353 723 scripsisse:
371 682 445 713 Non
455 677 656 712 ridee'versus
670 678 769 709 Ennii
780 677 854 717 g'ra-

156 732 257 764 vitate
279 732 433 764 minores?
463 750 465 752 -
487 731 557 763 Non
579 729 618 760 de
642 738 675 760 se
699 729 854 769 loquitur,

155 791 218 814 non
248 785 284 814 ut
319 781 434 820 nqiore
460 780 638 821 reprensis?
668 779 742 820 jam
780 777 854 809 sine

155 832 225 863 ulia
250 830 454 864 difficultate
478 834 661 866 constaret,
688 829 730 860 ad
754 828 853 860 Luci-

154 875 235 914 lium
251 881 324 914 haec
338 890 414 913 esse
431 879 635 912 referenda:
654 879 718 911 hoc
734 888 851 910 seusu:

154 931 210 963 An
228 940 295 964 non
314 931 462 964 Lucilius
481 939 597 962 versus
618 930 720 961 Ennii
744 929 854 970 gravi-

153 984 225 1013 me
241 990 281 1013 ae
298 981 469 1022 jactantia
482 980 632 1011 minores
647 979 761 1010 ridet?
798 977 854 1010 An

154 1039 220 1062 uon
237 1031 279 1062 de
295 1041 332 1062 se
347 1040 480 1072 quoque
495 1030 544 1061 ita
564 1030 726 1071 loquitur,
742 1034 778 1061 ut
792 1029 852 1060 sibi

156 1090 223 1112 non
251 1081 393 1122 parcat?
416 1085 454 1112 ut
473 1079 635 1120 fateatur,
661 1089 727 1111 non
750 1080 854 1121 maj0-

156 1141 226 1162 rem
256 1140 293 1163 se
323 1131 470 1167 caeteris,
500 1140 585 1172 quos
615 1129 854 1170 reprehendit:

154 1180 243 1222 quod
261 1183 327 1212 uon
343 1180 554 1223 displiceret.
572 1180 735 1212 Heinsius.
772 1180 855 1212 Gra-

155 1231 253 1263 vitate
277 1230 424 1271 minores]
447 1231 575 1262 Versus
599 1230 709 1261 minus
733 1238 855 1270 graves

156 1290 261 1322 quiam
271 1286 421 1322 oportet.

196 1334 237 1362 55
263 1331 338 1362 Non
351 1334 386 1361 ut
401 1330 516 1369 majore
537 1328 705 1370 repr-ensis]
730 1329 854 1361 Nonne

153 1377 257 1419 ridet,
271 1381 366 1421 quasi
383 1380 488 1421 major
503 1380 547 1412 sit
563 1380 625 1415 liis,
638 1389 720 1421 quos
739 1389 855 1421 repre-

153 1429 294 1461 heudit?

194 1481 235 1510 57
262 1480 348 1514 Num
369 1479 471 1520 illins]
499 1479 589 1510 Num
614 1479 704 1510 illius
729 1479 853 1520 culpa?

153 1528 272 1560 Rerum
303 1531 384 1560 dura
422 1530 565 1570 negarit]
601 1530 740 1570 Rerum,
769 1539 853 1570 quas

150 1579 327 1611 tractavit.

193 1629 362 1668 ss‘lnagis
372 1628 496 1669 factos]
515 1628 642 1660 Versus
659 1629 766 1669 magis
783 1629 851 1660 ela·

151 1677 301 1711 boratos.
344 1679 444 1720 [Vat.
462 1679 558 1710 Rom.
575 1682 608 1710 6.
631 1679 734 1718 magis
751 1689 852 1719 comp-

151 1728 229 1769 tom]

195 1780 238 1809 59
275 1776 420 1816 Manius]
457 1776 633 1808 Molliores
671 1781 708 1807 et
744 1776 853 1807 lenius

151 1826 311 1858 fluentes.
355 1827 403 1858 At
426 1826 455 1857 si
477 1825 562 1866 quis]
598 1825 690 1856 Libri
723 1826 853 1867 aliquot

153 1881 202 1910 Ac
225 1879 254 1910 si
276 1878 346 1919 quis
366 1879 498 1918 legunt.
541 1877 607 1908 Sed
630 1877 713 1908 nibil
735 1882 850 1916 muto;

152 1929 324 1961 sententia
339 1929 427 1960 euim
443 1933 516 1959 est:
539 1927 585 1959 At
597 1927 623 1958 si
638 1927 713 1969 quis
726 1928 760 1959 iu
772 1928 851 1959 scri·

154 1978 266 2010 bendo
288 1979 351 2010 boc
377 1983 506 2010 tantum
525 1977 588 2009 sibi
612 1982 790 2018 proponat,
813 1982 850 2008 ut

152 2029 413 2070 qualescumque
435 2028 596 2067 senarios,
610 2026 848 2059 connectendo

151 2079 416 2121 quamplurimos
438 2087 505 2109 uno
522 2077 578 2109 die
595 2087 724 2114 versus,
739 2076 847 2108 effun-

150 2129 223 2170 dat,
236 2128 325 2171 quod
339 2129 454 2161 Cassio
467 2128 612 2160 Etrusco
624 2128 750 2167 ingenti
767 2137 846 2168 qua-

150 2178 228 2210 dam
243 2178 368 2219 ingenii
382 2177 603 2209 exuberantia
615 2177 773 2218 contigit,
786 2177 846 2208 tali

150 2228 285 2270 quidem
312 2227 497 2260 concedam
528 2236 659 2259 comem
686 2233 721 2259 et
746 2228 845 2259 urba·

147 2287 229 2310 uum
245 2283 470 2319 ornatumque
493 2278 599 2318 magis
621 2277 727 2309 videri
745 2287 844 2319 posse

150 2327 327 2366 Lucilium,
357 2335 455 2367 quarn
486 2327 539 2356 vel
579 2326 636 2357 alii
666 2326 739 2366 ejus
779 2328 844 2358 aevi

150 2377 270 2409 Poeta
300 2375 442 2414 suerint,
472 2375 526 2405 vel
557 2374 740 2414 ipsummet
768 2385 846 2408 esse

149 2425 363 2462 convenerit,
384 2428 444 2455 aut
463 2423 612 2454 futurum
631 2425 761 2464 sperari
785 2436 844 2466 po—

151 2477 270 2516 tuerit,
285 2484 407 2514 nempe
422 2474 478 2515 qui
503 2474 535 2504 iu
560 2474 635 2506 rudi
659 2474 716 2506 illo
741 2480 776 2507 et
798 2477 846 2508 iu-

151 2531 246 2558 tacto
268 2525 399 2557 Graeeis
421 2524 571 2556 carmine
592 2525 750 2565 Satyrico
772 2535 845 2558 ver-

151 2580 298 2607 saretur.
357 2573 423 2605 Sed
454 2573 542 2604 idem
573 2573 600 2605 si
633 2579 749 2606 nostra
783 2576 846 2610 hac

152 2629 257 2657 aetate
271 2625 444 2663 existeret,
456 2625 521 2656 ke.
550 2623 663 2665 Atque
679 2625 727 2656 ita
739 2624 846 2659 ferme

152 2675 347 2708 Lambinus.
365 2674 508 2705 Tor-rene.
544 2674 626 2710 Quis
637 2675 778 2716 pedibus]
794 2676 847 2709 Ac

151 2726 180 2757 si
203 2725 332 2766 aliquis.
377 2724 484 2765 Senis]
511 2723 728 2757 Hexametris
746 2728 847 2759 versi-

153 2776 228 2813 bus,
244 2779 283 2805 ut
298 2773 421 2815 aliquid
438 2773 575 2805 claudat
590 2778 626 2806 et
641 2774 748 2807 finiat.

193 2827 237 2857 60
261 2824 332 2858 Hoc
350 2826 472 2856 lantum
492 2823 666 2865 contentus]
691 2825 767 2858 Hoc
782 2835 848 2860 uno

1490 272 1602 313 1669

903 381 1097 410 contentus.

946 430 986 459 61
1010 427 1138 459 Etrusci
1151 426 1250 463 Qua-'e
1266 426 1331 466 fuit
1348 424 1454 466 cassi]
1477 425 1601 456 Plures

901 477 964 508 sub
990 476 1146 518 Augusto
1171 477 1278 509 Cassii
1307 475 1417 517 fuere,
1443 475 1602 507 obscurae

904 528 1040 570 quidem
1062 527 1216 568 originis,
1236 526 1296 559 sed
1321 535 1461 569 quorum
1485 530 1603 557 tamen

903 579 1065 610 memoria
1078 579 1244 610 hactenus
1260 580 1502 611 conservatur:
1521 575 1603 607 Cas·

904 630 972 661 sius
988 630 1187 669 Patavium,
1201 627 1338 659 Cassius
1349 627 1508 662 Severus,
1521 625 1602 658 Cas-

904 680 975 710 sius
1003 678 1216 710 Parmensis:
1252 687 1271 708 e
1299 676 1423 718 quibus
1458 676 1528 716 ille,
1557 684 1600 706 an

904 728 1032 770 aliquid
1062 727 1252 768 scripserit,
1280 727 1418 767 ignoro:
1449 723 1606 756 meminit

904 779 978 820 ejus
1000 778 1096 809 Suet.
1112 776 1203 818 Aug.
1227 786 1304 816 cap.
1320 778 1374 807 51.
1397 775 1431 806 hi
1457 784 1536 806 vero
1555 775 1605 806 in-

904 828 1003 869 genio
1024 836 1064 858 ac
1088 826 1224 857 dicendi
1243 824 1411 856 facultate
1427 824 1605 855 celebran-

905 883 973 910 tur.
1017 875 1086 908 Sed
1113 876 1234 917 iugens
1263 874 1433 906 dubitatio
1463 879 1532 913 est,
1563 882 1606 904 an

905 929 997 961 idem
1011 927 1208 959 Parmensis
1231 925 1290 968 qui
1308 926 1488 965 Etruscus,
1511 923 1610 964 cujus

906 980 959 1011 hic
982 978 1022 1010 fit
1046 977 1186 1009 mentio.
1232 969 1374 1017 Antiqui
1398 978 1610 1006 commenta·

905 1035 1010 1070 tores,
1029 1037 1155 1070 eosque
1186 1026 1296 1058 secuti
1321 1024 1440 1057 Lamb.
1464 1027 1501 1055 et
1523 1023 1609 1055 Cru-

906 1080 1016 1122 quius,
1045 1078 1203 1110 eumdem
1234 1086 1311 1109 esse
1349 1075 1480 1114 volunt,
1518 1073 1610 1115 quod

904 1131 1044 1169 Parma,
1060 1134 1098 1161 ut
1113 1128 1161 1160 illi
1177 1129 1286 1167 aiunt,
1297 1127 1330 1158 in
1344 1125 1485 1158 Etruria
1494 1123 1611 1155 fuerit.

906 1180 1015 1221 Atqui
1046 1179 1208 1211 Parmam
1247 1175 1446 1217 Geographi
1486 1178 1612 1215 togatae

906 1231 1029 1263 Galliae
1046 1229 1250 1261 attribuunt.
1297 1227 1386 1259 Nam
1407 1234 1612 1268 quamquam

906 1280 1071 1312 Horatius
1101 1279 1256 1311 Cassium
1282 1277 1372 1308 hunc
1396 1285 1464 1307 non
1488 1279 1611 1316 aperte

906 1329 1150 1372 reprehendat,
1172 1329 1333 1370 majorem
1358 1331 1472 1358 tamen
1496 1326 1529 1356 in
1555 1325 1612 1355 ho-

904 1380 996 1412 mine
1013 1378 1225 1420 diligentiam
1242 1377 1440 1414 desiderat3
1464 1384 1612 1415 eumque

905 1429 991 1461 adeo
1014 1430 1121 1460 multa
1143 1427 1320 1468 scripsisse
1346 1425 1489 1464 indicat,
1514 1430 1551 1455 ut
1576 1424 1612 1454 li-

905 1479 956 1511 bri
975 1479 1049 1521 ejus
1073 1477 1215 1519 proprii,
1231 1487 1297 1507 una
1319 1485 1395 1507 cum
1419 1475 1533 1515 capsis
1550 1483 1609 1504 ex-

905 1529 1052 1560 truendo
1068 1538 1148 1567 rogo
1163 1526 1375 1559 suffecerint.
1413 1525 1462 1557 At
1477 1534 1561 1556 vero
1578 1524 1613 1554 in

903 1576 1262 1620 Epistolis,Tibullum
1272 1575 1513 1608 nitidissimum
1525 1573 1615 1606 Poe-

904 1633 974 1660 tam
1003 1628 1070 1669 ipsi
1108 1630 1303 1668 comparat;
1341 1635 1405 1656 nec
1446 1624 1611 1655 librorum

903 1679 1068 1719 plaustra,
1094 1677 1153 1708 sed
1180 1676 1345 1716 opuscula
1369 1679 1502 1706 tantum
1520 1683 1610 1704 com-

902 1731 1079 1758 memorat.
1125 1725 1239 1757 Alium
1269 1725 1395 1765 itaque>
1417 1722 1522 1754 fuisse
1551 1731 1608 1754 ne-

903 1786 999 1808 cesse
1028 1782 1099 1808 est:
1125 1776 1278 1816 quamvis
1309 1775 1384 1816 quis
1414 1773 1532 1813 fuerit,
1562 1773 1610 1814 ig-

902 1836 1072 1858 noremus.
1107 1827 1254 1858 Tenent.
1313 1824 1458 1865 Etrusci]
1499 1824 1610 1855 Cassii

902 1877 1109 1908 Parmensis.
1155 1875 1282 1906 Parma
1307 1879 1360 1906 est
1383 1873 1533 1905 Etruriae
1560 1874 1608 1905 ci·

901 1927 1002 1958 vitas.

942 1977 1001 2018 [62
1023 1976 1106 2008 Vat.
1122 1976 1237 2007 Palat·
1255 1978 1286 2007 1.
1307 1975 1423 2016 amne-J

941 2030 982 2058 63
1020 2027 1133 2067 Capsis
1165 2036 1255 2066 quem
1283 2024 1391 2065 fama]
1428 2024 1494 2058 Qui
1532 2029 1602 2056 tam

896 2078 1004 2109 multa
1026 2076 1176 2117 scripsit,
1198 2081 1235 2108 ut
1251 2081 1404 2108 mortuus
1421 2075 1489 2107 suis
1505 2075 1602 2106 libris

895 2126 998 2158 fuerit
1022 2126 1233 2166 combustus,
1257 2126 1349 2157 nulla
1373 2126 1438 2157 alia
1455 2125 1602 2157 materia

895 2178 1058 2211 adhibita.

937 2232 979 2261 64
1005 2229 1114 2260 Fuerit
1129 2228 1280 2268 Lucilius,
1292 2228 1430 2269 inquam,
1447 2229 1553 2260 Cumis
1567 2232 1597 2260 et

893 2279 1029 2310 urbanus
1041 2300 1049 2309 .
1060 2301 1068 2310 .
1082 2301 1090 2310 .
1103 2299 1113 2309 .
1126 2279 1227 2315 Quam
1240 2278 1340 2319 rudis,
1354 2278 1425 2319 ὅτι]
1444 2279 1546 2310 Rudis
1561 2279 1596 2310 in

894 2329 1008 2369 patrio
1021 2338 1105 2360 casu
1121 2328 1358 2368 accipiendum
1370 2333 1405 2359 et
1418 2337 1494 2359 curn
1513 2338 1597 2360 voce

892 2377 1040 2408 ear-minis
1055 2377 1342 2418 conjungendum.
1385 2378 1510 2408 Sensus
1537 2379 1600 2409 ita-

894 2436 960 2469 que
976 2427 1042 2458 erit
1060 2438 1067 2456 :
1092 2428 1187 2462 Esto,
1198 2425 1318 2467 fuerit,
1329 2428 1480 2468 inquam,
1497 2428 1597 2459 Luci-

894 2477 960 2509 lius
989 2477 1138 2508 urbanus
1163 2481 1200 2508 et
1221 2476 1341 2515 comis,
1357 2476 1474 2508 demus
1490 2477 1597 2509 etiam

894 2526 1109 2565 limatiorem,
1118 2525 1153 2556 id
1166 2531 1231 2565 est,
1242 2526 1418 2557 tersiorem
1432 2535 1472 2557 ac
1484 2523 1598 2557 eme’u-

895 2576 1060 2608 ‹latiorem
1086 2574 1204 2613 fuisse,
1226 2584 1325 2615 quam
1352 2575 1497 2606 Ennium
1523 2585 1598 2607 nos·-

895 2632 998 2666 trum,
1010 2625 1155 2666 primum
1173 2624 1266 2656 illum
1283 2623 1377 2655 rudis
1391 2624 1523 2666 Satyrae
1549 2625 1598 2657 in-

896 2679 1082 2713 ventorem‚
1107 2679 1165 2705 aut
1188 2674 1291 2705 etiam
1314 2679 1467 2705 secutam
1489 2677 1598 2707 senio—

897 2736 983 2765 rum,
1009 2725 1073 2756 hoc
1103 2729 1167 2762 est,
1203 2724 1428 2765 antiquiorum
1467 2725 1598 2758 Lucilio

897 2774 1081 2806 Poetarum
1111 2771 1263 2805 turbam:
1303 2773 1386 2804 nihil
1411 2778 1523 2806 tamen
1554 2777 1597 2808 ad

897 2826 1109 2867 munditiem,
1125 2825 1253 2858 cultum
1274 2829 1333 2857 aut
1349 2825 1528 2868 polituram
1546 2837 1598 2860 se-
