1982 3230
537 318 897 350 Eels'rOhARuM
933 318 1027 348 ΜΒ.
1058 317 1090 349 1.
1120 307 1195 350 20.

137 417 216 458 Me
235 416 443 458 libertino
463 418 614 455 natum
635 417 780 468 patre,
802 418 849 454 et
866 413 911 454 in
931 413 1054 454 tenui
1077 425 1139 463 re,

1481 309 1593 351 1207

135 484 338 538 Majores
358 490 528 537 pennas
546 479 650 522 nido
671 479 929 522 extendisse
951 479 1148 533 loqueris
1167 492 1181 531 3

134 551 215 601 Ut,
236 554 449 605 quantum
470 548 615 602 generi
637 547 807 598 demas,
826 547 1063 589 virtutibus
1083 546 1250 590 addas:

135 617 215 660 Me
235 617 388 672 primis
408 615 546 658 Urbis
567 614 669 655 belli
690 613 914 668 placuisse
935 612 1161 667 domique,

135 684 348 738 Corporis
367 683 534 736 exigui,
554 693 827 735 praecanum,
849 679 1021 722 solibus
1043 684 1215 733 aptum,

134 751 280 793 Irasci
293 750 494 799 celerem,
516 756 662 790 tamen
681 753 732 789 ut
752 747 990 802 placabilis
1008 760 1162 788 essem.

135 817 266 860 Forte
282 829 428 859 meum
449 816 489 857 si
510 816 612 870 quis
635 821 679 857 te
699 815 1027 868 percontabitur
1048 827 1210 865 aevum‚

134 884 214 926 Me
233 889 392 939 quater
411 883 612 925 undenos
634 884 750 926 sciat
770 883 1031 938 implevisse
1053 881 1339 932 Decembres,

135 952 364 1006 Collegam
385 951 607 1006 Lepidum
630 964 720 1006 quo
742 951 870 993 duxit
887 950 1059 992 Lollius
1078 961 1205 990 anno.

134 1076 209 1124 erit,
223 1077 308 1109 dices
322 1087 369 1109 me
385 1078 527 1110 libertini
541 1078 642 1119 patris
652 1077 774 1119 filium,
795 1078 936 1119 quamvis
955 1087 1016 1109 non
1030 1077 1222 1119 opulentum,
1235 1075 1412 1109 extendisse
1433 1075 1501 1107 alas
1513 1075 1600 1107 ultra

133 1119 276 1151 maulam
290 1130 302 1151 .·
322 1120 439 1152 scilicet
455 1125 490 1152 ut
513 1125 635 1153 tantam
648 1121 746 1152 addas
759 1120 887 1161 virtuti,
909 1124 1057 1162 quantum
1071 1120 1248 1152 detraxeris
1261 1119 1391 1159 origini.
1439 1117 1598 1150 Nar-rabis

131 1162 307 1199 graciosum
323 1162 429 1201 fuisse
449 1173 498 1195 me
514 1164 624 1195 Romoe
635 1163 837 1204 optimatibus
851 1163 964 1194 tamin
979 1163 1057 1194 bello
1071 1172 1164 1203 qaam
1174 1163 1209 1193 in
1228 1172 1304 1203 pace
1317 1172 1329 1198 ,·
1350 1164 1475 1192 statura
1497 1159 1598 1197 brevi,

132 1212 244 1235 canum
266 1208 341 1236 ante
367 1209 501 1246 tempus,
526 1207 632 1246 aprico
654 1206 812 1246 gavisum,
823 1205 1021 1241 iracundam,
1034 1206 1089 1236 sed
1113 1204 1260 1243 mitigari
1274 1203 1417 1242 facilem.
1462 1202 1554 1239 Quod
1567 1202 1598 1232 n·

132 1245 287 1286 quispiam
301 1257 320 1277 a
346 1251 376 1278 te
395 1247 537 1288 inquirat
551 1258 648 1280 meam
662 1251 802 1286 «etatem,
825 1247 926 1278 discat
940 1256 990 1279 me
1004 1250 1115 1288 quater
1128 1246 1270 1278 undecim
1294 1246 1415 1287 hyenae·
1428 1244 1601 1276 decurrisse

135 1296 196 1327 quo
206 1298 291 1320 anno
305 1289 430 1321 Lollius
446 1290 600 1331 Lepidum
614 1290 762 1330 collegam
777 1290 907 1321 sortitus
921 1292 978 1321 est.

741 1382 881 1395 eeeeeee

884 1381 982 1394 eeeee

132 1457 186 1488 pr.
202 1447 282 1478 Vat.
298 1447 395 1478 Rom.
408 1449 440 1478 2.
452 1456 473 1478 a
489 1456 534 1478 m.
551 1456 621 1478 sec.
638 1451 674 1478 et
689 1446 787 1479 Harl.
802 1449 834 1478 2.
847 1449 879 1479 7.
897 1447 1079 1478 admoverat
1093 1446 1288 1477 annom—20
1303 1443 1383 1475 Vat.
1399 1447 1432 1475 5.
1449 1453 1470 1475 a
1483 1452 1530 1475 m.
1546 1452 1598 1484 pr.

133 1490 214 1521 Vat.
229 1491 283 1521 19.
297 1494 332 1520 et
346 1489 504 1522 Vallicel.
521 1492 551 1521 1.

562 1493 654 1530 patre
668 1493 789 1521 natum.
823 1489 903 1521 Vid.
919 1498 944 1521 1.
960 1489 1033 1520 Sat.
1048 1491 1078 1520 6.
1093 1490 1126 1519 6.
1144 1493 1180 1520 et
1194 1489 1336 1519 *we-21
1361 1486 1441 1518 Vnt.
1453 1486 1551 1518 Rom.
1566 1488 1599 1518 3.

133 1532 287 1573 aliusque
303 1532 414 1564 codex
437 1542 494 1573 ap.
523 1532 722 1564 Palm—22
749 1532 792 1564 Ut
804 1532 914 1571 generi
929 1535 1079 1572 quantum
1093 1532 1198 1563 demas
1218 1529 1299 1562 Vat.
1315 1529 1416 1561 Rom.
1431 1531 1465 1560 9.
1494 1529 1600 1560 demas

130 1574 242 1648 {enveri
256 1574 492 1607 Schoenborn.
507 1577 541 1606 4.
566 1574 717 1616 aliusque
733 1574 844 1607 codex
861 1584 917 1616 ap.
933 1574 1135 1606 Pulm.—23
1153 1572 1303 1604 Cliisiau.
1318 1575 1352 1604 6.
1369 1575 1405 1604 et
1416 1570 1483 1603 duo
1498 1570 1600 1602 codd.

116 1634 123 1635 ff
167 1617 328 1656 ulmanni,
342 1617 429 1649 bello.
463 1617 694 1649 Schoenboru.
711 1619 742 1649 3.
765 1618 1012 1658 domoque—26
1033 1616 1263 1648 Schoeuborn.
1279 1617 1313 1648 4.

1334 1612 1599 1656 percunctamur.

132 1661 218 1692 —2‘1
240 1659 322 1692 Vst.
338 1659 437 1692 Rom.
451 1662 483 1691 2.
499 1670 519 1691 a
535 1669 579 1691 m.
596 1669 648 1701 pr.
663 1661 919 1692 undenum—28
933 1659 1166 1692 Schoenborn.
1178 1661 1211 1690 4.
1231 1658 1422 1698 eaueguam.
1451 1656 1599 1697 Cuuing.

134 1710 178 1734 ex
193 1711 275 1734 aure
291 1711 364 1743 sua,
377 1703 468 1735 duxit
484 1712 553 1744 qao.

797 1788 828 1820 N
834 1788 941 1821 01*AE

135 1863 215 1895 dum
230 1861 341 1894 fervet
356 1867 481 1895 astus:
506 1863 560 1893 vel
583 1862 645 1893 sub
662 1870 841 1902 vesperam

135 1917 172 1945 et
179 1913 251 1944 sole
257 1913 330 1954 jam
343 1911 699 1951 defervescente,cum
709 1911 843 1943 dictata

135 1963 313 2004 discipulis
329 1962 524 1995 traduntur.

178 2015 221 2044 20
244 2013 302 2044 Me
330 2012 478 2044 libertino
505 2015 614 2043 natam
638 2015 742 2052 patre,
767 2012 839 2053 ξω]

135 2063 249 2098 Multa
261 2062 304 2094 de
319 2071 374 2094 me
391 2067 461 2094 turn
478 2061 645 2101 narrabis,
657 2071 700 2092 ex
717 2061 839 2093 obscu-

134 2121 173 2145 ra
188 2112 318 2155 origiue
342 2111 494 2144 evasisse
510 2112 545 2143 in
561 2111 764 2153 praeclarum
782 2121 839 2143 no-

133 2172 212 2196 men
227 2173 267 2195 ac
283 2162 516 2205 splendorem,
529 2164 596 2195 διο.

175 2213 341 2247 Libertina
354 2216 423 2247 nat.
437 2211 545 2254 patre]
570 2211 660 2245 Vide
679 2221 703 2244 ι.
719 2212 789 2244 Sat.
805 2215 839 2246 6.

175 2267 216 2297 21
245 2264 383 2304 Maiores
403 2274 522 2307 pennas
549 2263 625 2295 nido
646 2263 839 2304 extendisse]

134 2315 311 2351 Nataliuru
328 2325 369 2348 ac
382 2315 517 2356 generis
532 2314 784 2356 ignobilitatem
801 2315 840 2347 il-

134 2364 296 2398 lustrasse
314 2375 368 2397 me
383 2365 551 2397 nobilibus
567 2365 717 2406 scriptis.

177 2417 220 2447 28
229 2415 348 2448 Primis
363 2416 474 2458 Urbis]
489 2416 691 2457 Maecenati,
707 2414 841 2458 Augus·

139 2469 188 2501 to,
202 2465 366 2506 Pollioni,
379 2468 444 2499 διε.

179 2516 222 2546 24
235 2515 383 2555 Corporis
393 2516 518 2557 exigui]
532 2518 658 2549 Noster
669 2526 711 2550 11.
721 2517 795 2549 Sat.
808 2518 840 2549 3,

137 2564 282 2605 ‘longos
301 2565 444 2597 imitaris
465 2566 508 2598 ab
521 2567 587 2598 imo
605 2567 660 2598 Ad
677 2577 842 2599 summum

138 2615 230 2646 totus
246 2613 373 2646 moduli
392 2613 583 2655 bipedalis!

181 2666 223 2696 25
241 2664 343 2696 Irasci
357 2665 496 2704 celerem,
510 2667 613 2697 tamen
627 2669 674 2703 at,
684 2666 754 2707 ξω]
770 2666 844 2699 Cic.

139 2715 182 2748 ad
207 2714 317 2748 Attio.
346 2725 369 2747 1.
396 2718 446 2748 14.
472 2715 606 2756 scribit,
629 2716 844 2750 ‘irritabiles

896 1872 973 1894 esse
999 1863 1127 1894 animos
1156 1860 1363 1901 optimorum
1390 1867 1483 1898 saepe
1513 1857 1601 1889 viro·

895 1923 984 1954 rum,
999 1913 1209 1954 eosdemque
1229 1909 1440 1952 placabiles:
1465 1912 1503 1941 et
1524 1918 1601 1940 esse

894 1964 982 1996 lianc
995 1964 1184 2004 agilitatem
1201 1961 1451 2002 mollitiemque
1467 1963 1601 1992 naturae

895 2015 1096 2055 plerumque
1113 2010 1281 2044 bonitati-³

937 2066 978 2097 27
994 2063 1116 2099 Quater-
1129 2063 1279 2104 undenos,
1295 2061 1367 2103 mn]
1383 2060 1502 2094 Annos
1519 2065 1603 2092 aeta-

895 2114 939 2146 tis
965 2118 1112 2156 quatuor
1137 2116 1174 2145 et
1197 2111 1424 2154 quadraginta
1447 2112 1601 2152 comple-

894 2163 996 2203 visse,
1006 2173 1083 2196 cum
1099 2163 1314 2195 consulatum
1331 2162 1460 2193 inirent
1473 2161 1602 2193 Lollius

893 2225 935 2247 ac
966 2214 1139 2256 Lepidus:
1175 2223 1262 2245 auno
1293 2213 1369 2246 scil.
1395 2213 1440 2245 U.
1460 2212 1500 2243 C.
1524 2214 1601 2245 732.

895 2266 986 2298 Nam
1010 2265 1176 2297 Horatius
1199 2267 1302 2295 natus
1317 2267 1393 2295 erat
1415 2263 1455 2295 L.
1469 2262 1603 2294 Manlio

894 2316 1070 2358 Torquato
1095 2319 1133 2346 et
1155 2314 1197 2346 L.
1212 2313 1353 2346 Aurelio
1378 2314 1482 2345 Cotta
1505 2313 1602 2345 Coss.

897 2376 951 2398 an.
966 2366 1012 2398 U.
1027 2365 1067 2398 C.
1082 2367 1159 2397 688.
1181 2368 1218 2396 ut
1241 2363 1371 2396 dictum
1391 2367 1445 2395 est
1460 2371 1516 2396 ιιι.
1534 2362 1602 2396 od.

895 2420 952 2450 21.

939 2469 982 2499 28
1007 2466 1168 2506 collegam
1190 2464 1345 2506 Lepidum
1368 2473 1440 2505 quo,
1455 2462 1527 2505 ξω]
1551 2461 1602 2494 Μ.

901 2517 1026 2551 Lollius
1050 2517 1179 2548 virtute
1209 2515 1370 2556 singulari
1395 2519 1432 2545 et
1457 2512 1603 2545 Caesaris

897 2567 1008 2609 gratia
1017 2565 1165 2607 adeptus
1178 2565 1404 2602 consulatum,
1417 2562 1524 2604 gessit
1535 2561 1605 2592 lau·

898 2617 1061 2649 dabiliter
1070 2624 1148 2647 cnm
1162 2614 1206 2647 Q.
1220 2613 1356 2645 AEmilio
1368 2610 1512 2652 Lepido.
1537 2610 1603 2642 Dio

898 2667 958 2699 lib.
975 2675 1045 2698 uv.
1083 2664 1138 2696 Ad
1155 2674 1230 2695 enm
1247 2667 1327 2694 sunt
1352 2671 1377 2693 1.
1392 2661 1502 2703 Epist.
1517 2662 1549 2693 2.
1566 2666 1603 2693 et

902 2720 954 2749 18.
970 2722 1006 2748 et
1023 2725 1068 2747 iv.
1087 2714 1155 2746 od.
1169 2716 1200 2745 9.
1554 2726 1558 2729 -
