1930 3204
353 269 466 312 1596

354 376 475 403 tamen.
490 369 721 411 pauperiorum
745 369 833 400 euim
855 370 951 401 turba
967 368 1035 400 fere

352 426 392 452 ut
405 429 541 452 numero
556 419 674 458 major,
687 418 734 449 sic
757 422 791 449 et
814 418 952 459 probior
974 422 1037 448 est.

353 469 399 500 Et
413 468 536 508 alioqui
550 466 786 499 Jurisconsulti
801 468 810 485 ‘
826 467 985 507 majorem
1003 467 1035 497 in

353 516 517 557 suffragiis
533 519 661 556 partem
676 514 684 528 '
702 520 831 550 vocant,
844 526 916 557 quae
929 515 1037 546 sanior

353 570 417 604 est,
431 569 467 595 ut
481 564 543 604 ipsi
559 564 752 604 loquuntur,
765 573 963 604 quamquam
978 573 1036 594 nu—

352 623 444 645 mero
459 613 575 644 minor.
621 612 721 643 Prior
739 612 842 644 lectio
865 612 970 652 magis
987 621 1037 641 ar-

353 662 452 692 ridet.
486 661 669 701 Comparat
683 665 795 692 autem
810 671 845 692 se
862 661 1039 701 pauperio-

353 719 425 741 rum
449 710 567 744 turbae,
593 710 649 750 qui
678 709 764 741 infra
785 709 934 741 fortunas
961 718 1038 739 suas

352 759 553 789 constitutos
562 758 732 798 expendit,
744 768 808 799 quo
824 758 973 796 taudem,
986 761 1038 788 tot

352 817 372 838 a
395 811 491 847 tergo
509 807 642 838 relictos
668 807 860 847 respiciens,
880 807 1038 847 praesenti

352 860 443 887 sorte
458 860 636 887 contentus
651 855 705 886 sit.
730 856 806 887 Vid.
819 856 967 886 Turneb.
986 864 1038 887 xl.

351 907 404 936 23.
451 905 682 945 Pauper-iorum]
702 904 767 935 Sed
783 914 859 935 cum
875 904 1037 935 divitiori-

352 953 425 992 bus,
440 962 522 993 quos
539 953 669 983 assidue
681 961 839 992 superare
854 952 1039 984 contendit.

397 1004 457 1032 113
480 1001 534 1031 Sic
535 1001 721 1041 festinanti]
739 1001 792 1032 Ad
805 1001 892 1032 huuc
907 1001 1038 1032 modum

353 1051 408 1092 qui
423 1051 482 1082 dat
497 1060 631 1091 operam
646 1050 770 1081 divitiis
784 1050 1038 1090 amplificandis,

353 1099 384 1130 ei
399 1099 519 1139 aliquis
534 1099 736 1138 locupletior
759 1102 811 1129 est
835 1108 965 1138 semper
980 1098 1039 1129 im-

353 1148 558 1189 pedimento.
601 1147 795 1188 Locupletior
818 1148 935 1188 obstat]
965 1147 1038 1178 Ste-

355 1198 484 1237 phanus
507 1197 681 1237 legendum
705 1201 822 1228 censet
847 1197 958 1236 obstet,
969 1201 1004 1228 et
1019 1206 1040 1227 a

354 1246 516 1286 particula
531 1245 746 1286 praecedente
756 1248 791 1276 ut
802 1245 962 1286 pendere,
977 1246 1039 1276 sic-

355 1299 393 1325 ut
408 1299 444 1325 et
459 1294 643 1334 superiora.

398 1346 458 1374 114
481 1344 597 1374 Missos
608 1343 706 1383 rapit]
729 1343 854 1374 Currus
871 1343 1005 1374 emissos
1021 1352 1040 1374 a

355 1391 545 1422 carceribus
563 1391 754 1430 patefactis,
777 1391 833 1422 ubi
858 1396 948 1422 stant
963 1393 1040 1432 equi

357 1440 398 1470 ad
419 1439 619 1471 currendum
637 1440 758 1479 parati.
805 1440 945 1480 Ungula]
969 1440 1039 1470 Un-

356 1488 434 1528 gula
450 1488 598 1528 pouitur,
610 1497 669 1527 pro
687 1488 855 1527 ungulatis
871 1489 976 1528 equis.

398 1541 458 1568 115
484 1538 561 1568 Suos
581 1537 788 1576 vincentibus]
822 1538 925 1578 Equis
963 1547 1039 1569 suos

357 1596 457 1628 equos
473 1596 573 1617 cursu
591 1586 882 1626 praevertentibus.

398 1638 460 1666 116
484 1635 698 1674 Proeteritum]
724 1635 832 1666 Quem
861 1634 1039 1673 praeteriit.

357 1684 524 1714 Extremas
535 1682 631 1722 inter]
655 1682 751 1712 Inter
762 1682 896 1713 ultimos
907 1690 1040 1712 curren-

359 1738 437 1762 tem.

399 1784 459 1812 117
487 1782 529 1812 Ut
544 1781 631 1820 raro]
645 1780 693 1812 Ut
709 1790 783 1812 raro
798 1780 947 1821 reperire
962 1789 1042 1822 que-

358 1841 448 1862 amus
464 1831 606 1872 aliquem
623 1831 692 1871 qui,
712 1833 776 1861 διο.

400 1880 605 1911 118Ἐ.τιιι·ιο
620 1882 779 1910 contentus
793 1882 927 1918 tempore
948 1879 1039 1919 υἱέα]

358 1930 433 1960 Duo
455 1928 638 1960 fidelissimi
653 1928 806 1960 codices:
831 1929 953 1959 Exacto
974 1937 1043 1958 con-

357 1981 459 2008 tentus
485 1981 629 2017 tempore,
654 1977 719 2008 vita
744 1978 859 2008 Cedat.-
882 1987 955 2018 quae
977 1977 1044 2007 lec-

359 2027 407 2057 tio
432 2027 549 2057 melior
574 2031 637 2057 est.
680 2026 737 2056 Sic
771 2026 858 2056 enim
885 2030 921 2056 et
946 2026 1044 2056 Lucr.

356 2075 367 2091 ⁴
381 2075 522 2106 Curnon
537 2078 575 2104 ut
588 2075 704 2113 plenus
715 2074 783 2104 vita
798 2074 938 2104 conviva
954 2083 1042 2104 rece-

359 2124 410 2155 dis
426 2122 449 2152 ?'
494 2122 568 2153 Nec
595 2122 778 2152 dissimile:
803 2123 853 2152 ‘E
878 2122 947 2152 vita
971 2126 1042 2151 tan-

359 2181 457 2214 quam
474 2180 492 2201 e
509 2171 639 2201 theatro
662 2169 875 2201 exeundum.'
918 2170 1042 2200 Verum

360 2221 438 2262 quia
466 2218 627 2260 perpauci
654 2227 690 2248 se
707 2218 823 2249 beatos
843 2218 876 2248 in
899 2217 960 2249 hac
977 2218 1044 2249 vita

360 2268 558 2310 praedicant,
588 2275 772 2306 perpaucos
803 2265 850 2296 ait
884 2265 1044 2297 Horatius

359 2317 500 2350 inveniri
525 2315 582 2357 qui
606 2315 751 2346 libenter
775 2315 842 2345 vita
863 2314 985 2345 cedant
1009 2320 1045 2346 et

359 2368 435 2398 hinc
465 2365 509 2397 ad
535 2373 673 2404 superos
705 2363 840 2394 abeant.
883 2362 973 2394 Vide
1003 2363 1046 2395 P.

359 2415 560 2453 victorium,
575 2421 625 2444 vt.
641 2414 693 2443 11.
717 2413 806 2442 Torr.

404 2466 465 2496 119
489 2461 604 2502 Cedat]
641 2462 686 2492 Et
711 2461 767 2502 qui
793 2461 917 2502 migret
936 2469 955 2492 e
978 2460 1046 2491 vita

361 2511 638 2555 quemadmodum
651 2510 737 2541 solet
752 2511 893 2542 conviva
905 2519 924 2541 a
934 2518 1046 2541 mensa

362 2562 529 2593 decedere
545 2564 770 2591 exsaturatus.

403 2614 464 2642 120
485 2611 561 2641 Jam
574 2608 652 2640 satia
666 2608 727 2648 est]
751 2607 838 2639 Haec
853 2606 1033 2640 sufficiant.

405 2661 465 2689 121
490 2658 675 2698 Compitasee
689 2656 792 2696 putee]
816 2655 869 2687 Ne
886 2660 980 2696 putes
995 2665 1047 2687 me

363 2707 509 2739 furatum
536 2717 610 2739 esse
636 2708 781 2746 arculas,
804 2706 838 2738 id
859 2710 922 2743 est,
944 2707 1047 2738 libros

365 2758 421 2798 qui
443 2757 477 2787 in
497 2757 625 2788 scriniis
648 2760 867 2797 reponuntur,
891 2757 949 2788 Cr.
971 2757 1049 2797 Lip-

805 277 945 309 No'rAE
978 275 1237 306 VARIORUM
1273 276 1321 306 ΙΝ

1086 368 1118 408 pi
1135 367 1327 408 Philosophi
1344 365 1579 407 loquacissimi.

1085 417 1233 448 SATYRA
1259 426 1297 448 ιι.
1340 415 1511 455 Exemplis
1539 415 1666 446 dictum
1689 413 1771 445 illud

1127 465 1303 496 confirmat
1318 475 1326 495 :
1360 465 1370 482 ⁴
1386 464 1474 494 Dum
1491 463 1599 494 vitant
1613 462 1710 494 stulti
1725 462 1772 492 vi-

1128 514 1187 554 tia,
1215 514 1248 544 in
1277 513 1446 544 contraria
1474 511 1636 543 currunt.’
1681 511 1772 542 Inst-

1127 571 1187 592 nas
1204 562 1410 603 quorundam
1435 562 1525 593 circa
1545 560 1709 592 adulteria
1734 560 1771 590 li-

1129 612 1258 642 bidines
1275 613 1471 643 insectatur.
1751 637 1753 639 ,

1132 663 1145 690 l
1172 660 1411 691 Ambubaiarum
1425 657 1567 697 collegia]
1590 657 1702 690 Nolim
1717 657 1772 688 hic

1087 710 1192 740 otiose
1209 709 1455 750 repeteressquae
1479 709 1519 738 de
1535 706 1774 739 Ambubaiarum

1089 758 1248 789 vocabulo
1264 759 1318 789 alii
1335 762 1413 789 ante
1428 766 1487 788 nos
1501 756 1686 796 scripsere;
1700 759 1773 785 tau-

1088 811 1156 838 tum
1173 807 1281 838 dicam
1298 816 1418 838 nomen
1441 806 1516 846 hoc,
1531 810 1697 845 tamquam
1712 812 1774 842 ge-

1088 865 1150 885 nus
1179 855 1358 895 quoddam,
1387 855 1427 885 ad
1465 862 1692 894 quoscumque
1721 852 1775 883 vel

1088 904 1248 944 lasciviae,
1275 904 1326 933 vel
1351 903 1584 943 impudicitiae,
1610 902 1662 933 vel
1691 900 1774 932 artis

1088 953 1227 983 ludicrae
1265 961 1304 982 ac
1343 951 1530 990 parasiticae
1570 948 1774 989 professores

1090 1002 1260 1041 pertinere
1277 1011 1284 1030 ι
1306 999 1410 1041 qualis
1424 998 1526 1029 Tusci
1542 997 1637 1029 turba
1653 997 1775 1036 impro-

1089 1050 1131 1081 ba
1153 1050 1230 1088 vici,
1253 1049 1424 1089 ceterique
1449 1046 1589 1078 infames
1615 1045 1776 1081 homines,

1089 1103 1235 1140 quaestus
1258 1107 1385 1135 caussa,
1401 1095 1619 1128 celeberrima
1634 1101 1776 1135 quaeque

1090 1150 1164 1180 loca
1178 1147 1405 1180 circumibant.
1449 1145 1546 1177 Unde
1562 1143 1776 1183 meojudicio

1090 1206 1209 1228 nomen
1226 1197 1398 1235 invenere,
1413 1204 1479 1226 non
1496 1199 1563 1226 tam
1579 1203 1598 1224 a
1613 1193 1716 1232 Baiis,
1729 1191 1777 1223 fa-

1090 1255 1184 1276 moso
1210 1245 1268 1276 illo
1295 1244 1488 1284 Campaniae
1515 1243 1600 1278 vico.
1620 1241 1712 1283 «qnod
1729 1240 1776 1272 ibi

1091 1299 1210 1336 parata
1223 1300 1354 1334 semper
1370 1293 1429 1324 tali
1446 1292 1554 1324 turbae
1566 1296 1664 1323 eraut
1678 1300 1779 1322 aucu-

1090 1344 1168 1385 pia3
1192 1353 1289 1385 quam
1306 1342 1506 1383 simpliciter
1522 1351 1541 1372 a
1561 1340 1662 1372 verbo
1684 1341 1694 1357 ‘
1708 1349 1776 1371 am-

1088 1393 1180 1424 bire'
1217 1403 1277 1434 pro
1311 1392 1321 1410 ‘
1337 1390 1538 1431 circumire‚'
1578 1389 1678 1431 idque
1715 1396 1775 1429 per

1089 1442 1300 1482 epenffiesin,
1338 1446 1374 1471 ut
1411 1442 1420 1458 ‘
1438 1437 1679 1479 induperator'
1714 1445 1774 1477 pro

1091 1489 1319 1530 ‘imperat0r,’
1345 1488 1533 1528 praecipuus
1555 1487 1642 1518 euim
1662 1485 1726 1516 illis
1742 1484 1775 1515 in

1090 1536 1394 1576 circumcursando,
1418 1537 1493 1567 dum
1517 1535 1683 1566 luxuriose
1705 1543 1776 1565 sec-

1090 1591 1205 1617 tantur
1231 1586 1363 1620 divites‚
1389 1589 1547 1625 qua-stus.
1593 1582 1776 1614 Ambubaia-

1089 1635 1172 1674 rum]
1200 1634 1346 1672 Collegia
1358 1642 1436 1672 ergo
1447 1631 1708 1663 Ambubaiarum
1722 1640 1778 1662 co-

1092 1688 1168 1714 acta
1182 1687 1258 1713 sunt
1274 1691 1316 1712 ex
1333 1681 1366 1711 id
1382 1679 1698 1720 genusfhominibus,
1719 1680 1776 1720 qui

1093 1732 1171 1762 nihil
1210 1739 1307 1771 quam
1344 1729 1452 1768 nugis,
1487 1728 1780 1767 assentationibus,

1091 1779 1286 1817 mendaciis,
1314 1777 1504 1819 praestigiis,
1532 1781 1568 1808 et
1600 1775 1641 1807 ad
1670 1775 1779 1807 forum

1093 1828 1294 1868 excogitatis
1318 1827 1454 1859 vocibus
1478 1827 1636 1867 populum
1661 1826 1779 1857 illude-

1092 1879 1184 1919 bant,
1203 1878 1243 1909 ab
1265 1877 1353 1908 omni
1369 1877 1502 1908 virtutis
1517 1881 1552 1907 et
1568 1876 1697 1907 honesti
1716 1881 1781 1906 tra—

1094 1928 1189 1966 mite,
1205 1927 1323 1967 procul
1339 1925 1580 1957 exorbitantes.
1597 1925 1671 1956 talis
1686 1930 1780 1956 certe

1093 1976 1169 2016 fuit,
1182 1977 1216 2006 ni
1231 1975 1340 2015 fallor,
1357 1975 1449 2015 Copa
1462 1974 1599 2014 Syl-isca
1612 1973 1685 2004 Vir.
1706 1973 1776 2004 Ho-

1095 2034 1167 2056 rum
1184 2028 1296 2055 autem
1310 2024 1523 2063 collegiorum
1547 2032 1604 2053 seu
1620 2023 1776 2054 classium

1094 2077 1267 2104 enumerat
1291 2072 1384 2112 quasi
1407 2070 1600 2110 praefectos,
1621 2071 1780 2101 Pharma-

1094 2121 1244 2160 copohs,
1272 2120 1453 2155 mendicos,
1487 2119 1688 2156 balatrones,
1717 2118 1779 2149 sub

1094 2179 1173 2207 uno,
1198 2174 1234 2199 ut
1258 2169 1413 2207 arbitror,
1434 2168 1589 2208 Tigellio,
1611 2167 1667 2207 qui
1687 2175 1779 2207 saepe

1095 2217 1257 2248 ducentos
1279 2227 1321 2248 ex
1338 2217 1387 2247 his
1399 2217 1546 2247 habebat
1560 2216 1594 2246 in
1607 2225 1666 2246 suo
1681 2215 1781 2246 comi-

1094 2270 1178 2297 tatu.
1223 2265 1275 2296 De
1298 2266 1419 2304 Erymo
1440 2265 1530 2295 vocis
1549 2263 1559 2281 ⁴
1573 2262 1781 2302 Ambubaia‚'

1095 2314 1171 2345 vide
1186 2314 1367 2354 Cruquium
1384 2314 1482 2344 latius
1502 2313 1543 2344 de
1559 2322 1598 2344 eo
1613 2312 1780 2344 disseren-

1097 2368 1177 2403 tem,
1192 2367 1227 2394 et
1239 2363 1384 2394 Turneb.
1401 2371 1439 2395 u.
1453 2366 1505 2394 23.
1543 2361 1780 2394 Ambubaiarum

1095 2413 1238 2453 collegia]
1270 2413 1420 2452 Collegia
1441 2412 1651 2444 tibicinarum
1673 2411 1781 2452 impu-

1096 2463 1258 2501 dicarum,
1302 2461 1469 2492 ebrietate
1514 2460 1782 2492 balbutientium.

1098 2509 1361 2550 Pharmacopoloe]
1403 2509 1413 2526 ‘
1429 2509 1635 2540 Ambubaias
1651 2507 1660 2521 ’
1697 2513 1781 2539 tarn-

1097 2569 1196 2600 quam
1233 2568 1335 2599 genus
1372 2558 1494 2598 posuit.
1527 2567 1615 2588 nunc
1649 2557 1780 2597 species

1097 2613 1296 2640 enumerat:
1335 2616 1533 2649 quamquam
1561 2610 1597 2637 et
1624 2614 1781 2647 unaquae-

1098 2668 1162 2699 que
1189 2659 1341 2696 istarum,
1370 2657 1456 2697 quod
1486 2660 1581 2687 recte
1609 2654 1779 2686 admonuit

1100 2707 1279 2748 Cruquius,
1303 2705 1416 2746 plures
1443 2704 1525 2735 alias
1552 2708 1642 2734 artes
1660 2702 1720 2734 sub
1742 2711 1778 2732 se

1099 2756 1355 2796 complectatur.
1399 2751 1667 2793 Pharmacopolis
1692 2749 1777 2781 enim
