1890 3230
371 249 481 292 1738

371 351 456 382 hauc
471 350 549 382 vitae
566 350 698 380 urbanae
715 347 938 378 narrationem
954 346 997 378 ab
1012 355 1052 378 eo

372 398 543 431 exorditur
554 397 714 429 Horatius
723 406 733 434 ;
742 396 751 413 ‘
763 395 964 427 Matutinurn
974 395 983 408 ’
993 404 1051 435 ap-

370 448 497 487 pellans
512 448 522 465 ‘
536 444 690 486 patrem,'
713 445 754 476 ab
778 449 854 476 ortu
871 445 958 485 ipso,
977 454 1051 485 quas

370 497 528 536 cujusque
558 493 626 524 diei
658 502 734 533 pars
770 493 940 535 praecipua
977 498 1050 525 est:

371 544 457 574 unde
473 547 508 573 et
523 541 728 580 Macrobius,
752 541 917 577 ‘Janum,’
935 542 1052 583 inquit,

370 594 379 609 ⁶
392 596 517 631 patrem
539 599 707 630 vocamus,
727 591 830 621 solem
845 591 906 621 sub
918 590 980 621 hac
995 599 1051 630 ap-

370 639 552 679 pellatione
589 638 810 669 venerantes!
861 638 972 679 Atque
1005 638 1053 669 ita

369 687 471 718 etiam
498 688 532 718 in
565 686 719 727 Epistola
745 687 787 718 ad
821 687 1018 719 Quinctium
1041 697 1051 718 z

370 738 379 754 ‘
395 736 480 768 Jane
510 736 616 767 Pater
641 736 745 776 clare,
767 737 856 767 clare
877 745 951 767 cum
967 736 1052 767 dixit

368 784 514 825 Apollo.’
559 785 645 816 Nam
670 788 705 814 et
726 785 760 814 in
782 783 1002 824 supplicando
1017 788 1052 814 et

366 834 400 864 in
428 833 645 866 sacrificando
675 834 803 874 antiqui
824 834 947 866 Janum
978 839 1051 864 tan-

368 892 466 923 quam
488 883 683 923 principem,
703 886 740 913 ut
759 882 841 920 dixi,
863 881 1051 921 praefaban-

370 937 445 969 tur;
473 939 594 970 nempe
614 931 760 961 Deorum
777 930 1052 970 antiquissimum,

369 990 389 1010 a
413 989 478 1020 quo
503 978 648 1010 omnium
676 986 787 1009 rerum
812 976 937 1008 factum
961 983 1052 1009 esset

369 1029 511 1060 initium.
549 1028 686 1059 Torreat.
730 1026 845 1067 Audis]
878 1026 1051 1058 Libentius

370 1077 562 1118 appellaris.
817 1091 819 1093 ·

410 1129 450 1159 21
479 1126 566 1157 Unde
579 1123 727 1164 homines]
750 1123 780 1155 A
797 1133 871 1164 quo.
917 1125 1052 1164 Operum

366 1175 496 1215 primos]
528 1174 615 1206 Satis
638 1183 679 1203 ex
701 1172 871 1214 praedictis
897 1177 1053 1213 apparet,

371 1225 453 1265 quid
490 1225 552 1255 boe
582 1233 681 1254 versu
710 1223 852 1254 voluerit
878 1222 1052 1254 Horatius.

371 1272 503 1303 Referri
521 1277 630 1303 tamen
647 1272 746 1302 etiam
766 1271 891 1312 poterit
906 1271 948 1303 ad
966 1276 1053 1303 vete·

370 1330 440 1352 rem
458 1321 681 1353 Romanorum
693 1320 979 1358 consuetudinem,
988 1330 1053 1362 qua

370 1370 448 1400 anni
476 1369 571 1400 initio
599 1369 679 1409 ipsis
708 1368 871 1399 Kalendis
899 1369 1053 1401 Januarii

368 1417 626 1458 auspicabantur
641 1420 731 1448 artes
747 1417 886 1457 quisque
902 1426 1001 1455 suas;
1018 1421 1054 1449 ut

369 1470 445 1496 toto
473 1475 561 1496 anuo
587 1469 726 1506 agentes
754 1465 863 1496 Deum
894 1466 1054 1498 haberent

370 1514 564 1554 propitium.
608 1514 664 1544 Sic
675 1522 756 1552 ergo
771 1522 790 1544 a
803 1510 891 1545 Jano
904 1514 1053 1554 auspica-

369 1562 397 1593 ri
412 1561 520 1593 Poeta
535 1561 650 1592 voluit.
674 1561 814 1591 Tor-rent.
859 1562 992 1601 Operum
1007 1562 1052 1593 vi-

368 1610 424 1649 toe]
439 1609 497 1639 ἐν
511 1609 559 1639 διὰ
571 1609 664 1646 δυοῖν,
676 1608 710 1638 id
723 1613 787 1647 est,
798 1609 875 1638 vitae
890 1618 1053 1647 operosae,

368 1658 530 1696 molestae,
551 1661 587 1687 et
611 1654 770 1694 difficilis,
797 1661 879 1695 puta
903 1657 1053 1688 urbanae.

372 1707 468 1746 Cruq.

410 1759 452 1788 23
476 1756 583 1787 Romae
596 1753 782 1795 sponsorem]
804 1754 914 1787 Quum
937 1755 1052 1787 Romro

369 1815 455 1844 sum,
471 1805 502 1836 O
518 1805 617 1843 Jane,
638 1808 676 1835 tu
699 1804 792 1843 cogis
814 1813 867 1835 me
882 1813 957 1835 esse
972 1803 1053 1836 fide·

364 1855 545 1894 jussorem,
562 1852 595 1884 id
610 1857 675 1892 est,
686 1861 747 1893 pro
757 1852 862 1883 altero
876 1852 1053 1893 spondere.

369 1903 427 1935 Me
441 1901 541 1943 rapis]
571 1902 693 1935 Jauum
718 1900 836 1942 (puto)
854 1902 1052 1943 alloquitur=

369 1952 425 1983 ille
453 1952 541 1983 euim
568 1951 656 1981 diem
683 1950 872 1989 moderans,
891 1950 1054 1991 cujusque

370 2000 437 2032 diei
458 2001 606 2032 actiones
620 2008 754 2040 quoque
769 1998 934 2030 moderari
949 2008 987 2030 ac
1003 2008 1055 2030 re-

369 2058 448 2088 gere
464 2048 651 2080 videbatur.
695 2047 795 2087 Rapis
808 2047 923 2087 igitur,
933 2047 1053 2088 inquit,

369 2107 416 2128 me
444 2106 658 2136 responsorem,
681 2095 716 2126 id
738 2099 803 2134 est,
827 2104 882 2126 res
904 2094 979 2135 ipsa
997 2095 1052 2129 eui

370 2155 479 2186 praeos
495 2145 701 2185 interpellat,
715 2149 752 2174 ut
766 2153 827 2182 pro
837 2143 941 2175 amieo
952 2153 1050 2182 spon—

370 2195 486 2226 deam:
519 2202 600 2232 urge
629 2192 732 2231 igitur
759 2195 798 2221 ut
827 2190 860 2220 id
894 2190 1050 2222 alacriter

369 2247 538 2284 praestem,
553 2249 662 2281 neque
678 2238 822 2271 officium
838 2247 947 2270 meum
962 2239 1050 2279 quis-

369 2300 468 2333 quam
482 2289 664 2322 desideret.
680 2290 694 2306 '¹
708 2286 918 2326 Spondendi'
939 2292 1049 2319 autem

369 2339 507 2371 verbum
537 2336 702 2378 generale,
729 2335 783 2366 hic
810 2334 961 2377 (opinor)
989 2347 1051 2377 pro

369 2388 556 2428 fidejubere
580 2385 754 2425 accipitur.
810 2384 908 2417 Quod
938 2391 1051 2418 autem

370 2447 472 2476 urges,
487 2446 548 2477 pro
561 2444 649 2475 urge,
665 2432 808 2474 probant
825 2433 1000 2466 Turnebus
1015 2439 1052 2469 et

371 2486 562 2524 Lambinus,
577 2493 640 2524 ego
654 2482 745 2513 nullo
759 2482 792 2513 in
804 2481 920 2514 codice
933 2492 1051 2524 reppe-

371 2534 411 2565 ri.
453 2532 601 2565 Turnab.
617 2532 762 2563 x111.l⁷.
787 2531 926 2563 Torreat.

411 2585 454 2614 24
476 2583 528 2613 Ne
549 2581 635 2621 prior
649 2578 762 2620 0ffi01‘0]
781 2572 885 2619 Urge,
909 2588 951 2610 ne
979 2579 1052 2620 quis

372 2641 425 2664 me
440 2630 615 2663 officiosior
626 2630 762 2661 existat.

414 2683 453 2712 25
476 2680 589 2720 Aquilo
611 2678 694 2709 radit
717 2680 828 2716 terras,
848 2677 917 2718 lfa]
937 2677 992 2710 sie
1008 2679 1054 2713 E*

375 2728 451 2768 pod.
474 2737 548 2761 xvi.
577 2729 587 2746 ‘
603 2727 650 2759 Ut
665 2735 770 2767 neque
786 2726 885 2767 largis
899 2725 1051 2768 Aquosus

823 258 960 288 NOTAE
991 257 1249 288 vamoRtJM
1281 258 1331 288 ΙΝ

1100 350 1205 381 Eurus
1219 357 1300 380 arva
1311 347 1593 380 radatimbribus:
1635 348 1775 388 Eadem,

1100 399 1133 429 ni
1168 397 1277 437 fallor,
1304 397 1444 437 ratione,
1480 407 1545 438 qua
1576 397 1586 415 ‘
1604 403 1776 431 verrentes

1100 457 1232 488 aequora
1247 445 1360 486 veniit
1371 451 1407 479 et
1436 451 1446 465 ‘
1459 447 1556 478 remis
1573 446 1656 478 vada
1673 447 1777 479 livida

1102 496 1261 535 verrunt,'
1282 495 1454 528 Lucretius
1475 500 1511 527 et
1529 494 1688 535 Virgilius
1702 494 1774 526 dix-

1100 554 1166 575 ero.
1190 545 1325 576 Torreat.
1368 544 1467 575 Radit
1489 543 1602 583 terras]
1626 542 1705 574 Sive
1728 542 1776 575 A·

1101 593 1191 635 quilo
1203 592 1263 625 flat
1277 599 1311 625 et
1324 593 1479 625 devastat
1492 597 1610 624 terras.

1140 645 1183 674 26
1204 642 1354 674 Interim-e
1377 643 1457 674 diem
1479 640 1572 683 gyro]
1594 640 1776 673 Poetarum

1100 701 1190 723 more
1205 691 1372 733 loquitur3
1398 700 1463 723 non
1486 690 1573 732 quod
1589 690 1636 722 ita
1650 690 1705 729 sit,
1717 689 1779 721 sed

1100 739 1187 780 quod
1202 740 1250 771 ita
1264 743 1443 780 appareat:
1460 739 1548 773 idem
1557 738 1644 770 euim
1657 746 1778 778 perpe-

1100 793 1157 819 tuo
1178 788 1256 819 solis
1283 797 1410 826 cursus,
1435 796 1544 828 neque
1564 787 1620 819 ille
1649 785 1777 826 longius

1099 841 1228 873 aestate,
1241 846 1338 877 quam
1353 837 1459 868 hieme
1471 836 1535 868 iter
1549 834 1679 875 peragit
1687 846 1698 874 3
1717 833 1776 867 sed

1100 884 1176 923 quia
1198 884 1241 914 ob
1263 888 1362 915 terrae
1384 884 1484 915 situm
1505 892 1593 915 nunc
1612 881 1778 923 pauciori-

1100 932 1173 972 bus,
1187 941 1274 963 nunc
1292 931 1444 971 pluribus
1457 931 1547 961 boris
1561 931 1779 970 conspicitur,

1099 980 1174 1011 ideo
1185 984 1220 1012 et
1227 989 1344 1021 gyrum
1355 982 1485 1010 mutare
1496 976 1632 1018 fingitur
1644 987 1654 1008 z
1670 977 1779 1010 eircu-

1099 1031 1150 1060 lus
1166 1034 1276 1061 autem
1294 1037 1358 1070 quo
1377 1031 1492 1059 centro
1511 1026 1660 1067 propior,
1681 1034 1720 1059 eo
1742 1030 1780 1059 et

1099 1079 1247 1119 interior,
1277 1088 1317 1110 ac
1345 1076 1485 1119 proinde
1510 1075 1611 1108 etiam
1637 1076 1780 1109 brevior.
1805 1080 1811 1084 “

1100 1128 1282 1159 Interiorem
1303 1127 1415 1167 itaquo
1443 1135 1503 1166 pro
1526 1124 1680 1158 breviore
1694 1124 1780 1158 dixit

1100 1176 1276 1214 Horatius,
1293 1175 1396 1216 qualis
1412 1178 1465 1205 est
1477 1172 1647 1212 brumalis,
1660 1172 1779 1206 mtivo

1099 1225 1282 1265 oppositus.
1317 1224 1455 1254 Torreat.
1499 1222 1650 1253 Interior-e
1682 1220 1780 1261 diem]

1100 1273 1178 1305 Sive
1205 1273 1323 1304 bruma
1355 1272 1507 1304 breviore
1537 1269 1663 1302 ambitu
1691 1269 1780 1302 diem

1099 1321 1277 1353 contrahit.
1322 1321 1373 1351 Ire
1387 1329 1503 1351 necesse
1516 1318 1575 1359 eut]
1609 1318 1662 1350 Ad
1681 1327 1781 1359 spon-

1101 1370 1246 1402 dendum
1261 1379 1320 1410 pro
1340 1370 1456 1402 altero.

1140 1422 1181 1451 2⁷
1203 1419 1281 1450 Post
1307 1419 1392 1450 modo
1416 1419 1506 1458 qnod,
1527 1418 1596 1459 Sua]
1621 1415 1782 1449 Ostendit

1099 1467 1255 1499 damnum
1285 1466 1461 1499 fortuitum
1484 1472 1519 1498 et
1543 1466 1608 1499 fori
1634 1464 1781 1498 molesti-

1100 1526 1149 1554 as,
1162 1526 1239 1557 qnae
1254 1516 1468 1556 sponsionem
1489 1515 1645 1556 subsequi
1660 1514 1780 1546 solent.

1098 1565 1264 1596 Postmodo
1287 1573 1363 1603 erg-o
1392 1563 1468 1595 milui
1494 1564 1576 1595 clare
1602 1563 1715 1604 locuto]
1738 1561 1780 1595 ld

1098 1616 1357 1653 est,*postqnam
1376 1613 1478 1652 clare,
1498 1615 1613 1652 aperte
1626 1616 1662 1643 et
1675 1611 1780 1643 libere

1099 1660 1141 1690 de
1176 1664 1273 1691 certa
1302 1668 1429 1690 summa
1463 1659 1671 1699 sponsionem
1701 1658 1781 1698 feci,

1099 1707 1186 1748 qnod
1199 1707 1278 1739 mihi
1293 1707 1391 1744 obsit,
1403 1711 1439 1739 et
1448 1707 1567 1739 damno
1578 1716 1650 1739 esse
1661 1708 1781 1748 possit.

1098 1755 1293 1788 luctandum
1307 1756 1339 1786 in
1352 1755 1464 1795 turba,
1475 1757 1537 1788 διο.
1554 1755 1650 1796 Οηυι.
1693 1755 1784 1788 Pone-

1100 1805 1198 1843 modo,
1211 1804 1280 1845 ξω]
1317 1804 1549 1836 Laborandum
1573 1808 1628 1837 est
1649 1804 1728 1837 mihi
1747 1805 1783 1838 in

1100 1853 1197 1885 turba
1211 1853 1245 1884 id
1261 1854 1352 1885 clare
1366 1857 1402 1885 et
1417 1857 1534 1894 aperto
1550 1853 1672 1889 locuto,
1691 1854 1782 1895 quod

1099 1903 1179 1935 mihi
1194 1903 1350 1934 damnum
1375 1901 1506 1939 afferat,
1526 1902 1722 1943 spondendo
1735 1903 1784 1935 ui·

1100 1952 1231 1983 mirum.
1276 1952 1368 1983 Clare
1393 1955 1567 1992 certumque
1587 1951 1700 1992 locuto]
1733 1951 1782 1984 Ut

1099 2001 1190 2042 loqui
1219 2010 1294 2032 sum
1318 2000 1488 2038 convenit,
1510 2001 1567 2042 qui
1589 2010 1650 2042 pro
1676 2001 1782 2034 altero

1101 2051 1279 2091 spondeat,
1300 2049 1389 2091 quod
1410 2049 1601 2090 stipulando
1614 2048 1687 2081 fieri
1702 2058 1782 2082 con-

1101 2099 1222 2138 suevit,
1251 2102 1289 2129 ut
1314 2107 1333 2128 a
1356 2097 1453 2130 JCtis
1480 2098 1603 2130 uostris
1625 2098 1781 2132 traditur.

1101 2147 1228 2177 Notum
1237 2151 1347 2177 autem
1358 2146 1438 2178 illud
1450 2146 1580 2179 Biantis
1591 2156 1601 2179 ε
1615 2147 1624 2165 ‘
1635 2146 1780 2186 Sponde,

1100 2202 1188 2224 noxa
1205 2197 1327 2233 praesto
1343 2192 1420 2223 est!
1444 2193 1584 2224 Tor-rent.

1140 2244 1182 2272 28
1203 2241 1393 2273 Luctandum
1407 2240 1440 2271 in
1459 2240 1564 2280 turba]
1601 2240 1780 2277 Nimirum,

1101 2294 1139 2321 ut
1152 2289 1233 2320 alios
1257 2293 1480 2327 antevertam,
1498 2289 1607 2321 miuus
1627 2288 1661 2322 in
1683 2289 1783 2323 rebus

1101 2338 1239 2378 agendis
1255 2337 1392 2369 alacres.
1420 2337 1514 2377 Cruq.
1557 2337 1683 2379 Tmo]
1701 2339 1782 2372 Tar·

1101 2385 1175 2418 dius
1191 2385 1346 2417 euntibus
1360 2395 1369 2424 ς
1388 2385 1518 2418 scilicet
1531 2385 1611 2420 dum
1626 2396 1783 2428 propero.

1141 2437 1183 2467 29
1207 2434 1289 2469 Quia
1300 2433 1347 2464 eis
1357 2434 1479 2474 insane]
1493 2434 1604 2467 verba
1612 2435 1685 2469 haee
1694 2440 1783 2477 sunt,

1101 2493 1166 2517 uon
1182 2483 1252 2524 ejus
1267 2482 1323 2524 qui
1338 2483 1371 2515 iu
1388 2482 1486 2514 turba
1495 2483 1643 2522 pellitur.
1657 2483 1711 2526 (ut
1725 2494 1782 2516 vo.

1099 2533 1173 2565 lunt
1184 2529 1327 2571 omues‚)
1340 2530 1398 2563 sed
1419 2530 1513 2571 cujus
1527 2532 1658 2565 nornine
1674 2533 1782 2566 flora.

1102 2581 1167 2613 tius
1180 2580 1387 2621 sponsionem
1405 2578 1511 2614 facite
1535 2580 1563 2613 is
1583 2581 1670 2614 enim
1690 2581 1783 2623 fingi.

1101 2634 1156 2662 tur
1183 2636 1317 2662 mouere
1347 2627 1537 2668 Horatium,
1561 2629 1593 2662 ei
1616 2638 1683 2663 uon
1707 2639 1782 2665 esse

1101 2678 1293 2712 luctandum
1323 2677 1358 2710 iu
1390 2676 1490 2711 turba
1519 2677 1561 2710 ad
1594 2679 1783 2718 sponsionis

1101 2738 1251 2762 caussam
1264 2725 1530 2767 disceptandam,
1541 2726 1600 2761 sed
1610 2735 1781 2763 recurres-
