1904 3216
464 316 676 348 nonnu
709 314 986 347 SERMONUM
1022 309 1117 344 ms.
1152 313 1204 344 ιι.
1234 301 1274 342 1.

144 411 344 453 puniendos.
389 410 486 451 Craq.
554 409 676 450 AEquus
714 405 844 446 virtuti]

144 462 343 504 Propitius.
369 460 449 501 Eius
461 459 585 501 amia]
601 456 747 492 Virtutis
761 456 842 488 ami-

147 512 210 545 cis

187 563 230 593 71
256 559 344 597 Quin
367 558 435 600 ubi]
458 549 614 599 Insuper.
668 555 713 586 Et
734 554 843 595 scena]

145 610 175 642 Α
189 609 307 652 populi
322 611 522 649 conspectu.
557 606 597 638 In
609 605 742 646 secreta]
757 605 843 636 Sue·

145 659 260 691 tonius
275 658 378 691 Caio:
402 657 413 674 ‘
429 656 524 689 Aviae
547 655 706 686 Antoniae
729 663 843 686 secre-

145 713 218 741 tum
242 707 375 750 petenti
399 703 604 747 denegavit:
639 704 772 736 Plinius
799 704 844 735 E·

146 760 228 801 pist.
244 758 304 791 lib.
319 766 346 790 1.
371 758 381 776 ‘
395 757 473 789 lllic
491 765 545 788 me
565 758 767 797 persecutus
790 762 843 785 se-

148 813 280 841 cretum
297 805 409 849 petit.’
433 806 525 838 Tm.

188 860 232 890 ta
259 857 369 890 Virtus
383 853 557 897 Scipiadae]
579 853 697 896 Scipio
714 857 752 886 et
767 852 844 885 Lae-

150 909 227 941 lius.

188 961 231 992 73
262 957 392 998 Nugart‘
418 967 486 989 eum
514 956 586 998 illo]
623 954 741 988 Jocari
768 963 846 986 cum

146 1009 221 1050 ipso
237 1008 378 1040 Lucilio.
423 1007 469 1038 Et
493 1003 662 1044 discincti}
682 1004 728 1035 Et
747 1012 766 1034 a
793 1012 847 1034 re·

146 1059 212 1091 bus
237 1058 336 1089 seriis
359 1056 479 1088 laxati.
533 1054 710 1096 Diseincti]
743 1053 847 1086 Nulla

149 1108 204 1141 hic
228 1107 434 1148 Metapliora
454 1116 474 1138 a
499 1105 652 1146 corporis
674 1103 790 1136 babitu
804 1103 846 1135 ad

148 1158 308 1198 animum,
327 1162 366 1189 ut
388 1158 398 1175 ‘
415 1156 600 1189 discinctos
613 1156 622 1170 '
644 1164 706 1196 pro
731 1155 848 1186 remis·

147 1210 192 1240 sis
216 1218 256 1240 ac
278 1209 380 1250 piane
401 1208 515 1239 vacuis
537 1206 764 1247 accipiamus:
788 1204 847 1236 sed

150 1269 227 1291 cum
257 1264 416 1292 accurate
444 1257 562 1296 cincti,
590 1265 629 1288 ac
658 1255 850 1295 composita

149 1310 297 1350 desuper
313 1313 404 1350 toga,
419 1308 454 1339 in
473 1307 643 1348 publicum
659 1305 850 1347 prodirent,

150 1359 284 1392 domiin
299 1364 395 1391 veste
406 1358 595 1390 domestica
605 1356 764 1389 discincti
778 1354 851 1387 fere

149 1409 450 1450 conversabantur.
484 1407 626 1439 Tor-rent.

190 1461 235 1491 74
266 1459 499 1499 Decoqueretur
535 1456 617 1497 olus]
655 1456 704 1487 Ut
735 1455 851 1487 Gra-ci

150 1507 304 1548 λάχυον,
331 1507 420 1549 quod
442 1507 515 1539 Sat.
533 1514 585 1537 vt.
610 1504 780 1545 admonui,
803 1504 851 1535 sic

150 1559 267 1591 Latini
297 1558 364 1589 olus
394 1561 521 1589 vocant
549 1555 686 1586 herbam
718 1562 850 1585 omnem

150 1608 308 1641 edulem:
343 1607 462 1649 quales
491 1606 584 1646 beta,
617 1604 776 1643 brassica,
806 1603 852 1635 ci·

151 1659 291 1698 chorea,
331 1659 454 1698 malva,
492 1657 689 1698 lapathum:
729 1655 852 1697 quibus

150 1703 227 1741 cum
242 1707 515 1749 frequentissime
531 1708 765 1743 vescerentur,
784 1702 852 1736 sac-

151 1762 224 1790 tum
240 1762 279 1790 ut
293 1758 359 1788 oles
374 1766 436 1797 pro
452 1756 570 1798 quovis
593 1754 696 1786 etiam
712 1753 778 1784 alio
795 1753 853 1783 ob-

154 1807 250 1838 sonio
274 1809 455 1846 ponerent.
510 1803 667 1844 Quicquid
696 1812 751 1841 ego
773 1801 856 1842 sum]

155 1856 275 1888 Genus
298 1853 460 1895 loquendi
482 1853 565 1884 satis
591 1852 759 1884 familiare
782 1851 855 1883 Ho-

154 1903 253 1939 ratio,
270 1912 333 1944 pro
346 1903 551 1944 quicumque
565 1911 631 1942 ego
643 1911 729 1941 sum,
744 1901 856 1942 cnjus-

156 1962 290 1995 cunque
317 1952 538 1992 conditionis,
568 1952 682 1991 sortis,
708 1951 856 1993 generis.

157 2005 254 2044 Cruq.
300 2003 535 2044 Decoqueretur
547 2002 629 2043 olus]
652 2003 775 2034 Donec
791 2011 854 2033 coe·

156 2063 201 2084 na
218 2057 406 2094 pararetur.
451 2051 563 2091 Soliti]
585 2051 682 2083 Soliti
697 2054 787 2082 sunt.

200 2105 242 2134 75
266 2103 360 2142 ΙηῘνα
379 2100 484 2133 Lucili
509 2101 645 2142 censum]
678 2100 771 2132 Infra
799 2109 858 2131 an-

158 2162 262 2186 nuum
277 2153 425 2185 reditum
442 2152 576 2192 Lucilii,
594 2152 651 2193 qui
673 2156 748 2183 erat
767 2149 857 2182 ordi-

156 2204 208 2235 nis
225 2202 406 2244 equestris.

198 2253 242 2283 76
267 2251 348 2283 Cum
382 2250 520 2291 magnis]
570 2250 655 2283 Cum
684 2249 856 2291 Augusto,

156 2301 363 2340 maecum,
378 2302 443 2332 διο.
480 2300 587 2332 Inrita
595 2300 768 2340 fatebitur]
786 2301 857 2332 No-

157 2351 232 2384 lens
246 2349 424 2381 fatebitur.

199 2403 242 2432 77
269 2395 548 2440 Ρναςίἰῖᾳιιωνοπε
563 2399 698 2440 illidere]
716 2398 858 2442 *Illidere

159 2449 297 2481 dentem
321 2447 446 2489 fragili,
468 2453 522 2480 est
549 2449 582 2479 in
607 2458 678 2480 rem
702 2448 859 2489 fragilem

161 2497 323 2530 dentibus
349 2497 514 2532 incidere,
535 2507 678 2540 eamque
702 2498 860 2530 dentibus

162 2548 364 2590 permolere.
408 2548 668 2588 Metaphoricaes
688 2552 742 2579 est
757 2548 860 2579 alicu-

157 2598 216 2639 jus
247 2607 369 2630 nomen
399 2602 436 2629 et
462 2597 586 2628 famam
625 2596 862 2629 maledicentia

164 2647 322 2678 vellicare
347 2651 383 2678 et
410 2647 546 2678 laedere.
583 2646 679 2687 Cruq.
737 2646 862 2686 Frugili

163 2705 302 2737 querens
314 2696 436 2728 illidere
448 2695 585 2736 dentem]
609 2695 695 2727 Rem
709 2694 862 2737 fragilem

164 2746 323 2778 dentibus
340 2746 540 2787 permolere.
586 2745 684 2786 [Vat.
698 2748 750 2777 lo.
776 2755 795 2776 a
817 2755 862 2778 m.

166 2806 218 2837 pr.
239 2795 361 2837 fragili
387 2796 523 2836 cupiens.
570 2795 652 2828 Vat.
685 2798 715 2828 1.
746 2795 863 2827 illidere

166 2845 314 2886 dentem]

1478 300 1591 342 1677

935 409 977 438 78
1002 405 1151 448 Offendet
1164 404 1275 445 solido]
1297 403 1337 435 Iu
1359 411 1430 434 rem
1451 401 1593 434 solidam

892 458 1056 490 incurret.
1101 457 1196 498 [Vat.
1209 459 1243 488 2.
1268 454 1430 497 offendat.
1447 452 1593 492 Cuning.

891 517 934 539 ex
949 507 1097 548 ingenio,
1111 507 1146 538 m*
1160 506 1260 547 quad]

935 561 977 590 79
999 558 1154 598 Equidem
1165 557 1261 598 nihil]
1283 556 1357 596 Ego
1373 554 1596 596 (inquitTre-

892 607 1025 648 balius)
1041 616 1107 638 non
1123 616 1258 647 possum
1273 603 1425 644 differre,
1438 604 1520 646 quin
1533 612 1596 644 pro

894 663 929 690 te
954 657 1187 699 pronunciem.
1242 657 1308 688 Hic
1337 653 1514 697 diffindere]
1538 653 1597 685 Sic

892 708 999 740 nostri
1014 716 1151 749 quoque
1176 705 1329 745 codices,
1352 709 1412 736 aut
1434 704 1597 746 diffidere.-

893 761 1040 798 excepto
1070 767 1137 789 uno
1168 760 1228 787 ant
1259 756 1384 794 altero,
1414 754 1446 785 in
1475 753 1598 794 quibus

892 808 1055 850 diffingere
1070 811 1106 838 et
1120 805 1278 847 defingere
1293 804 1431 844 legitur.
1466 804 1511 834 Et
1526 804 1600 834 hine

894 867 956 900 pro
984 857 1046 889 hic.
1090 857 1137 888 Et
1163 856 1244 887 mihi
1268 854 1406 902 quidem
1435 854 1600 895 diffingere

894 916 962 939 non
977 906 1187 947 displiceret,
1201 914 1240 936 ea
1256 899 1520 946 significatione,
1532 912 1599 944 qua

897 958 1062 990 vocabulo
1077 967 1118 988 eo
1136 956 1260 997 saepins
1276 964 1374 986 nsum
1391 963 1468 986 esse
1491 953 1600 985 Hora-

896 1009 979 1041 tium
996 1007 1218 1047 ostendimus,
1236 1015 1260 1038 1.
1279 1005 1349 1037 Od.
1366 1007 1420 1036 35.
1443 1004 1506 1035 nisi
1529 1013 1602 1035 mo-

896 1063 1018 1091 nerent
1040 1067 1096 1090 me
1119 1062 1253 1090 veteres
1269 1054 1508 1094 Grammatici,
1526 1063 1602 1086 ver-

898 1108 978 1140 bum
1005 1109 1090 1149 juris
1124 1116 1214 1147 esse,
1241 1105 1332 1148 quod
1360 1104 1414 1136 hic
1441 1103 1602 1135 enuntiat

896 1158 1101 1190 Trebatius:
1140 1156 1229 1198 quod
1262 1161 1376 1187 tamen
1413 1153 1461 1186 ita
1497 1162 1604 1194 expo-

897 1213 995 1248 nunt,
1010 1212 1047 1240 ut
1070 1208 1233 1250 diffingere
1261 1206 1374 1246 potius
1400 1204 1525 1245 legisse
1554 1204 1603 1234 vi-

900 1257 1059 1299 deantur,
1088 1267 1211 1299 nempe
1242 1266 1304 1298 pro
1338 1259 1483 1291 mutare,
1513 1252 1606 1286 infir-

899 1317 1007 1347 mare,
1036 1307 1256 1349 reprendere,
1294 1306 1487 1346 corrigere:
1529 1306 1603 1336 liaec

900 1358 987 1389 euim
1009 1358 1043 1389 in
1063 1357 1234 1398 glossariis
1252 1356 1400 1397 repperi.
1443 1354 1510 1386 Sed
1529 1363 1605 1385 ver-

899 1408 981 1439 bum
1011 1407 1172 1449 diffingere
1206 1405 1428 1446 peculiariter
1459 1413 1478 1434 a
1506 1403 1606 1437 JCtis

901 1458 1055 1498 usurpari
1072 1466 1139 1488 non
1156 1455 1304 1487 memini.
1337 1455 1511 1496 Dzjffindere
1525 1461 1605 1484 vero

902 1506 1041 1547 proprie
1069 1511 1122 1537 est
1147 1505 1295 1542 differre,
1320 1509 1425 1545 atque
1456 1504 1489 1534 in
1513 1503 1605 1534 aliud

903 1561 1036 1596 tempus
1061 1557 1220 1596 rejicere:
1254 1559 1379 1594 utputa
1402 1553 1507 1595 siquis
1531 1553 1605 1583 sine

903 1615 963 1637 suo
983 1605 1060 1638 dolo
1089 1606 1179 1637 malo
1209 1604 1395 1646 impeditus
1423 1603 1606 1644 injudicio

902 1665 968 1688 non
991 1655 1156 1694 stetisset,
1173 1659 1232 1686 aut
1246 1654 1354 1695 judex
1372 1654 1444 1694 ipse
1467 1663 1533 1683 non
1556 1662 1608 1684 se-

904 1705 1021 1744 disset,
1032 1706 1086 1736 vel
1098 1703 1450 1745 comperendinasset,
1458 1702 1522 1733 hoc
1532 1706 1609 1733 erat

903 1755 913 1772 ‘
929 1755 1018 1786 diem
1035 1753 1216 1785 diffindere
1231 1753 1252 1784 :'
1275 1757 1311 1784 et
1328 1755 1337 1771 ‘
1357 1750 1502 1783 diffissus
1516 1752 1588 1783 dies
1600 1751 1607 1763 '

906 1804 1102 1836 dicebatur:
1130 1804 1317 1845 eademque
1333 1803 1404 1834 fere
1423 1803 1432 1820 ‘
1451 1800 1608 1834 diffissio-

906 1853 1010 1893 num,'
1039 1863 1114 1895 quae
1144 1858 1180 1884 et
1210 1852 1608 1893 comperendinationum

907 1910 1012 1945 atque
1046 1903 1303 1944 ampliationum
1332 1903 1425 1943 jura.
1486 1901 1609 1941 Neque

907 1954 1015 1985 solum
1032 1953 1064 1984 in
1076 1952 1218 1993 judiciis
1232 1953 1242 1969 ‘
1258 1950 1389 1983 diffindi
1405 1951 1477 1982 dies
1489 1949 1498 1963 '
1517 1950 1610 1982 dice-

907 2004 1022 2042 batur,
1037 2002 1095 2034 sed
1117 2008 1154 2034 et
1177 2003 1209 2033 in
1226 2001 1387 2042 comitiis,
1403 2002 1430 2032 si
1446 2000 1534 2043 quod
1549 2001 1610 2032 im-

908 2054 1138 2095 pedimentum
1160 2053 1339 2092 existeret,
1355 2061 1420 2093 quo
1441 2051 1549 2082 minus
1567 2050 1611 2082 ad

909 2103 1131 2135 constitutum
1167 2111 1221 2133 res
1253 2106 1488 2143 perageretur.
1532 2100 1610 2133 Jac.

908 2153 1069 2193 Cujacius
1085 2152 1268 2184 Observat.
1283 2160 1351 2183 xn.
1369 2153 1422 2182 13.
1447 2149 1528 2181 nihil
1548 2150 1611 2187 dis-

897 2202 1037 2244 findere,
1067 2202 1222 2242 exponit,
1243 2201 1323 2231 nihil
1346 2199 1530 2241 quidquam
1555 2198 1614 2229 de-

907 2251 1036 2284 ducere
1049 2261 1092 2283 ex
1109 2256 1167 2283 tua
1182 2250 1354 2282 sententia
1370 2259 1516 2291 possum.
1541 2248 1610 2281 Qui

909 2311 990 2333 vero
1020 2303 1160 2344 diffidere
1191 2302 1322 2341 legunt,
1351 2300 1441 2331 hunc
1474 2309 1611 2330 sensum

909 2351 988 2382 inde
1005 2351 1161 2388 eliciunt,
1175 2351 1271 2391 quasi
1295 2350 1377 2380 nihil
1402 2358 1438 2380 se
1454 2348 1611 2379 diffidere

910 2399 1003 2431 dicat
1030 2399 1221 2439 Trebatius,
1247 2399 1310 2430 hoc
1337 2403 1404 2437 est,
1423 2407 1490 2428 non
1516 2407 1612 2428 recu-

911 2457 999 2488 sare,
1014 2448 1093 2489 quin
1110 2447 1276 2480 Horatius
1299 2447 1373 2488 ipse
1397 2446 1440 2478 de
1464 2456 1500 2477 se
1518 2446 1613 2486 judi·

912 2502 979 2530 cet.
1005 2498 1147 2528 Turrem.

954 2548 1012 2588 [80
1029 2547 1151 2578 Venet-
1167 2549 1263 2583 1509.
1278 2549 1313 2577 ut
1327 2556 1434 2578 caveas
1450 2545 1611 2587 monitum]

955 2598 994 2627 81
1013 2594 1200 2626 Sanctarum
1220 2595 1350 2635 inscitia·
1361 2595 1480 2635 legum]
1506 2594 1613 2634 Leges

912 2645 1047 2688 quidem
1060 2655 1174 2677 omnes
1185 2650 1327 2683 sanctae,
1338 2650 1458 2685 utpote
1469 2654 1551 2686 quas
1565 2645 1613 2676 in-

912 2701 1090 2736 corruptas
1103 2695 1350 2736 inviolatasque
1365 2705 1501 2727 servare
1517 2705 1613 2737 opor-

914 2750 1006 2777 teat:
1029 2744 1088 2776 sed
1105 2745 1171 2775 illae
1190 2744 1400 2784 potissimum
1424 2745 1472 2776 sic
1495 2745 1613 2786 appel-

913 2797 1037 2835 lantur,
1054 2795 1086 2826 in
1103 2795 1224 2836 quibus
1241 2795 1374 2826 sanctio
1390 2800 1454 2835 est,
1469 2805 1613 2836 quaeque

915 2855 1024 2886 poenae
1036 2845 1240 2887 irrogatione
1252 2855 1328 2877 sese
1342 2845 1492 2878 muniunt
1507 2857 1514 2876 :
1534 2855 1614 2887 qua-
