1916 3262
352 278 464 320 1296
819 292 861 328 Q.
891 289 1096 320 HonATu
1130 291 1298 323 niumm

354 379 407 420 Et
422 383 543 433 regat
562 379 711 429 iratos,
732 386 777 421 et
795 386 911 420 amet
925 393 1110 432 peccare
1122 382 1344 423 timentes:

349 445 432 486 Ille
452 447 587 499 dapes
607 447 754 487 laudet
774 457 932 485 mensae
952 445 1122 496 brevis3
1151 447 1222 488 ille
1241 448 1454 490 salubrem

347 512 376 553 J
381 513 586 559 ustitiam,
607 512 823 564 legesque,
846 515 888 552 et
907 511 1072 564 apertis
1094 512 1184 551 otia
1204 514 1341 564 portis
1359 526 1370 553 t

347 577 430 618 Ille
449 582 567 630 tegat
586 577 830 625 commissa,
846 576 1055 628 Deosque
1077 582 1277 628 precetur
1297 582 1341 618 et
1362 582 1467 626 oret,

347 643 410 684 Ut
429 644 582 684 redeat
600 643 780 691 miseris,
799 642 929 682 abeat
948 641 1122 681 fortuna
1139 643 1348 694 superbis.

345 709 477 750 Tibia
495 721 592 757 non,
611 713 661 748 ut
681 721 806 756 nunc,
828 707 1047 747 orichalco
1068 707 1224 755 vincta,
1241 709 1441 762 tubaeque

343 775 533 822 AEmula‚
555 774 634 814 sed
652 774 792 814 tenuis
812 773 1102 825 simplexque,
1124 771 1330 814 foramine
1350 787 1508 828 pauco,

346 840 554 892 Aspirare
574 843 615 880 et
635 840 791 880 adesse
813 838 959 879 choris
977 844 1069 879 erat
1089 838 1222 887 utilis,
1244 843 1374 891 atque

1680 578 1764 619 200

346 957 530 997 opituletur:
552 958 646 988 iratos
657 959 770 998 placet,
785 962 815 989 et
830 959 1003 989 innocentes
1015 960 1156 998 protegat
1167 968 1178 988 .·
1201 956 1700 995 laudetfrugalitatem,justitiam
1714 967 1764 991 su-

347 999 487 1037 lutarem,
503 1003 533 1030 et
555 1000 648 1038 leges,
663 1003 694 1030 et
717 1009 821 1038 pacem
838 1000 925 1037 fores
945 1000 1147 1039 aperientem:
1167 1009 1280 1029 arcana
1302 998 1363 1029 sibi
1385 999 1502 1029 credita
1523 1007 1560 1029 ne
1581 998 1692 1030 revelet
1699 1009 1711 1034 ;
1732 1002 1763 1029 et

345 1041 469 1070 numina
483 1042 670 1080 deprecetur,
689 1044 723 1070 ut
745 1041 866 1071 miseris
879 1050 948 1071 sors
962 1040 1069 1072 melior
1083 1039 1348 1079 contingatffleion·
1363 1044 1463 1071 autem
1482 1039 1630 1079 superbis.
1675 1039 1763 1070 Tibia

345 1082 492 1119 quondam
507 1091 566 1111 non
580 1082 656 1112 sicut
670 1082 756 1117 modo
769 1085 922 1121 compacta
936 1082 1098 1118 orichalco,
1114 1085 1144 1112 el
1168 1081 1300 1112 buccinae
1319 1090 1378 1120 par
1389 1091 1402 1117 ,0
1422 1082 1475 1112 sed
1492 1081 1616 1119 exigua,
1641 1083 1671 1110 et
1691 1081 1764 1111 aim-

340 1123 425 1161 plex‚
438 1125 467 1152 et
481 1123 586 1162 paucis
591 1122 812 1163 foraminibus,
826 1126 982 1154 canentem
1000 1124 1133 1154 Chorum
1145 1123 1290 1161 adjuvare
1303 1123 1409 1154 idonea
1423 1125 1501 1158 erat,
1524 1125 1555 1152 et
1567 1131 1638 1152 sono
1650 1122 1765 1161 replere

941 1215 1036 1228 0009&
1039 1216 1151 1229 emec
1155 1217 1171 1228 ο

345 1280 473 1320 Delph.
488 1280 600 1316 etiam,
614 1279 801 1310 concilietur.
837 1278 890 1310 Cf.
917 1288 971 1310 ιη.
986 1279 1054 1310 Od.
1077 1282 1110 1310 3.
1134 1282 1183 1311 17.
1205 1278 1312 1310 amicis
1337 1278 1463 1310 Mutet.
1479 1277 1557 1308 inde
1579 1275 1636 1308 alii
1657 1275 1764 1316 multi,

343 1322 430 1352 Dan.
456 1321 572 1351 Heins-
596 1320 717 1359 Delph.
741 1320 849 1350 Bond.
871 1320 1038 1350 Schrevel.
1063 1321 1188 1351 Dacer.
1211 1320 1310 1351 Baxt.
1333 1320 1436 1351 Gesn.
1459 1319 1594 1358 Bipont.
1610 1317 1763 1350 oberlin.

345 1362 462 1393 Comb.
488 1362 596 1392 Wetz.
622 1366 657 1391 et
681 1361 787 1391 Zeun.
821 1361 934 1391 Ceteri
958 1361 1170 1391 amica—19⁷
1193 1361 1308 1391 Codex
1333 1370 1417 1390 unus
1442 1360 1594 1399 Cruquii,
1617 1367 1765 1400 unusque

346 1404 465 1435 Aclrill.
480 1403 590 1440 Statii,
610 1411 728 1441 pacare.
774 1402 848 1432 Duo
865 1401 963 1432 codd.
984 1401 1169 1440 Pulmanni,
1190 1410 1298 1440 pacare
1313 1403 1465 1431 tumentes
1475 1410 1489 1436 ,-
1511 1399 1600 1440 quod
1626 1409 1764 1439 recepe-

345 1450 424 1477 runt
448 1444 560 1475 Bentl.
587 1443 729 1482 Cuning.
755 1442 845 1482 Traj.
873 1442 914 1472 ad
940 1442 1049 1473 Rben.
1067 1445 1159 1473 1713.
1181 1443 1304 1472 Sanad.
1330 1441 1480 1472 Mervill.
1501 1440 1590 1471 Phil.
1613 1440 1762 1480 Sandby,

343 1487 438 1518 Batt.
451 1485 595 1523 Bodoni,
608 1485 751 1522 Schelle,
777 1483 879 1515 Kidd.
895 1488 928 1513 et
950 1483 1175 1516 Jaeck.—-198
1197 1484 1274 1514 Vat.
1291 1484 1386 1514 Rom.
1408 1485 1439 1513 2.
1463 1482 1578 1513 laudat.
1620 1482 1763 1522 Cuning.

342 1537 452 1559 mensoe
468 1528 684 1557 laudet.-—l99
698 1525 824 1556 Heller.
838 1529 868 1556 et
884 1525 948 1555 otia
961 1525 1071 1564 porti-⁴1,
1082 1525 1153 1555 sine
1168 1525 1292 1564 apertis.
1328 1523 1555 1554 Schoenborn.
1568 1525 1596 1553 1.
1611 1523 1674 1553 otia
1689 1526 1763 1554 tem-

342 1570 514 1608 plum—201
540 1567 690 1598 Arrideat
711 1566 848 1597 Venett.
865 1569 958 1597 1495.
975 1569 1172 1597 1514.-202
1195 1567 1320 1596 Omnes
1340 1565 1437 1596 codd.
1453 1565 1528 1595 Fere
1546 1569 1672 1604 praeter
1685 1573 1764 1604 qua-

347 1616 434 1647 tuor,
452 1609 506 1639 alii
522 1608 620 1639 codd.
637 1617 733 1648 quam
756 1607 900 1647 plurimi,
913 1607 989 1638 edd.
1006 1607 1118 1639 Bentl.
1135 1607 1249 1638 Lamb.
1265 1606 1386 1637 Sanad.
1402 1607 1538 1645 Dorigli.
1555 1605 1656 1636 Kidd.
1682 1606 1762 1644 Fea,

344 1657 378 1681 et
402 1650 525 1684 Bothe,
541 1649 660 1686 juncta.
693 1649 772 1681 Vat.
796 1650 887 1679 Rom.
901 1651 933 1679 3.
950 1652 978 1679 ὅ.
993 1651 1025 1679 ὃ.
1047 1649 1125 1678 Vat.
1149 1649 1258 1678 Palat.
1282 1651 1311 1678 1.
1335 1647 1435 1678 Aldd.
1451 1650 1544 1678 1501.
1559 1649 1652 1677 1509.
1669 1649 1763 1677 1519.

343 1692 468 1731 aliique
477 1690 625 1720 editores
639 1698 705 1719 non
720 1689 832 1728 pauci,
849 1694 883 1719 et
899 1689 987 1719 inter
999 1693 1142 1719 recentt.
1156 1689 1290 1719 Talbot.
1306 1689 1431 1719 Dacer.
1443 1689 1544 1719 Baxt.
1558 1697 1655 1718 anon.
1673 1687 1763 1727 Traj.

343 1733 383 1763 ad
407 1732 516 1763 Rhen.
537 1733 630 1761 1713.
653 1730 797 1769 Cuning.
814 1730 919 1761 Gesn.
941 1730 1030 1760 Phil.
1048 1729 1194 1768 Sandby,
1216 1730 1343 1759 Valart.
1360 1730 1454 1759 Batt.
1476 1729 1631 1760 Oberlin.
1647 1729 1764 1760 Comb.

344 1773 478 1805 Wakef.
490 1772 631 1803 Wetzel.
643 1772 747 1803 Zeun.
759 1771 897 1810 Bipont.
910 1770 1052 1810 Schelle,
1066 1770 1186 1805 Jaeck,
1198 1775 1235 1801 et
1250 1770 1400 1808 Doering.
1416 1769 1635 1800 vinum-208
1693 1770 1763 1800 nin-

344 1816 453 1847 decim
470 1813 567 1845 codd.
592 1813 682 1853 Feae,
706 1813 885 1851 Bamberg.
911 1812 1141 1843 Schoenborn.
1165 1814 1195 1842 l.
1212 1814 1242 1842 4.
1267 1821 1350 1841 unus
1374 1811 1484 1842 Pulm.
1508 1819 1592 1841 unns
1618 1809 1672 1842 He
1688 1815 1764 1844 met.

344 1857 520 1887 duodecim
537 1865 591 1895 ap.
606 1855 736 1885 Valart.
750 1854 844 1886 Junt.
861 1856 952 1884 1503.
965 1863 1069 1893 parvo.
1115 1853 1194 1883 Duo
1209 1858 1244 1883 et
1261 1852 1378 1892 viginti
1394 1851 1491 1883 codd.
1509 1852 1599 1891 Fem,
1624 1851 1720 1884 Harl.
1733 1855 1763 1883 1.

343 1902 375 1929 2.
391 1901 421 1929 3.
435 1900 466 1929 4.
481 1901 512 1928 6.
524 1900 554 1927 7.
566 1897 622 1927 alii
638 1906 691 1936 ap.
708 1895 961 1926 Lamb.'1¹albot.
973 1899 1009 1926 et
1021 1895 1174 1932 Oberlin.
1190 1894 1314 1932 Acron,
1330 1894 1447 1934 priscae
1464 1893 1542 1925 edd.
1557 1899 1592 1924 et
1604 1893 1676 1924 aliae
1691 1892 1764 1925 fere

344 1949 470 1976 omnes,
496 1938 681 1979 praesertim
703 1942 847 1969 recentt.
869 1946 973 1976 pauco.
1005 1937 1083 1966 Vat.
1100 1937 1193 1967 Rom.
1207 1939 1238 1966 7.
1259 1935 1569 1976 paucoquefornmine
1582 1935 1764 1975 simplex.—

980 2028 1121 2060 NOTAE

342 2095 399 2135 pla
415 2094 490 2133 lege
514 2093 635 2133 passim
652 2092 739 2132 apud
753 2091 912 2131 Tragicos
929 2090 1024 2121 Grae-
1073 2090 1284 2130 juvantibus.

343 2153 399 2175 cos
414 2153 422 2173 ε
446 2151 508 2173 nec
526 2148 560 2172 te
582 2145 730 2172 moretur
750 2141 882 2171 Seneca
903 2139 1024 2179 ubique
1123 2139 1226 2180 Tibia]
1251 2139 1302 2169 De
1318 2138 1379 2169 hac
1395 2137 1467 2168 fuse
1483 2137 1646 2178 Scaliger,
1663 2137 1759 2169 Poe't.

342 2191 414 2223 fere
432 2191 581 2222 vitiosus.
1078 2197 1103 2220 1.
1116 2190 1167 2218 20.

385 2242 446 2271 199
467 2240 595 2279 Apertis
609 2240 673 2270 otia
688 2239 801 2279 portis]
837 2239 900 2268 Vel
919 2237 1025 2278 priva-

342 2293 448 2319 tarum
465 2289 596 2328 aedium,
611 2289 662 2319 vel
678 2287 838 2325 civitatis,
853 2287 906 2317 vel
923 2287 1024 2317 etiam

343 2337 459 2378 templi
493 2338 573 2370 Jani
605 2337 692 2368 fores
722 2341 848 2377 apertae
875 2335 1025 2366 indicant

342 2395 473 2426 pacem,
489 2387 610 2418 clausae
625 2390 736 2418 autem
751 2385 885 2417 bellum.
937 2383 1024 2414 Vide

343 2443 394 2465 iv.
411 2434 479 2466 Od.
498 2438 546 2465 15.

383 2487 446 2515 202
471 2484 559 2516 Tibia
581 2493 653 2523 non,
675 2487 709 2515 nt
728 2483 821 2523 nunc]
845 2482 972 2514 Chorus
989 2481 1022 2511 in

340 2533 460 2564 mediis
483 2533 612 2564 actibus
634 2533 756 2573 agebat
774 2537 810 2563 et
826 2530 1023 2572 loquebatur

342 2591 403 2621 per
418 2581 652 2622 Corypffleum,
671 2586 707 2612 ut
725 2586 802 2612 ante
817 2580 942 2612 dictum
958 2584 1021 2610 est.

340 2631 407 2661 Sed
435 2634 599 2670 praeterea
619 2631 706 2661 inter
719 2639 819 2661 unum
836 2633 872 2660 et
883 2629 1024 2659 alterum

341 2678 463 2709 Actum
494 2679 637 2710 canebat
668 2679 889 2719 saltabatque.
932 2677 1022 2708 Hinc

341 2728 543 2758 mentionem
565 2727 649 2759 facit
664 2728 826 2759 Horatius
843 2727 884 2758 de
901 2727 1021 2757 instru-

342 2776 462 2807 mentis
479 2777 610 2807 musicis
625 2777 725 2808 Chori
749 2781 946 2808 concentum
965 2774 1021 2806 ad-

1122 2237 1284 2268 Orichalco
1299 2235 1417 2275 vincta]
1449 2235 1536 2267 Gall.
1550 2233 1660 2274 garnie
1670 2234 1707 2264 de
1719 2235 1760 2264 le-

1076 2289 1140 2317 ton.
1157 2286 1357 2316 Montanum
1374 2284 1455 2315 illud
1468 2293 1511 2314 ωε
1523 2292 1643 2323 magno
1657 2291 1760 2323 quon-

1076 2333 1150 2364 dam
1177 2335 1208 2364 in
1226 2334 1335 2374 pretio
1351 2332 1415 2363 fuit
1429 2342 1438 2370 ;
1455 2331 1544 2372 quod
1561 2331 1632 2362 anri
1653 2331 1762 2370 splen-

1077 2382 1201 2418 dorem,
1219 2387 1252 2413 et
1269 2382 1344 2413 aeris
1361 2381 1516 2412 duritiam
1531 2379 1666 2411 habeat.
1699 2379 1761 2411 Isi-

1077 2430 1148 2463 dor.
1179 2432 1270 2462 Fest.
1301 2430 1436 2462 Servius
1465 2429 1507 2460 ad
1532 2429 1663 2460 AEneid.
1692 2437 1760 2460 xu.

1076 2481 1086 2498 ‘
1100 2481 1312 2512 orichalcum
1331 2479 1483 2511 omnibus
1498 2477 1641 2510 metallis
1657 2477 1759 2518 preti-

1076 2530 1164 2560 osius
1180 2529 1270 2568 Ῡιιίῒ,1
1287 2529 1407 2569 inquit.
1719 2535 1722 2539 '

1122 2578 1267 2618 Tubaeque
1285 2576 1422 2616 AEnwlu]
1438 2576 1527 2608 Gall.
1547 2575 1630 2606 aussi
1641 2575 1759 2614 grande

1075 2631 1104 2659 et
1117 2628 1198 2659 aussi
1214 2627 1365 2658 &clamate
1379 2635 1435 2666 que
1446 2626 1477 2656 ln
1490 2627 1663 2665 trompette.

1119 2679 1180 2708 203
1207 2676 1366 2708 For-amine
1389 2674 1499 2715 pauco]
1531 2674 1685 2707 Quatuor
1703 2669 1755 2702 fu-

1075 2725 1140 2755 isse
1155 2725 1293 2765 primum
1309 2722 1472 2754 foramina
1496 2721 1614 2754 scribit
1628 2720 1754 2755 Varro;

1076 2774 1132 2805 alii
1147 2775 1212 2806 tria
1227 2774 1400 2804 duntaxat.
