1916 3262
472 283 676 314 Honm'n
711 282 984 312 οΑΒΜιΝυΜ
1024 282 1223 315 maelii.
1255 274 1298 312 5.

198 375 402 417 [Bamberg.
418 376 472 408 Ad
484 377 590 407 ducem
604 373 812 413 Augustum]

202 430 219 459 1
259 427 344 458 Coelo
372 424 547 465 tonantem]
581 424 670 458 Quia
695 422 855 454 carminis

156 476 253 516 liujus
285 476 370 507 ordo
399 476 500 517 paulo
532 474 762 516 perturbatior
791 477 857 511 est,

156 526 277 566 paucis
293 530 526 567 argumentum
542 524 735 565 adjungam.
765 523 854 554 Nam

156 575 209 607 M.
226 576 338 607 Attilii
355 575 476 618 Reguli
491 573 607 607 laudes
621 573 855 605 celebraturus

156 625 200 655 ab
215 625 372 666 Augusto
394 625 525 666 incipit.
570 623 638 656 Qui
659 622 748 664 quod
765 623 856 654 inter

155 675 222 706 alia
248 675 414 714 praeclare
443 677 553 715 gesta,
581 672 800 712 ignominiam
835 682 856 704 a

155 725 295 763 Crasso,
319 729 424 765 atque
453 724 526 764 ejus
552 723 672 762 milite,
701 723 855 754 Romano

154 774 282 806 immiti
317 773 475 812 inustam,
507 773 610 812 signis
648 773 798 814 receptis
836 783 856 804 a

152 822 292 855 Parthis
306 823 472 859 diluisset,
482 822 615 854 divinos
631 823 773 854 honores
786 833 856 854 me-

152 871 303 906 rebatur.
336 872 427 904 Hinc
442 873 596 914 sequitur
610 873 722 904 Crassi
738 873 855 904 militis

152 921 382 962 vituperati03
405 932 444 953 ac
469 921 564 954 facta
587 923 858 966 comparatione,

151 971 277 1013 Reguli
293 973 510 1014 prudentiam
527 974 675 1005 extollit.
712 974 856 1006 Tor-rent.

159 1022 245 1053 Goelo
259 1023 434 1064 emnem]
469 1023 686 1063 Amplribolia
702 1029 753 1055 est
770 1025 803 1055 in
818 1023 857 1055 τὸ

152 1073 239 1111 calo,
265 1073 518 1106 determinetne
542 1074 581 1104 τὸ
613 1078 781 1113 tonantem,
812 1085 854 1107 an

154 1121 193 1152 τὸ
206 1132 361 1162 regnare.-
383 1128 423 1161 ut
445 1134 565 1155 sensus
587 1125 652 1156 sit:
691 1125 855 1157 Credide-

153 1175 234 1204 runt
247 1173 370 1206 Jovem
387 1173 420 1204 iu
436 1174 521 1205 coelo
538 1183 695 1215 regnare,
717 1175 854 1216 quando

154 1227 251 1256 tonat
265 1233 275 1254 :
299 1223 352 1254 vel
367 1224 589 1255 crediderunt
603 1225 726 1258 Jovem
743 1225 854 1257 Deum

151 1282 311 1313 regnare,
324 1282 366 1304 eo
381 1273 471 1314 qnod
486 1279 581 1306 tonet
593 1275 737 1306 coelitus.
756 1275 854 1315 Cruq.

154 1323 239 1354 Coelo
257 1322 429 1362 conantem]
461 1323 509 1355 Ut
538 1324 690 1355 tonitrua
714 1324 853 1355 demon·

149 1375 262 1405 strant
283 1371 406 1405 Jovem
436 1382 511 1403 esse
542 1373 618 1404 coeli
647 1382 775 1413 regem,
803 1373 853 1404 sic

150 1421 294 1452 caesaris
326 1421 479 1452 victoriae
522 1421 740 1454 divinitatem
779 1422 852 1462 ejus

149 1474 310 1510 arguunt.
352 1470 519 1512 [Guelpli.
534 1474 696 1504 tonantem
709 1472 738 1504 si
752 1472 850 1504 credi-

147 1520 244 1562 nnc-J

189 1571 212 1602 2
235 1570 382 1602 Proesens
396 1570 516 1612 Divus]
539 1571 634 1603 Dum
650 1580 687 1602 es
704 1571 736 1602 in
751 1571 850 1612 vivis,

147 1623 185 1651 et
197 1619 288 1652 inter
302 1620 453 1652 homines
469 1622 624 1652 versaris.

189 1671 210 1700 3
232 1669 376 1709 Adia-tis
389 1670 576 1711 Britannis]
598 1670 705 1712 Atqui
727 1671 848 1703 Sueto·

147 1718 238 1758 nius,
254 1725 332 1760 post
355 1721 401 1751 D.
416 1720 558 1759 Julium,
574 1721 616 1752 ad
637 1721 773 1752 Claudii
794 1731 849 1752 us·

149 1778 216 1809 que
231 1774 385 1810 tempora
399 1780 420 1801 a
440 1771 532 1802 nullo
556 1775 724 1802 tentatam
747 1769 850 1801 fuisse

146 1818 362 1853 Britanniam
387 1820 517 1852 scribit.
561 1820 650 1852 Quid
678 1829 762 1859 ergo
787 1825 853 1859 est,

148 1867 240 1908 quod
256 1868 300 1898 ab
323 1867 482 1908 Augusto
497 1869 681 1900 Britannos
697 1868 867 1909 adjectos>

148 1916 295 1957 imperio
322 1918 378 1949 hic
404 1918 453 1950 ait
477 1918 668 1949 Horatius?
714 1918 851 1950 Nodum

149 1967 239 1998 hune
256 1967 345 1998 Dion
363 1968 500 1999 Cassius
516 1968 682 2000 dissolvit.
714 1968 748 2000 Is
764 1969 852 2000 enim

149 2016 322 2048 Caesarem
346 2018 574 2050 Octavianum
598 2017 851 2050 adolescentem

147 2066 271 2107 adbuc,
286 2071 367 2099 ante
390 2067 514 2098 bellum
539 2076 616 2098 cnm
631 2066 796 2106 Antonio,
812 2071 852 2099 ut

145 2116 180 2148 in
196 2117 407 2150 Britanniam
430 2118 700 2159 trajiceret‚jam
717 2118 750 2149 iu
768 2119 850 2150 Gal-

146 2166 226 2200 liam
243 2167 388 2204 venisse‚
413 2168 473 2198 sed
499 2168 594 2198 novis
619 2168 652 2198 in
677 2168 850 2200 Dalmatia

146 2218 349 2250 tumultibus
362 2223 558 2249 revocatum
575 2218 694 2250 tradit.
739 2218 848 2250 Poe'ta

145 2266 251 2307 igitur
275 2267 414 2308 bellum,
440 2267 530 2309 qnod
552 2268 626 2309 jam
650 2269 848 2309 parabatur,

148 2325 210 2357 pro
239 2315 400 2348 confecto
430 2317 569 2354 liabens,
597 2312 680 2350 liaec'
699 2315 848 2359 scripsit.

147 2366 279 2399 Eodem
288 2366 362 2398 fere
371 2372 526 2407 tempore
535 2372 650 2399 natam
662 2369 810 2400 arbitror
822 2378 847 2400 1.

151 2414 221 2448 od.
234 2419 290 2447 ³6.
306 2416 351 2447 ob
371 2416 432 2448 hos
447 2426 586 2448 versus:
615 2418 759 2449 ‘serves
782 2418 848 2450 itu·

150 2473 224 2495 rum
238 2465 407 2498 Caesarem
430 2465 464 2496 in
489 2466 625 2498 ultimos
648 2467 755 2500 Orbis
773 2468 848 2500 Bri-

152 2513 298 2555 tannos,’
313 2516 378 2547 διο.
403 2515 546 2556 Tor-rent.

191 2566 212 2595 4
235 2563 388 2605 Imperio]
425 2564 575 2605 Imperio
600 2565 698 2598 Rom.
724 2567 848 2599 additis

150 2615 328 2646 Britannis
345 2619 506 2655 tanquam
527 2615 690 2647 coronide
715 2626 850 2649 suarum

149 2665 384 2703 victoriarum,
395 2660 453 2706 qui
467 2663 511 2695 ab
521 2663 678 2705 Augusto
693 2675 753 2706 per
763 2667 852 2698 Dru-

148 2722 223 2745 sum
245 2713 437 2754 privignum
460 2714 612 2754 superati
627 2718 719 2746 sunt.
766 2716 852 2747 Gra-

148 2763 294 2805 m’buque
316 2763 443 2804 Persis]
480 2764 632 2805 Propter
648 2764 762 2796 Crassi
783 2766 850 2797 cla·

146 2813 227 2851 dem
246 2814 361 2850 Persai
385 2814 437 2846 vel
454 2813 572 2846 Parthi
591 2823 711 2855 graves
725 2820 760 2847 et
775 2825 850 2856 per-

1494 275 1608 315 1445

907 373 1026 404 niciosi
1061 373 1288 412 habebantnr‚'
1315 372 1373 414 qui
1405 377 1516 405 tamen
1539 376 1608 408 Au.

907 427 1006 463 gusto
1019 421 1119 454 facile
1142 427 1331 462 cesserunt,
1346 423 1508 464 signaque
1525 426 1609 456 mili-

906 473 1006 511 taria,
1019 474 1140 504 Crasso
1155 477 1191 504 et
1206 474 1258 505 M.
1273 473 1423 505 Antonio
1435 473 1611 515 adempta,

906 523 1143 555 reddiderunt.

948 577 967 604 5
993 573 1127 604 Milesrte
1155 573 1278 614 Crassi]
1314 573 1364 606 Ut
1391 572 1537 614 Augusti
1566 575 1608 606 ob

906 628 1048 664 recepta
1069 624 1165 664 signa
1192 623 1352 654 militaria
1380 623 1522 664 gloriam
1549 633 1610 656 ex-

906 673 1016 713 tollat,
1032 673 1145 704 Crassi
1158 674 1304 705 militum
1321 674 1542 715 ignominiam
1557 685 1609 707 os-

906 724 1018 756 tendit
1033 735 1042 763 ;
1080 725 1138 765 qui
1164 729 1323 766 tanquam
1351 734 1469 766 parum
1500 731 1606 766 esset,

905 774 1052 806 hostium
1079 784 1115 806 se
1138 775 1274 806 tradere
1303 776 1480 815 potestati,
1503 777 1608 807 etiam

907 825 940 856 in
957 834 1070 857 eorum
1087 834 1196 856 mores
1214 826 1434 858 transierunt.
1461 826 1606 857 Torreat.

909 875 1046 915 Coniuge
1061 875 1209 916 barbam]
1232 876 1316 907 Cum
1330 875 1476 917 conjuge
1492 876 1609 907 alieni-

905 935 1003 967 gena.
1126 938 1129 940 ·

947 977 968 1005 6
994 974 1106 1015 Turpis
1118 974 1268 1015 maritus]
1303 975 1417 1006 Vocat
1447 976 1606 1017 ‘turpem

905 1023 1091 1065 maritum,'
1115 1025 1173 1066 qui
1201 1029 1322 1056 contra
1349 1025 1441 1066 leges
1468 1027 1607 1066 patrias,

907 1075 1091 1114 Romanus,
1120 1075 1283 1107 Barbarae
1313 1075 1464 1106 mulieris
1493 1076 1610 1107 matri·

905 1125 1053 1156 monium
1084 1125 1212 1156 inierit.
1255 1125 1367 1158 Justae
1405 1125 1495 1157 enim
1527 1131 1608 1157 sunt

904 1174 1047 1214 nuptiae,
1092 1178 1131 1205 ut
1175 1175 1417 1207 Jurisconsulti
1455 1175 1609 1215 tradunt,

905 1232 988 1263 quas
1013 1223 1101 1254 inter
1122 1233 1159 1254 se
1187 1224 1280 1255 cives
1310 1224 1453 1255 Romani
1477 1230 1610 1256 contra·

903 1272 996 1303 hunt.
1023 1272 1112 1304 Tor-r.
1160 1274 1274 1314 Turpis
1288 1275 1438 1315 maritas]
1472 1276 1522 1307 Ut
1537 1285 1610 1307 ser·

905 1331 964 1352 vus
980 1326 1016 1353 et
1027 1323 1184 1363 captivus
1199 1323 1308 1354 vixit?

946 1374 966 1401 7
989 1371 1056 1401 Pro
1069 1371 1173 1410 cur-iu]
1191 1371 1284 1411 Apte
1298 1372 1425 1404 inserta
1439 1375 1606 1405 exclama-

903 1420 962 1455 tio,
976 1420 1136 1461 Senatus,
1155 1421 1208 1452 vel
1225 1430 1245 1452 o
1261 1423 1370 1458 curia,
1383 1433 1483 1463 «quam
1498 1424 1607 1464 indig-

901 1479 960 1501 nas
985 1480 1039 1501 res
1057 1480 1156 1510 passa
1182 1480 1218 1502 es
1245 1477 1366 1503 contra
1390 1473 1607 1513 majestatem

902 1519 1016 1560 populi
1034 1520 1130 1551 Rom.
1147 1525 1184 1551 et
1199 1530 1219 1551 o
1236 1530 1360 1561 mores,
1381 1531 1481 1562 qnam
1498 1522 1607 1554 iuver·

899 1570 928 1600 si
943 1573 980 1600 et
1002 1570 1158 1610 corrupti
1181 1571 1278 1610 estis,
1302 1575 1339 1602 ut
1363 1572 1460 1603 Rom.
1482 1573 1608 1605 milites

891 1618 964 1658 jam
978 1618 1130 1650 barbaris
1145 1621 1307 1660 serviant,
1321 1621 1379 1662 qui
1395 1621 1434 1653 iis
1451 1622 1528 1654 olim
1546 1623 1607 1655 do-

898 1668 1018 1700 minari
1034 1669 1191 1701 solebant
1204 1670 1211 1700 !

941 1721 962 1749 8
987 1719 1174 1758 Consenuit]
1214 1719 1328 1760 Auget
1345 1720 1428 1751 facti
1444 1719 1605 1753 invidiam

899 1768 975 1808 ipsa
1001 1768 1224 1810 diuturnitas,
1249 1779 1325 1801 nam
1355 1771 1381 1800 is
1408 1771 1524 1809 etiam,
1548 1772 1607 1812 qui

901 1818 989 1849 citra
1004 1817 1224 1858 ignominiam
1243 1819 1286 1850 ab
1299 1820 1394 1851 hoste
1408 1825 1529 1860 captus
1542 1826 1609 1860 est,

902 1867 929 1899 si
945 1877 1020 1898 cum
1038 1867 1151 1898 redire
1170 1869 1294 1908 possit,
1308 1879 1373 1900 non
1392 1870 1525 1910 redeat,
1545 1880 1607 1911 pro

902 1915 1083 1958 transfuga
1106 1917 1262 1950 liabetur.
1305 1919 1384 1951 Jam
1401 1929 1480 1951 vero
1501 1920 1606 1951 omni·

903 1977 957 1998 um
975 1967 1210 2008 turpissimum
1234 1973 1288 2000 est
1304 1979 1376 2008 eos,
1391 1970 1449 2010 qui
1472 1979 1534 2010 per
1557 1971 1608 2011 ig-

901 2016 1033 2047 naviam
1050 2026 1087 2048 se
1101 2017 1180 2057 capi
1197 2018 1427 2056 permiserint,
1442 2029 1508 2051 non
1526 2029 1606 2052 con-

899 2065 1014 2098 nubiis
1029 2071 1165 2098 tantum
1183 2067 1341 2104 hostium,
1357 2068 1416 2099 sed
1441 2073 1477 2100 et
1501 2070 1605 2101 armis

900 2125 1109 2147 assuescere.
1139 2116 1280 2148 Τοῖς-επὶ.

941 2168 963 2197 9
985 2165 1052 2197 Sub
1061 2175 1136 2205 rege
1151 2166 1265 2206 Medo]
1287 2166 1365 2198 Hoc
1380 2177 1514 2209 qnoque
1531 2169 1605 2202 loco

897 2220 1057 2257 apparet,
1077 2215 1274 2256 Medorum,
1290 2216 1545 2260 Persarumque
1569 2223 1606 2250 et

898 2265 1103 2298 Parthorum
1130 2266 1267 2298 nomina
1294 2266 1457 2300 confundi
1482 2270 1605 2301 solere.

900 2308 1044 2349 Thr-mut.
1089 2317 1231 2357 Marsus,
1261 2320 1291 2349 et
1318 2317 1457 2359 Apulus]
1494 2320 1604 2352 Marsi

898 2371 935 2397 et
951 2365 1054 2406 Apuli
1070 2365 1158 2397 inter
1170 2366 1270 2397 Rom.
1284 2367 1409 2398 milites
1423 2373 1521 2400 eraut
1535 2370 1605 2401 cla-

898 2415 1036 2454 rissimi,
1060 2415 1118 2456 qui
1141 2424 1216 2446 cum
1243 2416 1367 2446 Crasso
1393 2419 1546 2457 superati
1566 2423 1604 2450 et

897 2465 1007 2507 capti,
1031 2473 1153 2496 uxores
1175 2470 1383 2505 acceperuut
1402 2476 1422 2496 a
1437 2467 1552 2499 Medis
1566 2471 1603 2499 et

897 2515 1029 2554 Persis,
1045 2517 1083 2544 ut
1104 2513 1152 2545 ibi
1168 2515 1263 2545 velut
1284 2515 1318 2545 in
1342 2516 1490 2555 propriis
1515 2516 1603 2547 sedi·

898 2564 962 2596 bus
978 2572 1111 2595 omnem
1128 2567 1264 2594 aetatem
1282 2569 1436 2603 agerent.

944 2617 986 2645 10
1010 2613 1218 2648 Αποίἰίοναηι,
1230 2616 1262 2643 et
1272 2613 1416 2650 nominis,
1428 2613 1496 2654 ma]
1514 2614 1602 2647 Vide

900 2666 1034 2697 florum
1050 2663 1110 2695 lib.
1128 2671 1184 2694 ιιι.
1216 2664 1226 2680 ‘
1240 2662 1379 2694 Ancilia
1391 2663 1400 2677 ²
1426 2669 1539 2695 autem
1565 2669 1603 2697 et

898 2718 907 2733 ⁸
917 2716 1060 2747 Vestam
1073 2714 1081 2727 '
1091 2713 1237 2752 addidit,
1249 2713 1292 2744 ob
1306 2714 1451 2745 Romani
1466 2714 1601 2755 imperii

899 2765 1148 2802 aeternitatem,
1164 2763 1322 2794 ancilium
1347 2764 1456 2800 unius,
1473 2763 1563 2805 quod
1580 2773 1600 2799 e

898 2816 988 2848 coelo
1003 2813 1192 2854 ceciderat,
1207 2818 1242 2846 et
1254 2814 1371 2846 Vestae
1385 2814 1471 2855 ignis
1485 2819 1600 2847 custo-
