1916 3262
373 304 483 346 1376

371 409 484 444 vocet,
497 405 621 446 optime
635 406 815 446 intelliget,
825 408 882 449 qui
895 408 1050 440 memine-

371 457 417 487 rit
429 455 494 487 loci
509 456 598 486 illius
609 456 782 495 Virgiliani
799 457 855 488 lib.
871 466 921 488 vr.
936 458 946 475 ‘
959 458 1004 488 Et
1019 457 1053 487 ui

370 504 472 536 docta
485 513 596 536 comes
615 509 733 535 tenues
757 505 829 536 sine
849 515 990 545 corpore
1005 505 1053 535 vi-

369 558 420 584 tas
434 553 624 584 Admoneat
641 554 778 584 volitare
793 563 884 585 cavae
898 554 958 584 sub
972 554 1053 584 ima-

370 603 445 641 gine
455 601 597 633 formae!
614 601 1054 642 [Num-..imaginHScboen-

369 651 461 682 born.
477 651 526 691 2.]

413 701 451 729 17
477 699 548 729 Non
562 698 655 738 lenis]
679 699 743 731 Qui
759 709 824 730 uon
839 704 891 730 est
912 709 952 730 ea
974 700 1054 730 leni·

370 752 451 782 tate,
464 751 501 778 ut
516 748 672 787 precibus
687 747 747 778 fati
763 757 880 786 nexus,
893 752 928 779 et
939 757 1054 778 neces-

370 798 503 827 sitatem
519 797 663 827 resolvat
684 806 723 827 ac
744 797 926 828 rescindat.
961 797 1056 827 Lenis

368 845 536 885 recludere]
558 845 673 876 Genus
699 845 855 886 loquendi
882 846 1053 876 Graecum.

370 895 547 926 Lambinus.
592 895 673 926 Fata
686 894 854 933 recludere]
878 894 917 925 Id
936 900 998 933 est,
1014 904 1055 924 ea

369 953 444 984 quae
462 943 534 975 fato
555 953 612 975 seu
633 944 744 974 divina
767 944 938 974 voluntate
953 944 1056 974 semel

369 997 508 1031 statuta,
530 998 566 1023 et
586 993 656 1032 jam
679 992 834 1023 conclusa
859 993 939 1027 sint,
962 1001 1055 1023 revo-

369 1050 447 1072 care
463 1051 502 1072 ac
517 1041 711 1072 dissolvere.
736 1042 874 1072 Torrent.

412 1092 452 1120 19
476 1089 615 1128 Durum]
640 1090 769 1120 Durum
792 1097 844 1119 est
866 1090 942 1121 talis
960 1090 1056 1121 amici

370 1142 511 1168 mortem
528 1137 630 1167 ferre.
674 1136 850 1177 Patientia]
877 1138 1056 1169 Patiendo.

371 1187 480 1221 Recte
493 1186 596 1226 igitur
610 1186 731 1225 Virgil.
754 1187 764 1204 ‘
779 1187 976 1226 superanda
989 1197 1056 1218 om·

370 1235 420 1265 nis
445 1234 580 1265 fortuna
605 1233 742 1265 ferendo
764 1234 839 1266 est.'
875 1235 921 1266 Et
937 1236 1057 1267 Mimo-

371 1285 538 1323 graplius:
572 1284 582 1300 ‘
601 1284 715 1319 Feras.
735 1293 799 1314 non
817 1284 943 1324 culpes,
967 1285 1055 1325 quod

370 1332 491 1362 mutari
524 1341 591 1362 non
625 1332 762 1371 potest:
817 1332 956 1371 [Durum
986 1337 1030 1364 est
1043 1332 1058 1363 !

370 1381 468 1412 codd.
483 1390 538 1419 ap.
550 1380 689 1419 'Jaeck-'j

412 1431 454 1459 20
479 1428 592 1467 Nefas]
616 1429 693 1459 Non
716 1428 807 1467 licet,
827 1430 891 1468 vel,
916 1439 980 1460 non
1004 1435 1056 1461 est

371 1478 542 1518 possibile,
565 1476 725 1508 ἀδύνατον.
755 1478 994 1517 [Sclioenborn.
1024 1482 1055 1510 2.

369 1526 457 1563 nesus
471 1529 529 1557 est.
560 1526 708 1566 Guelph.
725 1525 766 1560 Q.
780 1529 827 1556 est
841 1527 992 1566 corrigere
1005 1537 1059 1558 ne·

363 1574 448 1615 sas-J

374 1624 456 1655 Ona
483 1632 569 1655 xxv.
603 1623 775 1662 Μεμπτική.
832 1623 888 1654 Αι)
909 1624 1057 1655 Lvmffl

407 1673 477 1712 jam
507 1673 664 1703 vetulam.
715 1672 863 1703 Insultat
891 1672 935 1711 ei,
969 1673 1058 1713 quod

406 1720 480 1760 jam
506 1721 620 1751 vetula
641 1721 760 1751 merito
786 1721 828 1751 ab
855 1722 1058 1752 amatoribus

414 1774 606 1811 spernatur.

416 1821 431 1849 1
471 1819 620 1858 Parcius]
655 1818 774 1850 Rarius
816 1827 914 1859 quam
947 1823 1058 1850 antea.

370 1868 516 1907 Junctas]
538 1867 641 1898 Quasi
657 1867 796 1898 clausas.

414 1919 434 1947 2
460 1916 589 1956 Ictibus]
613 1917 774 1957 Lapidum
790 1917 900 1957 jactu.
931 1917 1060 1957 [Codex

374 1965 490 1996 Graev.
512 1965 659 1996 Luctibus
670 1965 809 2004 crebris]

414 2016 434 2044 4
457 2014 561 2044 Janua
585 2013 693 2053 limen]
729 2013 839 2044 Janua.
863 2017 921 2044 tua
948 2013 1061 2044 clausa

374 2065 439 2099 est,
454 2071 516 2091 nec
534 2070 552 2091 a
569 2061 680 2091 limine
698 2062 838 2092 recedit.

418 2112 436 2139 5
463 2109 542 2143 Quae
564 2109 667 2148 prius]
703 2110 788 2141 Quae
809 2109 942 2149 quidem
956 2109 1062 2148 janua

374 2156 495 2188 crebro
507 2157 584 2186 olim
602 2157 827 2196 aperiebatur.
854 2157 987 2188 Facileis
997 2168 1060 2188 mo-

374 2205 478 2244 vebat]
498 2205 610 2237 Janua
636 2210 746 2236 autem
775 2215 841 2246 quo
863 2206 996 2245 saepius,
1019 2214 1060 2236 eo

374 2253 507 2285 facilius
532 2263 570 2285 ac
593 2254 721 2284 minore
741 2254 882 2294 strepitu
900 2255 1062 2294 aperitur,

375 2303 512 2335 cardine
537 2313 600 2334 non
623 2304 671 2334 ita
695 2303 874 2342 renitente,
889 2303 949 2334 sed
972 2302 1061 2335 facili

375 2363 415 2384 ac
431 2353 642 2392 obsequioso.
672 2353 810 2384 Tor-rent.

417 2404 439 2432 6
460 2401 562 2432 Audis
575 2401 690 2442 minus]
718 2401 824 2432 Audis
839 2401 988 2442 quotidie
1004 2401 1062 2432 mi·

375 2459 438 2480 nus
453 2454 488 2480 et
503 2450 610 2480 minus
626 2459 740 2481 vocem
757 2450 913 2481 amatoris
926 2450 1064 2489 exclusi,

376 2499 541 2530 dicentis:
566 2499 597 2531 Ο
617 2499 734 2539 Lydia,
756 2499 879 2530 dormis
896 2503 931 2530 tu
949 2499 1062 2538 longas

376 2554 506 2583 noctes,
529 2547 606 2578 dum
628 2557 703 2587 ego,
719 2548 776 2588 qui
795 2553 870 2579 tuus
890 2556 1062 2588 sum,per-

381 2605 420 2626 eo
434 2597 445 2626 ?

420 2648 439 2675 7
463 2646 518 2676 Me
533 2649 583 2676 tuo
597 2646 798 2686 longas‚⁸5c.]
822 2645 975 2678 Amantis
991 2656 1064 2678 ver-

380 2691 422 2721 ba
438 2692 524 2723 inter
538 2694 680 2732 gemitus
697 2699 733 2726 et
747 2695 901 2735 suspiria,
921 2704 996 2736 quae
1016 2705 1065 2726 ra-

381 2741 448 2770 rius
474 2742 579 2771 audiri
605 2743 688 2774 dicit
709 2743 882 2783 Horatius,
907 2749 1065 2785 corrupta

382 2790 602 2821 meretriculae
619 2801 677 2829 per
694 2798 828 2824 aetatem
845 2792 962 2825 forma.

816 317 958 348 NO'rAE
989 316 1250 348 VARIORUM
1287 317 1338 348 ΙΝ

1143 412 1163 439 9
1186 408 1320 440 Invicem
1335 409 1477 449 moechos]
1498 409 1589 442 Quos
1602 411 1650 448 tu,
1665 408 1785 451 inquit,

1102 456 1240 488 flou-nte
1269 463 1372 489 aetate
1395 457 1540 498 superba
1565 461 1601 488 et
1628 466 1786 498 arrogans

1102 512 1266 538 amatores
1281 506 1521 547 contempsisti,
1536 505 1636 536 iidem
1648 510 1682 537 te
1693 511 1788 538 vetu-

1103 555 1168 585 lam
1186 557 1256 594 pari
1273 557 1462 595 arrogantia
1483 565 1522 585 ac
1536 554 1625 586 fastu
1641 558 1789 586 contem*

1103 606 1202 642 nent;
1224 613 1286 635 nec
1310 604 1392 635 flens
1412 604 1573 643 reperies,
1593 604 1650 644 qui
1675 613 1787 635 amare

1103 656 1138 682 te
1155 652 1271 682 velint.
1310 653 1444 683 Moechos
1467 653 1570 692 igitur
1584 662 1790 692 καταχρηστι-

1102 701 1161 731 κῶς
1186 711 1246 740 pro
1267 702 1436 742 quibusvis
1462 701 1666 732 amatoribus
1691 701 1790 732 «lixit.

1104 749 1244 779 Torrent.
1299 751 1434 781 lut-icem
1460 750 1600 790 moechos]
1630 751 1679 781 Tu
1705 749 1790 781 levi·

1104 806 1185 827 anns
1217 802 1252 829 et
1277 805 1482 839 contempta,
1512 799 1657 830 vicissim
1691 797 1788 830 flebis

1104 848 1296 884 arrogantes
1316 847 1473 883 moechos,
1488 847 1520 877 in
1544 848 1614 878 solo
1636 848 1790 887 angipor-

1106 897 1154 931 tu,
1178 893 1211 923 id
1240 899 1304 932 est,
1326 904 1399 925 cum
1421 894 1524 925 fueris
1548 896 1619 925 sola
1644 895 1677 926 in
1697 895 1790 935 angi-

1106 946 1205 981 portu
1221 942 1382 973 derelicta
1404 943 1444 973 ab
1461 943 1676 982 amatoribus,
1689 943 1790 974 Thra·

1106 992 1159 1022 cio
1177 996 1276 1023 vento
1290 993 1474 1030 bacchante
1496 993 1599 1033 inagis
1614 993 1674 1024 sub
1690 993 1790 1025 inter-

1106 1041 1208 1072 lunia.
1238 1041 1444 1082 Arrogantes]
1461 1040 1637 1072 Amatores
1653 1046 1688 1072 te
1699 1040 1791 1072 fatti-

1107 1090 1249 1120 dientes.

1150 1142 1190 1170 10
1213 1138 1319 1178 Levis]
1341 1139 1438 1177 Vilis,
1465 1148 1504 1169 ac
1530 1138 1652 1168 nullius
1678 1137 1792 1178 pretii,

1107 1192 1227 1227 utpote
1253 1197 1326 1228 quae
1354 1188 1396 1218 de
1427 1192 1527 1218 noctu
1556 1187 1590 1218 in
1613 1187 1792 1228 angiportu

1108 1242 1272 1267 amatores
1289 1240 1429 1277 quaerat.
1469 1236 1575 1267 Solum
1589 1245 1722 1277 quoque
1736 1246 1793 1267 nn·

1104 1285 1262 1324 giportum
1273 1290 1369 1315 vocat
1381 1284 1547 1315 desertum
1557 1289 1593 1316 et
1604 1283 1794 1324 infrequen-

1108 1339 1189 1369 tem,
1211 1339 1248 1365 ut
1269 1334 1362 1373 Virg.
1378 1334 1507 1373 Georg.
1523 1342 1572 1364 tv.
1589 1334 1598 1351 ‘
1610 1334 1656 1364 Te
1673 1334 1742 1365 solo
1757 1334 1791 1365 iu

1107 1382 1221 1412 littore
1245 1392 1370 1422 secum,
1385 1383 1430 1412 Te
1455 1383 1610 1414 veniente
1636 1382 1712 1422 die‚'
1727 1385 1792 1414 &c-

1110 1430 1252 1460 Torrent-

1152 1480 1188 1508 11
1210 1477 1338 1508 Thracio
1352 1477 1530 1516 bacchante]
1554 1477 1667 1518 Auget
1682 1477 1792 1518 abjec-

1107 1527 1226 1557 tissimi
1249 1527 1352 1557 scorti
1376 1527 1551 1566 vilitatem,
1566 1527 1654 1568 quod
1678 1533 1793 1567 nocte,

1107 1579 1142 1606 et
1157 1584 1195 1606 ea
1212 1575 1345 1616 quidem
1361 1575 1483 1616 frigida
1502 1586 1540 1606 ac
1557 1581 1793 1617 tempestuosa,

1107 1633 1169 1654 nec
1187 1625 1252 1654 ulla
1270 1629 1457 1664 apparente
1473 1625 1564 1664 luna,
1578 1629 1644 1655 tam
1665 1629 1794 1666 turpes,

1107 1673 1301 1712 impellente
1330 1672 1479 1710 libidine,
1514 1673 1724 1704 conditiones
1759 1675 1793 1704 in

1108 1721 1293 1759 angiportis
1311 1721 1374 1750 sub
1397 1721 1474 1751 divo
1489 1721 1623 1760 qnaerit,
1644 1726 1680 1752 et
1704 1731 1793 1762 aegre

1109 1769 1248 1799 invenit.
1284 1768 1420 1799 Turneb,
1443 1776 1544 1799 xxvi.
1565 1771 1618 1800 36.
1665 1769 1794 1800 Thracio

1109 1816 1286 1855 baoelmnte]
1300 1815 1465 1856 Aquilone
1477 1825 1534 1848 seu
1546 1817 1684 1848 Boreae
1693 1818 1794 1848 Thra-

1109 1867 1163 1896 cia
1191 1865 1341 1896 furenter
1370 1863 1486 1896 flante.
1529 1866 1593 1896 Sub
1614 1866 1794 1906 interlunia]

1109 1914 1216 1944 Paulo
1243 1919 1333 1952 ante,
1361 1915 1426 1953 vel,
1456 1914 1594 1944 circiter
1624 1914 1794 1950 interlunii

1110 1966 1255 2002 tempus,
1271 1963 1401 2003 quando
1417 1968 1493 1994 sunt
1511 1963 1616 1994 noctis
1631 1964 1794 1995 tenebras.

1110 2011 1237 2042 Plinius
1250 2017 1347 2042 vocat
1364 2012 1444 2043 illud
1463 2017 1596 2052 tempus
1610 2013 1619 2030 ‘
1630 2013 1734 2043 Lunae
1752 2012 1793 2043 si-

1108 2059 1272 2089 lentium.'
1296 2083 1298 2086 .

1151 2107 1205 2146 [13
1232 2107 1330 2140 Quom
1350 2107 1407 2138 tibi
1424 2107 1568 2147 Guelpb.
1588 2117 1673 2138 amor
1691 2112 1721 2146 et
1743 2118 1793 2139 cu-

1107 2155 1177 2195 pido
1191 2155 1418 2185 Schoenborn.
1434 2155 1480 2194 2.]
1517 2166 1519 2169 ·

1152 2205 1191 2234 14
1216 2205 1294 2238 Quoe
1320 2203 1395 2234 solet
1422 2206 1549 2245 matres]
1592 2206 1678 2238 Qua
1707 2207 1793 2238 solet

1108 2262 1208 2293 equas
1225 2253 1265 2283 ad
1279 2252 1422 2283 libidinis
1440 2253 1585 2286 furorem
1601 2255 1770 2288 concitare
1784 2268 1792 2287 ε

1109 2301 1186 2332 hinc
1209 2302 1364 2332 mulieres
1389 2301 1571 2333 libidinosae
1595 2303 1753 2335 dicuntur
1775 2314 1795 2335 a

1110 2351 1236 2382 Graecis
1253 2350 1441 2389 ἱππομανεῖς,
1451 2351 1484 2381 id
1507 2355 1570 2390 est,
1589 2361 1674 2391 equoe
1684 2352 1796 2390 suren-

1110 2404 1167 2432 tes.
1195 2401 1341 2441 Fur-iare]
1360 2399 1413 2431 Ad
1425 2399 1570 2431 fn'rorem
1587 2406 1622 2432 et
1634 2401 1793 2434 insaniam

1111 2449 1257 2488 adigere.
1280 2448 1410 2479 Turneb.
1423 2457 1501 2480 xrx.
1516 2452 1569 2480 29.

1155 2501 1193 2529 15
1213 2497 1401 2538 ulcerosum]
1418 2499 1623 2539 circajecur
1638 2502 1730 2530 tuum
1745 2500 1792 2531 ul-

1112 2547 1245 2578 ceribus
1260 2547 1408 2587 madens,
1423 2552 1562 2588 propter
1580 2547 1732 2580 ardorem
1753 2549 1792 2580 li-

1113 2597 1246 2628 bidinis.

1155 2649 1195 2677 16
1218 2647 1291 2677 Non
1305 2646 1370 2677 sine
1385 2645 1506 2686 questu]
1528 2646 1605 2678 Non
1626 2647 1698 2678 sine
1713 2656 1790 2688 que-

1114 2695 1273 2734 rimonia;
1288 2705 1328 2726 eo
1343 2695 1430 2736 quod
1441 2696 1585 2735 juvenes
1601 2695 1720 2727 vetulis
1733 2703 1791 2727 an-

1116 2750 1277 2786 teponunt
1294 2746 1431 2786 puellas.

1158 2797 1197 2825 17
1228 2795 1328 2826 Pubes
1354 2794 1455 2833 edera,
1479 2793 1547 2834 ξω]
1576 2792 1642 2824 Hic
1667 2792 1790 2832 pullam
