1890 3230
407 258 519 302 1734

407 361 525 394 struit:
542 361 755 400 Importunus
767 357 935 398 urge,hoe
943 361 1009 396 est,
1022 357 1090 388 noli

406 419 550 451 unquam
566 409 663 439 finem
686 406 800 438 facere
821 407 894 448 eJus
917 406 1032 438 laudes
1055 406 1089 437 in

407 459 516 490 aureis
540 455 726 495 occinendi,
749 455 856 487 donec
881 455 1018 487 sublatis
1045 456 1088 486 ad

405 508 524 538 coelum
541 504 702 542 manibus,
715 503 854 542 dixerit,
875 504 938 535 ohe
949 504 1019 544 jam
1037 513 1088 535 aa·

406 557 448 586 tis
465 558 526 584 est.
551 551 759 592 Importunas]
774 552 982 592 Importune.
1008 553 1087 592 ohe,

396 602 479 641 jam]
510 603 629 633 Donec
657 601 792 641 dixerit,
821 602 896 633 Ohe
914 601 984 642 jam
1007 603 1088 634 satis

404 656 469 681 est.

444 702 485 730 97
510 698 560 730 Διὶ
575 700 679 730 coecum
692 699 829 731 manibus
837 699 979 740 sublatis]
1001 700 1086 732 Ges·

405 754 458 779 tus
474 748 640 780 orantium
653 758 692 780 ac
709 749 912 780 laudantium
929 750 1018 780 Deos
1033 758 1085 779 su-

405 807 504 837 peros
529 797 684 836 maxime,
699 802 735 827 ut
750 797 829 828 alibi
844 797 998 828 diximus.
1041 798 1086 828 Et

403 847 466 877 iste
482 846 585 886 igitur
599 855 715 876 manus
727 846 811 876 coelo
827 845 1035 882 sustollebat,
1047 851 1085 875 ut

404 894 478 925 Diis
492 893 534 924 de
548 898 596 924 tot
607 893 702 923 donis
716 894 813 923 laetus
824 898 937 932 ageret
950 894 1085 932 gratias.

401 943 487 972 Sunt
509 941 563 981 qui
586 941 628 971 ad
651 941 832 972 laudatoris
859 941 962 980 ipsius
988 941 1087 973 diviti

405 988 636 1029 applaudentis
665 993 793 1029 gestum
822 990 994 1022 referunt:
1027 991 1086 1022 sed

403 1038 501 1069 male.
516 1038 656 1068 Torrent-
693 1038 837 1069 Manibus
849 1038 992 1080 sublatis]
1011 1040 1086 1071 Prae

402 1087 536 1127 gaudio.
583 1087 667 1125 Urge
693 1091 725 1119 et
752 1088 958 1127 Creaeentem]
981 1089 1088 1119 Multo

403 1137 514 1176 plures
530 1141 564 1167 et
578 1137 730 1167 meliores
742 1137 823 1168 libb.
839 1137 912 1169 siue
925 1138 1089 1178 particula

403 1188 432 1215 et
444 1195 454 1215 .-
479 1185 488 1201 ‘
505 1184 665 1216 Tumidos
681 1185 690 1198 ¹
726 1191 838 1216 autem
866 1187 876 1205 ‘
893 1195 1062 1218 sermones
1078 1186 1088 1201 '

404 1233 567 1274 appellat,
583 1233 702 1274 quibus
718 1234 849 1265 auditor
864 1234 920 1265 ille
934 1234 1089 1266 intumes-

405 1287 521 1314 ceret:
552 1287 588 1314 ut
617 1283 725 1323 Epist.
751 1293 776 1315 ¹.
806 1283 952 1315 ‘Laudis
976 1293 1089 1314 amore

405 1331 535 1363 tumes.’
576 1332 675 1363 Unde
699 1332 861 1364 ‘sufflati'
890 1333 1002 1371 iidem,
1032 1333 1088 1373 qui

403 1385 439 1410 et
462 1382 470 1398 ‘
488 1380 629 1421 tumidi,’
654 1381 757 1412 veluti
779 1386 880 1412 vento
896 1381 1006 1422 aliquo
1022 1380 1088 1412 dis-

404 1430 503 1468 tenti,
527 1430 641 1470 quales
667 1439 741 1461 esse
767 1431 915 1461 homiues
944 1429 1025 1460 elati
1055 1433 1090 1460 et

406 1483 598 1517 arrogantes
614 1479 736 1509 solent.
760 1479 900 1509 Torrent.

446 1528 487 1556 98
514 1526 642 1565 Uerum]
671 1526 755 1557 infla
777 1527 942 1558 hominem
968 1535 1088 1557 vanum

404 1579 438 1605 et
462 1575 657 1614 philautum,
685 1575 742 1615 qui
767 1574 859 1605 falsis
881 1573 1032 1605 laudibus
1053 1579 1089 1605 et

403 1621 649 1653 adulationibus
663 1622 755 1652 velut
772 1627 846 1652 uter
858 1622 1061 1652 intumescit.

447 1673 490 1702 99
510 1669 655 1709 Levarit]
679 1671 793 1701 Morte
811 1679 880 1701 sua.

446 1722 508 1750 100
541 1720 586 1750 Et
615 1722 732 1750 certum
753 1718 899 1759 tigilans]
925 1718 1002 1749 Non
1027 1727 1089 1759 per

404 1769 579 1806 somnium,
593 1769 649 1799 sed
665 1769 753 1799 inter
768 1767 982 1808 vigilandum,
996 1773 1031 1799 et
1046 1777 1089 1799 ne

406 1824 486 1849 tunc
498 1817 629 1859 quidem
643 1827 704 1857 per
719 1818 895 1857 imaginem
907 1821 964 1848 aut
973 1822 1089 1856 φαντα-

406 1866 486 1903 σίαν,
516 1871 555 1898 ut
585 1867 775 1907 Philosophi
803 1867 1002 1907 loquuntur;
1031 1867 1089 1898 sed

405 1921 500 1947 certo
527 1922 563 1947 et
585 1914 712 1956 liquido
739 1915 864 1955 apertis
889 1915 958 1955 jam
988 1918 1090 1947 testa—

404 1966 508 1996 menti
535 1965 668 2000 tabulis,
693 1964 839 1995 audieris
860 1963 892 1995 iu
916 1964 1038 1995 triente
1054 1969 1089 1996 te

405 2015 561 2047 heredem
577 2014 765 2045 institutum
775 2022 861 2044 esse.
899 2013 1021 2044 Ridere
1032 2023 1089 2045 au-

406 2072 474 2096 tem
490 2063 624 2095 videtur
650 2062 886 2100 Academiam,
912 2062 969 2102 qui
990 2071 1032 2093 ne
1054 2062 1088 2092 id

404 2113 536 2153 quidem
561 2111 704 2143 credunt
726 2115 786 2141 aut
808 2109 985 2148 affirmant,
999 2111 1088 2151 quod

405 2161 532 2192 vident.
557 2161 698 2191 Tan-ene.
729 2160 773 2189 Et
788 2159 920 2198 certum]
938 2158 981 2188 Et
990 2167 1088 2198 quum

405 2214 439 2238 tu
456 2212 550 2239 certo
575 2207 729 2246 vigilans,
748 2214 812 2235 non
834 2205 1010 2243 somnians,
1031 2215 1087 2236 au-

404 2258 504 2289 dieris
521 2257 592 2287 haec
606 2255 726 2286 verba:
749 2255 887 2286 Quartae
905 2255 1006 2294 partis
1021 2254 1088 2285 hae-

405 2315 459 2336 res
485 2305 529 2335 sit
553 2304 703 2343 Ulysses.
755 2302 902 2342 [Quartoe
926 2306 971 2333 est
993 2303 1088 2334 vatt.

408 2356 502 2386 Rom.
517 2356 549 2385 2.
565 2356 596 2383 5.
613 2355 648 2382 ct
662 2350 839 2382 Barberin.
853 2350 902 2390 2.]

450 2405 508 2434 101
531 2403 616 2440 Ergo
629 2409 709 2431 nune
733 2399 835 2430 Dama
855 2399 983 2440 sodalis]
1004 2401 1090 2432 Post

405 2453 532 2484 obitum
549 2450 637 2481 senis
651 2450 698 2480 sic
709 2448 799 2480 dices
816 2458 896 2480 voce
909 2449 1089 2490 queribun-

405 2504 460 2543 da,
476 2504 484 2520 ‘
501 2503 590 2542 Ergo
606 2498 790 2538 nunc,'&c.
833 2500 930 2539 [Vat.
948 2501 1043 2531 Rom.
1061 2502 1090 2531 1.

406 2563 425 2583 a
442 2563 484 2582 m.
501 2561 568 2582 sec.
583 2555 619 2581 et
634 2549 713 2579 Vat.
737 2547 834 2579 Rom.
854 2551 886 2579 9.
912 2557 984 2588 ergo
1007 2552 1089 2589 tunc,

407 2611 481 2632 cum
498 2601 598 2640 gloss.
620 2598 727 2638 dicem]

448 2653 508 2680 102
532 2650 690 2688 Nusquam
701 2647 762 2687 est]
777 2646 913 2687 Species
929 2647 1088 2688 metalep-

407 2709 504 2730 seos:
529 2699 688 2738 exprimit
710 2700 837 2736 gestus,
860 2705 959 2727 voces
983 2701 1018 2728 et
1041 2697 1088 2727 la-

407 2749 629 2780 mentationes
645 2747 762 2789 quibus
778 2746 825 2778 uti
840 2746 993 2778 solebant
1011 2746 1089 2778 aini-

853 266 993 296 NOTAE
1025 265 1283 296 VARIORUM
1315 265 1366 295 m

1137 357 1182 396 ci,
1206 357 1395 399 propinqui,
1417 356 1532 388 affines
1551 361 1587 389 et
1608 357 1758 390 hoeredes
1776 360 1813 392 in

1137 405 1267 437 funebri
1283 415 1415 447 pompa.
1440 406 1534 445 Cruq.
1577 405 1735 445 Nusquam
1753 406 1816 447 eet]

1136 455 1292 486 Mortuus
1322 454 1394 485 est?
1442 453 1590 493 Fidelem]
1623 453 1723 485 Unde
1749 459 1815 486 tun

1135 502 1267 534 fidelem
1284 502 1411 543 parabo
1436 501 1596 534 amicum?
1633 502 1816 543 [Nunquam

1136 551 1215 583 Vat.
1226 552 1320 583 Rom.
1335 553 1392 582 La
1407 561 1450 582 m.
1467 550 1536 591 pn]

1178 603 1238 631 103
1260 600 1380 640 Sparge
1406 599 1546 639 subinde]
1575 599 1721 636 Divulaa
1742 599 1816 631 hoec

1137 649 1240 680 verba
1259 650 1368 680 ‘unde
1395 648 1498 688 mihi,'
1521 651 1584 680 διο.
1622 648 1694 688 Eu]
1710 649 1819 687 Licet,

1136 699 1201 736 vel,
1221 698 1302 729 utile
1322 702 1383 729 est.
1426 698 1500 738 [Eu
1526 706 1591 727 non
1619 696 1760 727 habetur
1782 697 1817 727 in

1134 747 1231 778 Vatt.
1247 749 1278 778 4.
1292 750 1325 778 5.
1341 749 1393 778 12.
1413 746 1509 777 Vatt.
1536 745 1630 776 Rom.
1645 748 1674 776 l.
1691 746 1722 775 8.
1737 748 1769 776 ⁶.
1784 747 1818 776 9.

1134 800 1184 829 10.
1196 798 1276 829 Vat.
1291 797 1402 828 Palat.
1418 800 1450 828 ³.
1466 795 1642 827 Barberin.
1660 797 1692 826 1.
1713 794 1818 826 Valli-

1133 847 1198 876 cel.
1219 849 1250 877 1.
1277 845 1432 886 Angelic.
1452 847 1482 876 1.
1505 849 1540 875 et
1564 844 1702 876 Venett.
1725 846 1817 876 1483.

1138 894 1250 933 1490]

1177 944 1238 972 104
1251 941 1374 972 Gaudia
1383 941 1557 979 prodentem
1567 940 1699 980 uuum]
1709 941 1819 982 Prop-

1137 995 1190 1022 ter
1203 991 1292 1020 senis
1301 993 1453 1020 mortem.
1486 988 1610 1023 Vultum
1618 990 1729 1030 celare]
1737 991 1817 1021 Vul-

1136 1047 1204 1070 tum
1222 1039 1360 1070 hilarem
1386 1036 1647 1068 dissimulatione
1671 1042 1708 1069 et
1730 1037 1819 1070 fictis

1134 1088 1310 1128 lachrymis
1327 1088 1449 1119 celare.
1479 1086 1573 1127 [vat.
1586 1086 1680 1118 Rom.
1694 1089 1723 1118 1.
1739 1096 1759 1118 a
1775 1095 1819 1118 m.

1137 1146 1190 1176 pr.
1203 1135 1324 1175 celetem]

1179 1186 1238 1215 105
1263 1183 1453 1215 Permissum
1473 1182 1620 1223 arbitrio]
1642 1182 1698 1214 Ita
1712 1184 1818 1214 nostri

1137 1241 1268 1274 qnoque
1284 1232 1417 1264 codices
1429 1240 1500 1262 sex.
1534 1231 1695 1262 Testatur
1706 1236 1819 1263 antem

1139 1282 1191 1312 vel
1204 1282 1275 1322 ipse
1285 1281 1429 1321 sepulcri
1445 1280 1575 1311 modum
1591 1281 1624 1311 in
1641 1284 1820 1311 testamen-

1139 1336 1176 1362 to
1206 1330 1412 1371 praescribit,
1441 1330 1494 1360 vel
1521 1327 1653 1360 heredis
1681 1329 1818 1360 arbitrio

1138 1379 1310 1420 relinquit.
1355 1378 1445 1409 Hinc
1472 1377 1706 1418 inscriptiones
1735 1377 1820 1408 anti-

1138 1437 1234 1468 quae3
1259 1428 1310 1458 Ex
1332 1434 1567 1458 ‘asumma-o
1589 1433 1740 1464 rosum-3
1765 1425 1821 1456 vel

1138 1476 1359 1516 simpliciter:
1377 1483 1519 1513 Ροενιτς
1531 1475 1601 1506 vel:
1615 1475 1673 1505 Da
1687 1483 1752 1505 svo
1763 1481 1821 1505 ro-

1137 1533 1226 1555 svn·-
1250 1525 1282 1557 'J
1288 1534 1338 1555 am
1354 1533 1430 1555 vero
1440 1533 1516 1564 quae
1527 1523 1668 1555 hoeredis
1682 1522 1820 1554 arbitrio

1138 1573 1393 1612 permittuntur,
1417 1581 1482 1602 non
1507 1572 1556 1602 ita
1577 1571 1692 1602 stricte
1707 1571 1820 1602 obser-

1136 1622 1246 1651 vanda
1263 1621 1414 1657 veniunt,
1427 1626 1463 1651 ut
1474 1629 1546 1660 quse
1560 1619 1639 1651 fidei
1650 1619 1722 1660 ejus
1733 1629 1821 1651 com-

1139 1669 1239 1700 missa
1250 1674 1340 1706 sunt,
1361 1668 1402 1698 ad
1429 1677 1503 1708 quae
1529 1669 1719 1707 prestanda
1738 1669 1821 1700 obli-

1136 1722 1234 1758 gatus
1251 1718 1378 1748 existit.
1421 1717 1485 1747 Illa
1498 1726 1630 1758 quoque
1649 1726 1716 1749 uon
1736 1727 1822 1758 prae·

1138 1767 1315 1805 tereunda,
1331 1765 1418 1807 quod
1435 1767 1467 1797 in
1477 1765 1608 1806 optimis
1623 1767 1823 1807 exemplari-

1138 1816 1199 1846 bus
1217 1824 1276 1856 pro
1287 1815 1426 1854 ohejam,
1439 1814 1494 1845 ohe
1509 1814 1557 1845 eia
1567 1824 1580 1851 ,·
1603 1823 1662 1855 pro
1685 1814 1821 1851 subinde,

1137 1864 1293 1902 subunde;
1316 1874 1376 1905 pro
1396 1865 1601 1904 illacrymata,
1616 1863 1822 1900 inlacrimare,

1138 1914 1300 1954 scriptum
1318 1914 1462 1954 repperi.
1479 1913 1570 1944 Guil.
1581 1912 1744 1944 Canu-rus
1754 1913 1822 1945 No-

1138 1973 1206 1995 var.
1223 1964 1315 1995 Lect.
1331 1972 1379 1994 iv.
1405 1965 1455 1994 12.
1479 1962 1618 1994 Tomnt.
1661 1961 1822 2002 Arbitrio]

1137 2011 1286 2043 Arbitrio
1302 2017 1360 2043 tuo
1376 2012 1404 2042 si
1418 2017 1469 2042 est
1484 2011 1706 2043 commissum.
1746 2010 1823 2042 Siue

1136 2061 1275 2092 sordibus
1303 2061 1429 2101 extrue]
1470 2060 1599 2091 Extrue
1634 2058 1822 2100 magnifice.

1138 2110 1260 2150 Funus]
1284 2111 1446 2150 Pompam
1462 2109 1656 2149 funeralem,
1669 2119 1688 2140 a
1706 2113 1741 2140 te
1751 2108 1821 2140 fac-

1137 2164 1216 2189 tam.
1258 2158 1474 2197 [Commissum
1495 2158 1628 2196 plurimi
1645 2156 1742 2188 codd.
1763 2167 1820 2197 ap.

1137 2207 1250 2245 Feam,
1266 2212 1300 2237 et
1315 2205 1410 2242 alios,
1427 2206 1507 2236 item
1523 2205 1600 2236 edd.
1617 2205 1724 2246 antiq.
1744 2206 1822 2237 Per-

1137 2255 1261 2287 missum
1295 2255 1412 2294 viginti
1446 2255 1544 2286 codd.
1579 2255 1654 2286 Feae
1689 2255 1731 2286 al.
1768 2265 1821 2296 ap.

1136 2304 1252 2335 Lamb.
1275 2304 1384 2334 Pulm.
1405 2304 1557 2334 ‘rori-ent.
1583 2303 1663 2337 item
1683 2304 1821 2336 Venett.

1139 2355 1233 2384 1478.
1251 2355 1343 2384 1486.
1361 2355 1454 2384 1490.
1469 2351 1578 2391 1492]

1177 2404 1255 2444 [106
1282 2405 1359 2435 Vat.
1378 2404 1473 2435 Rom.
1491 2406 1541 2435 10.
1564 2403 1642 2434 Vnt.
1657 2403 1768 2435 Palat.
1789 2407 1822 2436 3.

1138 2453 1292 2494 Angelic.
1309 2457 1338 2485 l.
1354 2463 1374 2485 a
1395 2463 1438 2484 m.
1463 2463 1529 2485 sec.
1546 2457 1581 2484 et
1595 2453 1775 2486 Barberin.
1792 2456 1822 2485 1.

1137 2503 1269 2542 laudam

1180 2555 1240 2583 107
1264 2552 1349 2583 Male
1362 2550 1484 2591 tussiet]
1509 2551 1668 2582 Graviter
1681 2555 1719 2583 et
1733 2552 1820 2592 peri-

1139 2602 1266 2632 culose.
1310 2600 1395 2631 Huic
1406 2599 1455 2639 tu]
1479 2599 1568 2630 Huic
1583 2599 1749 2631 cobet-edi.

1182 2651 1242 2680 108
1268 2649 1317 2679 Ex
1342 2651 1431 2688 porte
1458 2651 1524 2682 tua,
1556 2645 1623 2686 Cre-J
1646 2647 1699 2678 Ex
1720 2651 1820 2687 parte

1141 2707 1215 2740 quae
1231 2697 1293 2730 tibi
1307 2706 1349 2728 ex
1366 2700 1566 2728 testamento
1586 2696 1736 2728 obvenit.

1182 2750 1242 2779 109
1265 2747 1454 2778 Gaudentem
1468 2745 1614 2785 nummo]
1625 2745 1687 2777 Dic
1703 2750 1737 2778 te
1750 2754 1819 2777 ma-
