1916 3262
583 304 646 336 ne
678 304 811 335 Auru
843 304 1070 335 PouricA.
1440 295 1552 336 1327

103 402 225 454 Quin
244 402 337 444 sine
354 401 479 443 rivali
499 403 629 454 teque
649 403 692 441 et
709 402 785 439 tua
805 398 931 440 solus
952 410 1140 438 amares.

102 468 186 511 Vir
204 470 350 511 bonus
370 471 412 509 et
430 466 626 522 prudens
645 478 803 508 versus
822 465 1116 519 reprehendet
1135 464 1314 513 inertes,

104 535 318 590 Culpabit
336 534 482 583 duros,
502 533 710 575 incomtis
730 532 885 573 allinet
906 535 1048 573 atrum

101 603 372 644 Transverso
391 601 564 643 calamo
585 601 778 654 signum,
800 600 1035 641 ambitiosa
1053 599 1222 641 recidet

104 671 383 719 Ornamenta‚
404 681 559 723 parum
581 668 716 710 claris
736 668 877 710 lucem
897 667 1002 709 dare
1021 672 1168 721 coget,

1471 466 1556 505 415

100 819 186 850 gere,
201 811 321 843 nullum
333 811 464 852 amplius
478 809 604 842 terbum
618 812 674 840 aut
689 818 795 840 curam
807 808 971 839 adhibebat
987 808 1132 846 frustm,
1151 818 1190 839 ne
1203 811 1235 839 te
1251 811 1281 840 et
1298 811 1352 839 tua
1366 808 1434 839 sine
1447 809 1558 839 oemulo

100 853 183 884 solu·
191 853 385 894 approbares.
406 853 465 884 Vir
476 852 592 894 probas
606 856 636 883 et
652 862 753 891 sagax
767 861 873 882 versus
887 851 1051 891 languidos
1062 852 1241 890 redarguet,
1253 861 1375 892 asperos
1387 851 1560 886 damnabit,

99 894 270 928 inconditis
282 896 406 936 nigram
416 899 521 928 notam
531 898 663 936 apponet
676 899 855 926 transuerso
866 894 1002 932 calamo5
1013 894 1212 926 luxuriantes
1223 898 1350 926 ornatus
1361 893 1536 935 amputabit
1549 904 1559 929 ,·

708 1001 930 1015 emm-00
935 1002 955 1014 O

105 1076 212 1118 antiq.
227 1076 399 1108 insumebat
414 1077 604 1109 octodecim
621 1077 720 1108 codd.
738 1078 827 1115 Feae,
839 1078 942 1119 aliqui
957 1088 1013 1119 ap.
1028 1078 1144 1110 Lamb.
1161 1087 1221 1109 sex
1234 1075 1562 1114 Pulmanni,decem

103 1119 180 1149 Val.
198 1117 346 1151 Helmst.
363 1120 454 1160 apud
471 1120 575 1152 Gesn.
591 1125 745 1152 notatum
762 1131 803 1151 ex
821 1122 888 1152 Ms.
907 1121 940 1151 in
955 1131 1014 1152 ora
1031 1121 1113 1152 edit.
1138 1119 1218 1151 ΑΙ(ἰί
1238 1121 1333 1151 1509.
1350 1119 1442 1149 Bibl.
1457 1117 1563 1148 Barb.

106 1159 155 1192 H.
167 1160 288 1203 steph.
305 1162 339 1192 in
355 1163 507 1203 margine
522 1163 682 1194 editionis
706 1173 798 1202 suae;
824 1164 976 1195 restituit
1003 1163 1118 1195 Lamb.
1147 1163 1314 1202 Desprez‚
1329 1161 1424 1191 Talb.
1442 1160 1562 1191 Bentl.

107 1211 293 1244 anonymus
308 1204 401 1244 Traj.
419 1205 460 1235 ad
481 1205 587 1236 Rhen.
605 1207 698 1236 1713,
725 1205 830 1237 Gesn.
849 1207 931 1238 Dor.
947 1205 1081 1236 Wakef.
1097 1206 1204 1236 Zeun.
1222 1204 1364 1236 Schelle.
1385 1203 1440 1233 ΑΙ.
1463 1211 1565 1232 sume-

106 1245 280 1278 baa—4⁴14
303 1246 384 1278 Vat.
408 1247 505 1278 Rom.
521 1251 553 1279 7.
577 1257 695 1288 semper
709 1250 950 1280 amares.-445
968 1248 1135 1279 Undecim
1153 1247 1253 1279 codd.
1271 1247 1362 1285 Feae,
1378 1246 1564 1284 Bamberg.

106 1287 239 1320 Heller.
256 1295 292 1319 et
309 1290 537 1322 Sclioenborn.
551 1294 580 1322 1.
596 1291 804 1331 reprehendit.
851 1291 996 1331 Cuning.
1019 1301 1056 1322 ac
1074 1291 1211 1330 prudens
1224 1299 1332 1321 versas
1347 1289 1565 1328 reprendet.—

104 1332 169 1361 446
194 1330 326 1363 Heller.
347 1332 564 1364 illinet—44⁷
591 1333 743 1365 Vallicel.
766 1336 794 1364 l.
818 1333 945 1373 signum
966 1334 1094 1364 calamo.
1137 1332 1369 1364 Schoenborn.
1386 1333 1417 1362 l.
1439 1329 1565 1361 recidit.

764 1439 905 1471 NOTAE

148 1503 211 1534 444
238 1501 341 1541 Teque
361 1504 393 1532 et
419 1505 475 1533 tua
500 1502 581 1532 solus
599 1502 736 1542 amares]
759 1503 810 1534 Ea

108 1557 160 1583 est
189 1551 353 1593 poetastri
381 1551 536 1587 stultitia.
569 1552 640 1584 Cic.
662 1553 761 1585 Tusc.
775 1562 810 1584 v.

865 1503 984 1544 plicius
1009 1503 1191 1543 judicium,
1215 1512 1291 1543 quae
1322 1501 1486 1542 replenda
1512 1502 1566 1532 vel

864 1553 1059 1594 dejicienda
1074 1558 1174 1585 sunt:
1192 1553 1340 1593 duplicis
1356 1557 1468 1583 autem
1486 1561 1569 1592 ope·

107 1603 117 1620 ‘
134 1602 255 1634 Adhuc
285 1602 454 1634 neminem
487 1603 632 1643 cognovi
661 1603 811 1643 poetam,

108 1653 164 1694 qui
181 1652 242 1684 sibi
258 1662 325 1684 non
339 1653 488 1694 optimus
504 1653 703 1685 videretur.'

150 1706 212 1735 445
241 1703 299 1735 Vir
314 1703 424 1743 bonus]
448 1703 504 1735 Ab
520 1704 715 1735 adulatione
731 1705 811 1735 alie-

109 1762 184 1791 nus,
206 1757 359 1785 ceterum
382 1753 522 1793 ingenio
549 1757 585 1785 et
599 1753 734 1794 judicio
759 1763 812 1785 sa-

111 1813 190 1844 gax.

159 1854 276 1886 Vama
294 1854 494 1894 reprehendet
517 1851 649 1892 inertes]
673 1852 760 1884 Arte
778 1857 814 1884 et

114 1903 242 1934 virtute
265 1908 432 1935 carentes.
468 1902 558 1934 Vide
583 1912 623 1934 ιι.
646 1903 757 1944 Epist.
781 1905 812 1934 2.

113 1955 186 1984 llo.
200 1957 236 1985 et
251 1963 323 1996 seq.

154 2005 220 2036 446
243 2002 365 2044 Duras]
387 2003 631 2043 Inconcinnos,
654 2012 721 2034 non
744 2003 812 2034 ela-

114 2053 262 2094 boratos,
273 2055 359 2085 male
372 2058 544 2092 sonantes,
558 2054 568 2071 ‘
580 2053 716 2085 crudos·
730 2054 812 2085 Per-

112 2103 183 2134 sio:
211 2112 313 2144 supra
329 2105 388 2136 cit.
405 2104 516 2144 Epist.
541 2107 550 2121 ⁴
568 2104 668 2135 nimis
690 2113 813 2145 aspera

111 2162 192 2184 sano
208 2153 363 2185 Laevabit
378 2152 497 2184 cultu!

154 2202 275 2234 Allinet
299 2206 405 2234 atram
426 2202 568 2243 signum]
601 2202 718 2234 Graeci
742 2201 811 2239 ὀβε-

111 2250 210 2291 λίζειν
238 2252 368 2286 dicunt.
411 2253 640 2294 Expungendi
666 2263 727 2285 seu
751 2253 809 2285 de-

112 2300 217 2344 lendi,
240 2304 296 2336 vel
317 2303 486 2343 mutandi,
509 2305 642 2346 signum
669 2309 706 2336 et
730 2310 814 2336 nota

114 2359 188 2386 erat
222 2354 351 2394 virgula
380 2355 535 2396 quaedam
569 2358 666 2386 recta
701 2354 815 2389 ὀβελὸς

115 2403 221 2444 dicta,
233 2403 322 2445 quod
339 2408 500 2445 tanquam
517 2413 598 2436 veru
612 2405 815 2445 corrigenda

117 2451 355 2492 transfigeret:
379 2453 531 2484 versibus
549 2457 586 2485 et
599 2454 682 2486 locis
698 2464 816 2496 repre-

117 2501 279 2532 hensione
304 2501 414 2542 dignis
440 2503 676 2543 apponebatur
701 2514 722 2536 a
750 2505 815 2536 cri-

118 2551 200 2582 tico.

160 2603 223 2646 447
246 2600 419 2632 Ambitiosa
457 2601 573 2632 recidet
606 2602 814 2642 ornamenta]

119 2650 264 2685 Quintil.
279 2658 318 2681 x.
332 2652 364 2681 4.
388 2651 397 2667 ‘
415 2649 619 2682 Emendatio
643 2661 723 2692 pars
744 2656 814 2683 stu-

119 2700 250 2732 diorum
280 2701 381 2740 longe
415 2699 613 2731 utilissima:
651 2710 715 2732 nec
744 2701 815 2733 sine

119 2761 222 2784 causa
247 2749 417 2782 creditum
441 2753 508 2788 est,
522 2750 646 2791 stylum
669 2759 734 2782 non
757 2751 816 2782 mi-

118 2812 180 2834 nua
205 2811 308 2842 agere
336 2810 413 2832 cum
444 2800 559 2832 delet:
586 2800 682 2842 hujus
704 2802 816 2842 operis

119 2857 185 2891 est,
197 2852 360 2894 adjicere,
370 2850 563 2892 detrahere,
575 2855 722 2884 mutaret
739 2852 816 2884 sim·

865 1614 914 1635 1·ae
945 1609 1012 1646 est,
1042 1613 1198 1645 premere
1225 1603 1401 1638 tumentia,
1429 1602 1570 1633 humilia

866 1655 1044 1690 extollere,
1062 1653 1271 1685 luxuriantia
1293 1652 1498 1692 astringere,
1518 1653 1568 1682 in-

865 1704 1024 1735 ordinata
1037 1704 1206 1744 digerere,
1221 1703 1335 1734 soluta
1349 1711 1569 1743 componere,

865 1754 1058 1785 exultantia
1079 1753 1255 1785 coercere.
1300 1752 1388 1783 Natu
1417 1756 1452 1782 et
1476 1751 1570 1782 dam—

865 1803 979 1833 nanda
994 1812 1069 1843 quae
1083 1802 1297 1841 placuerant,
1312 1806 1348 1832 et
1363 1801 1570 1832 invenienda

867 1861 942 1892 quae
957 1851 1143 1893 fugerant‚'
1159 1854 1224 1883 &cu
1263 1851 1377 1891 Hujus
1402 1852 1570 1892 praecepti

867 1902 919 1932 sui
942 1901 1108 1932 Horatius
1136 1901 1211 1941 ipse
1238 1900 1370 1931 videtur
1395 1900 1571 1932 immemor

867 1949 1339 1994 fuisse,ustylumjuveniliter
1355 1951 1569 1982 exultantem

867 2011 934 2032 non
950 2002 1134 2041 castigans,
1147 2010 1211 2032 nec
1228 2000 1408 2032 ambitiosa
1424 2005 1460 2031 et
1476 2001 1572 2032 luxu-

868 2051 992 2082 riantia
1003 2050 1315 2092 recidens,quando
1328 2051 1360 2082 in
1373 2050 1482 2090 Epod.
1493 2059 1571 2084 xvt.

866 2103 920 2132 28.
937 2101 1036 2141 plura
1051 2106 1248 2140 coacervat,
1260 2100 1316 2131 ubi
1331 2110 1432 2131 unum
1446 2105 1482 2132 et
1494 2101 1572 2132 sim-

868 2151 946 2192 plex
969 2156 1045 2182 erat
1073 2149 1298 2183 afferendum.
1342 2151 1450 2182 Certe
1475 2160 1570 2183 mens

866 2202 984 2234 dolore
1001 2211 1119 2243 pressa
1131 2201 1220 2232 haud
1237 2202 1272 2232 in
1285 2202 1407 2232 multas
1420 2208 1479 2233 aut
1491 2211 1571 2232 acu-

867 2257 919 2283 tas
935 2252 1123 2284 sententias
1138 2250 1327 2284 effunditur
1335 2257 1371 2284 et
1381 2252 1571 2293 spatiatur:

867 2313 931 2334 nec
947 2307 1000 2334 tot
1015 2303 1145 2334 minuta
1160 2303 1323 2344 variaque
1339 2303 1500 2344 concipit,
1513 2312 1572 2334 ne·

869 2353 949 2385 dum
971 2354 1149 2393 eleganter
1164 2359 1199 2384 et
1218 2353 1354 2394 copiose
1378 2353 1572 2394 eloquatur.

868 2403 910 2435 In
931 2414 999 2445 quo
1023 2403 1149 2444 passim
1175 2403 1405 2434 hallucinatus
1432 2407 1486 2433 est
1510 2402 1571 2433 Se-

868 2463 955 2485 neca
979 2453 1159 2493 Tragicos,
1187 2453 1345 2484 Lucanus
1370 2453 1486 2490 etiam,
1505 2454 1570 2483 ἂρ.

867 2504 958 2535 Vide
974 2504 1048 2535 Cic.
1065 2504 1099 2534 in
1111 2504 1231 2542 Brute,
1247 2503 1304 2534 ubi
1318 2502 1481 2542 Gorgiam
1496 2501 1571 2531 red-

869 2553 996 2593 arguit.

911 2604 977 2633 448
1000 2602 1121 2633 Parum
1134 2602 1229 2633 claris
1250 2602 1347 2632 lucem
1369 2601 1444 2631 dare
1465 2600 1571 2641 coget]

869 2653 916 2684 Et
945 2655 1072 2682 memet
1103 2651 1180 2682 huic
1219 2651 1425 2682 documento
1459 2649 1572 2682 fateor

869 2701 1066 2733 obnoxium.
1112 2699 1245 2731 Auctor
1269 2700 1372 2740 Reip.
1389 2701 1569 2733 Literariae

872 2754 966 2784 1684.
977 2760 1069 2781 meas
1083 2750 1125 2781 ad
1137 2750 1340 2782 ‚Iuvenalem
1356 2751 1570 2782 annotatiun-

870 2802 963 2833 culas
987 2810 1179 2840 recensens,
1198 2803 1208 2820 ⁴
1221 2800 1292 2832 vir'
1315 2806 1410 2834 certe
1434 2806 1443 2820 ‘
1460 2802 1568 2834 bonus

868 2856 906 2884 et
932 2851 1107 2892 prudens,'
1131 2851 1370 2884 animadvertit
1395 2853 1567 2894 paululum
