1916 3262
386 268 496 310 1250

857 280 899 314 Q.
929 274 1133 306 nortun
1166 275 1336 306 Rumor

388 370 538 413 Clarus
559 372 615 412 ob
637 372 682 412 id
702 371 873 418 factum,
895 369 1017 409 donis
1037 373 1207 409 ornatur
1224 369 1414 410 honestis
1431 382 1442 419 3

385 437 565 489 Accipit
582 440 626 476 et
644 437 710 476 bis
731 435 841 474 dena
860 446 990 486 super
1008 433 1203 474 sestertia
1222 445 1448 474 nummum.

386 502 515 543 Forte
536 503 616 542 sub
637 502 717 542 hoc
736 506 907 552 tempus
926 499 1148 539 castellum
1170 502 1530 552 evertere-praetor

385 567 553 608 Nescio
574 566 688 620 quod
709 565 903 617 cupiens,
924 564 1083 605 hortari
1103 564 1242 616 coepit
1259 565 1441 605 eundem

1733 561 1789 605 35

385 632 558 681 Verbis,
580 645 677 685 quae
698 629 847 671 timido
869 642 1041 682 quoque
1061 633 1239 681 possent
1256 630 1410 670 addere
1429 633 1621 670 mentem.

385 697 424 746 I,
443 698 570 746 bone,
590 709 677 749 quo
698 697 832 737 virtus
853 700 927 736 tua
947 699 989 735 te
1011 699 1165 745 vocat3
1193 695 1209 735 i
1228 696 1337 748 pede
1356 695 1512 743 fausto,

386 763 580 804 Grandia
597 763 760 803 laturus
781 761 1021 802 meritorum
1041 760 1242 813 praemia:
1273 761 1375 813 quid
1394 766 1485 801 stas
1500 761 1519 800 ’ἱ

384 829 498 869 Post
515 827 610 867 haec
631 826 705 866 ille
724 829 862 875 catus,
881 825 1154 878 quantumvis
1172 825 1367 874 rusticus,
1388 825 1490 875 Ibit,

383 892 473 933 Ibit
493 905 545 932 eo
566 903 654 944 quo
676 891 756 939 vis,
775 892 849 943 qui
871 903 1022 930 zonam
1042 889 1241 942 perdidit,
1262 889 1412 943 inquit.

1733 887 1791 927 40

384 956 542 998 Romae
560 957 707 996 nutriri
726 956 829 996 mihi
848 955 1040 1008 contigit,
1062 959 1188 1007 atque
1207 954 1367 1003 doceri,

384 1021 527 1063 Iratus
546 1021 694 1062 Graiis
714 1025 917 1073 quantum
935 1021 1154 1061 nocuisset
1172 1019 1379 1060 Achilles.

383 1085 596 1139 Adjecere
615 1087 741 1126 bonae
762 1086 894 1138 paulo
913 1087 1013 1140 plus
1035 1087 1138 1127 artis
1159 1084 1369 1138 Athenae;

381 1219 453 1242 vero
467 1212 593 1250 facinus
604 1213 739 1254 pulchris
752 1213 925 1245 muneribus
937 1213 1086 1255 officitur;
1100 1214 1266 1254 accipitque
1277 1215 1434 1254 plusquam
1448 1211 1562 1251 viginti
1576 1210 1673 1242 millia
1685 1211 1794 1241 sester-

382 1252 460 1283 tium
473 1263 668 1284 nummorum·
713 1255 827 1285 Eodem
839 1254 941 1291 ferme
964 1260 1095 1295 tempore
1117 1257 1219 1287 volens
1239 1256 1404 1295 imperaror
1425 1255 1544 1286 diruere
1557 1256 1688 1284 castrum
1702 1250 1794 1298 43⁶⁰&-

382 1293 466 1330 dum,
479 1294 568 1332 coepit
583 1295 662 1325 hum:
676 1295 772 1333 ipsum
786 1295 914 1326 militem
927 1297 1086 1326 adhortari
1098 1297 1293 1334 sermonibus,
1302 1297 1354 1335 qui
1367 1297 1413 1326 tel
1426 1296 1536 1334 ignavo
1547 1296 1667 1334 possent
1680 1299 1794 1323 απιηιοο

382 1334 477 1364 dare:
499 1335 561 1370 lto,
580 1344 734 1372 generose.
751 1345 806 1374 quo
821 1339 852 1364 te
869 1339 923 1365 lua
937 1337 1037 1366 virtus
1051 1340 1158 1371 τοι-(ιη
1178 1346 1271 1375 perge
1284 1337 1428 1373 felicibus
1441 1336 1595 1375 auspiciis,
1609 1343 1721 1372 mag-nu
1739 1340 1794 1372 pro

374 1373 530 1411 sac-iendis
554 1384 676 1405 munem
701 1379 930 1406 consecuturus:
951 1385 1004 1406 cur
1024 1377 1170 1407 moraris?

1215 1377 1290 1406 Tum
1304 1377 1355 1406 ille
1369 1380 1487 1406 astutus
1505 1377 1564 1405 elsi
1583 1375 1714 1413 agrestis
1727 1373 1773 1403 nit
1782 1381 1794 1401 .·

389 1414 486 1446 vadat
501 1417 584 1453 illuc,
599 1417 687 1446 vadat
703 1426 758 1455 quo
773 1416 864 1453 J‘ubes
886 1417 940 1455 qui
961 1417 1069 1447 loculos
1083 1417 1230 1447 amiserit.
1277 1417 1344 1454 Ego
1358 1417 1462 1446 Romoe
1475 1418 1616 1447 educatus
1629 1419 1658 1446 et
1672 1416 1795 1445 edocens

382 1463 461 1497 sum,
475 1460 618 1497 quantum
632 1457 736 1488 damni
751 1457 871 1488 Graecis
884 1458 1036 1489 attulisset
1051 1458 1184 1489 Achilles
1197 1456 1339 1498 offensus.
1380 1457 1502 1489 Deinde
1515 1457 1650 1495 insignes
1663 1455 1793 1488 Athenae

975 1557 1150 1570 uuuuuu
1151 1558 1209 1569 m

381 1619 565 1660 berg.-32
576 1621 653 1653 Vnt.
664 1624 716 1652 10.
731 1621 768 1652 ob
782 1622 959 1659 hocsactus·
982 1622 1066 1652 Exc.
1075 1622 1153 1653 Sax.
1166 1627 1200 1653 et
1214 1621 1308 1654 Junt.
1321 1625 1415 1653 1503.
1430 1622 1465 1652 ob
1478 1622 1634 1659 idsactus.
1654 1619 1795 1659 Cuuing.

382 1661 504 1692 Sanad.
527 1667 563 1692 et
590 1663 731 1702 Dorigh.
753 1662 789 1692 ob
813 1664 845 1693 id
858 1663 954 1701 sacti.
996 1664 1075 1694 Vat.
1093 1664 1187 1693 Rom.
1203 1666 1234 1694 6.
1248 1673 1325 1695 arn.
1339 1673 1408 1694 sec.
1423 1664 1578 1694 Vallicel.
1596 1666 1625 1694 l.
1651 1669 1686 1693 et
1711 1663 1795 1693 Exc.

381 1703 460 1732 sax.
483 1704 618 1733 ornatus.
660 1704 739 1734 Vat.
754 1706 784 1733 2.
807 1713 826 1733 a
842 1713 884 1734 m.
910 1713 975 1735 sec.
990 1704 1070 1734 Vat.
1085 1705 1179 1734 Rom.
1195 1707 1226 1734 8.
1249 1705 1326 1735 Vat.
1342 1705 1450 1735 Palat.
1464 1708 1496 1735 4.
1517 1703 1670 1744 Angelic.
1685 1706 1715 1734 2.
1737 1703 1794 1733 alii

384 1742 487 1773 codd.
501 1752 556 1783 ap.
573 1744 688 1774 Lamb.
705 1745 814 1775 Pulm.
825 1745 981 1775 Tor-rent.
997 1750 1032 1774 et
1043 1745 1170 1775 Valart.
1191 1749 1318 1776 ornatur
1331 1745 1459 1782 opimisg
1475 1750 1510 1775 et
1526 1746 1573 1775 ita
1589 1749 1736 1775 notatum
1752 1753 1795 1774 ex

384 1783 461 1813 cod.
475 1784 507 1814 in
523 1793 629 1823 marg.
642 1785 720 1815 Ald.
737 1787 830 1816 1509.
847 1785 880 1815 iu
895 1785 1054 1816 Biblioun.
1069 1786 1246 1817 Barberin.
1261 1791 1295 1816 et
1311 1784 1389 1816 Ald.
1402 1788 1497 1816 1519.
1512 1786 1545 1816 in
1557 1785 1715 1816 Bibliotu.
1728 1784 1795 1814 An—

383 1825 484 1861 gelic.
524 1825 721 1856 Torrentius
738 1825 873 1858 refutat.
916 1825 1047 1856 Wakef.
1070 1835 1112 1856 ex
1139 1827 1333 1866 conjectura
1354 1829 1590 1857 oneratum—83
1609 1826 1734 1864 Accepit
1748 1825 1796 1855 bia

382 1865 463 1895 Vat.
479 1868 614 1897 10.—34
635 1867 860 1898 Schoenborn.
874 1869 905 1898 2.
924 1871 1041 1906 proetor
1053 1870 1246 1898 evena—35
1264 1868 1374 1899 Nescio
1389 1868 1459 1907 quid
1480 1867 1514 1898 iu
1535 1867 1650 1898 eodem
1676 1865 1796 1898 cod.—

382 1909 426 1937 36
446 1907 598 1938 vallicel.
614 1910 645 1938 3.
669 1908 796 1938 timidis.
839 1908 979 1947 Cuning.
1001 1909 1204 1939 mentia—3⁷
1223 1909 1326 1940 Obone
1340 1909 1516 1939 Barberiu.
1534 1912 1563 1940 1.
1577 1909 1703 1947 faustus
1717 1907 1795 1939 cui-

383 1948 596 1980 uian.5.-4o
617 1949 760 1990 Cuning.
783 1958 888 1981 zonam
900 1949 1046 1990 qui.-42
1068 1950 1175 1980 Iratus
1199 1950 1321 1981 Priscis
1345 1950 1445 1982 Zach.
1472 1950 1696 1982 Pence-43
1719 1949 1795 1981 Chi-

1021 2031 1163 2063 NOTAE

384 2092 566 2131 civitatem,
579 2102 654 2133 quae
669 2092 754 2124 bene
770 2093 898 2124 munita
912 2092 1064 2132 Tigranis

385 2149 465 2181 opes
480 2140 650 2172 servabat.
673 2141 751 2172 Dio.

427 2191 468 2220 ³2
490 2188 593 2220 Donis
605 2189 755 2229 honestis]
768 2190 887 2223 Qualia
899 2195 976 2223 sunt
985 2193 1064 2234 pha·

384 2238 478 2276 lerae,
491 2242 640 2278 torques,
652 2248 794 2270 coronoe.

427 2289 468 2317 40
490 2286 621 2325 Zonam]
654 2286 862 2318 Castrensem
875 2297 1064 2319 crumenam

386 2338 420 2366 et
447 2335 634 2375 pecuniam,
660 2345 755 2375 quam
778 2336 900 2367 milites
926 2338 959 2367 in
983 2347 1066 2369 zona

384 2388 522 2424 portare
530 2389 782 2415 consueverant.
791 2385 948 2425 Evangel.
956 2387 1063 2418 Marc.

386 2442 461 2473 cap.
476 2435 507 2464 6.
542 2433 631 2464 Geli.
648 2442 710 2464 xv.
732 2436 782 2464 12.
803 2434 851 2464 sic
865 2434 1010 2475 loquitur
1025 2435 1065 2467 C.

387 2481 582 2513 Gracchus:
617 2481 627 2501 ‘
645 2482 727 2513 Cum
758 2482 862 2513 Roma
895 2482 1066 2522 profectus

387 2529 640 2570 sum‚Quirites,
648 2539 757 2570 zonas,
768 2540 848 2571 quas
857 2531 986 2570 argenti
998 2532 1066 2571 ple-

387 2586 447 2608 nas
469 2579 587 2615 extuli,
612 2587 669 2610 eas
691 2587 734 2610 ex
760 2579 930 2620 provincia
951 2579 1065 2612 inanes

387 2625 514 2658 retuli!

429 2675 599 2754 gltzomae
613 2677 729 2711 nutriri
739 2678 813 2710 mihi
822 2677 967 2722 contigit]
987 2678 1065 2713 vid.

390 2727 415 2754 ¹·
454 2730 473 2753 8
490 2744 498 2754 .
532 2744 541 2754 .

1156 2095 1197 2124 42
1221 2093 1327 2125 Iratus
1352 2094 1461 2126 Graiis
1482 2097 1639 2135 quantum,
1651 2095 1721 2137 ξι]
1748 2096 1791 2127 Id

1116 2146 1181 2181 est,
1207 2142 1310 2174 didici
1332 2143 1471 2174 Homeri
1493 2143 1644 2183 Iliadem,
1668 2145 1702 2176 in
1726 2155 1793 2186 qua

1115 2189 1263 2221 refertur
1290 2189 1436 2222 Achilles
1471 2191 1513 2222 ob
1549 2197 1698 2232 ereptam
1731 2194 1792 2224 sibi

1117 2238 1300 2270 Briseidem
1316 2239 1420 2270 iratus
1437 2239 1614 2271 secessisse
1630 2250 1650 2271 n
1664 2242 1792 2282 reliquo

1117 2288 1291 2319 exercitu:
1321 2293 1421 2329 atque
1456 2289 1505 2319 ita
1533 2289 1663 2320 Graecis
1691 2291 1794 2329 pluri-

1117 2345 1205 2367 mum
1226 2337 1387 2368 nocuisse.
1429 2338 1516 2368 Vide
1538 2346 1562 2368 1.
1585 2337 1652 2369 Od.
1677 2341 1728 2370 15.
1750 2339 1793 2369 ad

1116 2384 1227 2415 finem.
1257 2385 1365 2416 Porro
1379 2385 1562 2417 studiorum
1572 2387 1648 2417 olim
1662 2386 1793 2417 initium

1117 2432 1286 2464 ducebant
1308 2434 1402 2473 pueri
1424 2434 1466 2465 ab
1488 2434 1629 2466 Homeri
1648 2431 1792 2468 Achille.

1117 2481 1214 2513 Unde
1235 2483 1444 2522 proverbium
1462 2483 1504 2514 de
1518 2483 1592 2515 rudi
1609 2488 1644 2515 et
1656 2480 1792 2515 illiteru'-

1115 2534 1170 2561 to:
1207 2531 1218 2549 ⁶
1235 2531 1288 2562 Ne
1316 2531 1439 2564 iratum
1467 2531 1600 2574 quidem
1628 2531 1792 2564 Achillem

1116 2579 1233 2611 novit!
1501 2594 1517 2603 ο

1157 2632 1199 2661 43
1219 2629 1363 2670 Adjecere
1387 2629 1481 2665 bonet,
1501 2629 1569 2670 qm]
1600 2628 1687 2661 Dein
1701 2627 1788 2668 apud

1116 2677 1264 2710 Athenas
1292 2678 1514 2718 Philosophiae
1543 2686 1676 2720 opernm
1700 2675 1788 2708 dedi.

1115 2729 1170 2761 De
1186 2726 1326 2760 Athenis
1340 2736 1382 2760 11.
1397 2728 1466 2759 Sat.
1478 2729 1510 2759 7.
