1982 3230
432 282 541 326 1172
901 296 943 333 Q.
974 293 1179 324 HORA‘rn
1211 293 1381 324 rhAcci

432 387 514 428 Vir
532 388 668 427 bonus
687 391 730 427 et
750 387 921 439 sapiens
942 386 1118 426 audebit
1136 386 1302 437 dicere3
1332 385 1543 434 Pentheu,

432 452 599 493 Rector
617 453 874 502 Thebarum,
894 452 999 504 quid
1019 465 1086 491 me
1107 451 1290 503 perferre
1308 453 1485 504 patique

431 518 658 570 Indignum
679 519 836 570 coges?
881 516 916 566 ἾῙ
937 516 1138 558 Adimam
1162 518 1286 558 bona.
1329 517 1365 565 ἹῘ
1391 517 1562 569 Nempe
1582 529 1728 569 pecus,
1746 529 1849 568 rem,

431 584 609 632 Lectos,
630 589 873 635 argentum:
904 584 1032 624 tollas
1052 583 1167 623 licet.
1224 582 1260 631 ἹῙ
1282 583 1333 623 In
1353 583 1533 624 manicis
1554 587 1598 623 et
1791 584 1848 624 76

431 647 727 702 Compedibus
747 662 866 690 saevo
885 655 928 690 te
947 650 1028 689 sub
1047 649 1227 690 custode
1245 650 1415 690 tenebo.

431 715 467 763 ῚῘ
489 716 592 768 Ipse
614 715 749 764 Deus,
768 707 897 756 s'imul
917 721 1046 768 atque
1065 716 1224 764 volam,
1244 728 1313 756 me
1333 716 1484 756 solvet.
1540 714 1576 763 ἾῙ
1598 714 1779 767 Opinor‚

430 845 457 872 et
473 843 596 874 obsonia
609 844 765 875 convehat.
805 845 938 876 Tandem
952 845 1001 876 vir
1019 845 1130 885 probus
1143 849 1173 876 et
1188 846 1308 886 sapiens
1322 855 1380 876 non
1394 846 1545 883 verebitur
1558 845 1604 875 ita
1618 845 1720 884 loqui:
1734 854 1751 874 ο
1767 844 1852 874 Pen-

431 884 516 922 theu,
529 894 584 915 rex
601 885 782 926 Thebarum,
795 887 867 926 quid
883 897 928 918 me
941 887 1048 926 adiges
1063 889 1221 918 innoxium
1235 888 1384 919 sustinere
1403 898 1438 918 ac
1453 887 1573 918 subire?
1599 885 1694 916 Bonis
1707 885 1850 924 spoliabo.

431 925 591 956 Nimirum
612 928 732 965 auferes
749 937 872 966 greges,
885 929 1111 968 supellectilem,
1124 929 1280 968 pecuniam
1292 940 1302 960 .·
1321 929 1420 966 ausa,
1440 932 1537 968 potes.
1578 927 1723 958 Blanibus
1743 937 1778 958 uc
1798 936 1850 966 pe·

430 966 517 998 dibus
529 968 664 999 vinctum
678 972 708 999 te
723 970 856 1001 retinebo
869 970 926 1001 sub
939 971 1062 1002 custode
1076 971 1250 1002 soevissimo.
1294 971 1364 1011 Ipse
1379 970 1467 1002 Deus
1487 969 1629 1000 liberabit
1642 979 1700 1009 me,
1713 969 1766 999 ubi
1785 968 1850 1008 pri-

1021 1073 1257 1085 eeeeeeeeeee

430 1145 519 1183 apud
536 1145 628 1175 Serv.
645 1146 687 1176 ad
704 1146 798 1185 Virg.
815 1147 836 1178 Ι.
853 1156 882 1177 c.
905 1148 915 1165 ‘
931 1148 1036 1178 Uxori
1058 1148 1170 1187 legata
1186 1147 1314 1187 penus!
1357 1146 1544 1178 Adhibetur
1559 1145 1660 1176 etiam
1682 1154 1787 1184 penu-5,
1800 1153 1852 1184 pe·

430 1187 515 1216 noris
530 1186 572 1216 ab
586 1187 658 1216 aliis
671 1187 927 1219 Jurisconsultis
941 1189 1176 1227 posterioribus
1193 1190 1226 1219 iu
1242 1189 1344 1219 citato
1355 1189 1453 1219 titulo
1467 1198 1476 1226 ;
1497 1194 1531 1218 et
1545 1187 1591 1217 ita
1603 1186 1646 1218 ab
1657 1187 1728 1216 anis
1738 1186 1853 1224 Scrip-

431 1227 572 1266 toribus‚
588 1232 624 1258 ut
646 1232 741 1258 notat
767 1228 809 1259 ibi
827 1228 868 1260 A.
894 1229 1039 1268 Genius,
1069 1234 1104 1260 et
1126 1230 1290 1261 Priscian.
1314 1230 1370 1260 iib.
1386 1238 1436 1260 vl.
1460 1228 1547 1268 apud
1573 1229 1710 1259 Putsch.
1731 1236 1763 1258 c.
1778 1229 1853 1258 ⁷18.

430 1274 519 1300 teste
537 1269 681 1307 Donato,
695 1274 731 1300 et
746 1270 857 1308 Capro
873 1281 881 1301 ε
903 1271 962 1300 sed
981 1271 1064 1302 bene
1081 1271 1174 1301 addit
1193 1271 1338 1302 Nonius:
1361 1274 1369 1288 ‘
1385 1271 1515 1302 Neutro
1538 1270 1638 1300 etiam
1663 1269 1784 1300 lectum
1801 1274 1854 1299 est

430 1310 521 1350 apud
538 1310 709 1348 plurimos,
726 1320 865 1349 quorum
882 1312 1065 1342 auctoritas
1082 1321 1147 1341 non
1170 1311 1359 1350 probatur!
1403 1311 1594 1341 Mascuiino
1613 1310 1715 1342 etiarn
1729 1319 1853 1350 genere

431 1351 638 1382 enuntiatam
666 1360 792 1389 vocem,
807 1357 962 1383 asserunt
987 1353 1138 1391 pra-dicti
1155 1352 1297 1391 Gellius,
1311 1351 1454 1388 Nonius,
1469 1357 1506 1382 et
1520 1351 1733 1389 Priscianns3
1756 1355 1791 1382 et
1805 1351 1854 1382 ita

429 1393 573 1424 Plautus
589 1393 622 1422 in
638 1392 760 1423 Pseud.
778 1402 801 1424 1.
815 1397 847 1424 2.
859 1395 912 1424 45.
935 1395 943 1410 ‘
962 1393 1036 1425 Nisi
1053 1393 1130 1424 mihi
1147 1403 1273 1424 armuus
1291 1402 1397 1433 penus
1420 1391 1544 1423 datur!
1585 1391 1653 1423 Sed
1668 1393 1739 1423 sive
1755 1393 1854 1433 virili,

429 1435 500 1466 sive
517 1433 687 1465 foeminino
699 1444 822 1474 genere
840 1435 1047 1474 accipiatur3
1069 1435 1261 1466 terminatio
1277 1434 1365 1474 apud
1383 1434 1561 1466 Horatium
1572 1443 1683 1474 penum
1696 1433 1774 1470 erit,
1785 1443 1853 1465 non

426 1485 534 1516 penus,
550 1475 591 1506 ad
615 1477 768 1507 meliores
788 1477 861 1516 ejus
878 1477 940 1507 aevi
962 1477 1166 1517 Scriptores,
1180 1483 1216 1507 et
1231 1476 1271 1507 ad
1285 1476 1460 1512 Lucilium,
1475 1485 1572 1516 quem
1614 1485 1658 1506 rae
1674 1475 1779 1506 oculis
1791 1485 1853 1507 εω-

430 1519 566 1558 pissime
582 1517 710 1556 habuit,
726 1523 857 1549 exacta.
903 1519 975 1550 Nec
996 1518 1080 1550 facit
1101 1519 1189 1559 quod
1207 1519 1342 1549 Servius
1355 1527 1504 1558 penusque
1526 1517 1571 1548 ibi
1600 1517 1727 1556 egerin
1751 1521 1786 1548 et
1808 1517 1854 1548 Ιο-

430 1569 505 1591 eum
522 1558 641 1590 afferat
653 1559 694 1590 ad
711 1560 918 1600 probandum
936 1565 1087 1592 neutrum
1103 1570 1220 1599 genus.
1265 1560 1304 1591 ld
1322 1569 1420 1590 unum
1432 1559 1651 1599 ·probat,jarn
1665 1562 1734 1590 tum
1747 1558 1851 1590 varia-

431 1606 498 1632 tam
514 1600 617 1631 fnisse
646 1601 843 1639 lectionem
869 1607 904 1633 ut
921 1603 1042 1642 passim
1058 1602 1205 1632 occurrit
1229 1601 1318 1642 apud
1338 1601 1526 1636 Horatium,
1542 1601 1712 1641 aliosque-⁹
1734 1599 1853 1632 Feci.—

429 1645 471 1674 ‘13
500 1643 559 1674 Vir
573 1642 601 1674 b.
618 1652 654 1673 ac
668 1643 787 1683 sapiens
802 1643 1031 1683 Cuning.—74
1054 1644 1133 1674 Vat.
1158 1647 1207 1674 19.
1225 1648 1260 1674 et
1282 1642 1455 1674 Barberin.
1470 1645 1501 1673 2.
1514 1643 1587 1682 quid
1601 1652 1648 1673 me
1660 1642 1853 1682 proferre.—

430 1687 470 1715 75
494 1684 573 1715 Vat.
589 1687 620 1715 2.
638 1694 658 1715 a
672 1694 715 1715 m.
728 1694 794 1715 sec.
839 1685 1007 1724 Indignum
1021 1686 1200 1724 cogis.—⁷6
1223 1685 1262 1715 In
1274 1685 1399 1715 neaniai-e
1409 1685 1454 1714 sis
1465 1684 1690 1715 Schoenborn.
1705 1686 1737 1714 3.
1779 1683 1853 1714 Μα-

430 1726 566 1765 nicisque
587 1725 683 1757 Harl.
698 1729 730 1757 6.
774 1727 818 1757 Et
832 1727 962 1758 manicis
987 1727 1123 1758 Mediol.
1145 1729 1238 1757 1476.
1259 1727 1397 1756 Venett.
1416 1728 1509 1757 1481.
1526 1727 1619 1756 1486.
1635 1727 1728 1756 1490.
1747 1724 1853 1756 Junta

431 1770 526 1798 1503.
549 1772 584 1797 et
622 1767 775 1799 Britann.
805 1771 897 1799 1520.
940 1768 980 1799 In
1005 1768 1134 1799 manicis
1158 1771 1188 1798 te
1204 1768 1283 1798 Vat.
1305 1769 1420 1798 7.--78
1441 1767 1668 1799 Schoeuborn.
1691 1769 1724 1798 3.
1745 1766 1852 1801 volem.

1075 1873 1217 1905 NOTAE

472 1946 490 1974 7
495 1947 512 1975 3
541 1944 597 1975 Vir
611 1945 703 1975 bonus
717 1949 748 1976 et
759 1946 896 1985 sapiens]
924 1947 984 1977 vir
1000 1955 1117 1986 reapse

434 1992 539 2023 bonus
559 1997 593 2023 et
618 1993 750 2033 sapiens
767 1994 903 2025 fortiter
926 2005 1017 2026 suam
1045 2001 1116 2026 tue-

1170 1946 1271 1984 disse,
1286 1945 1313 1975 si
1329 1945 1403 1985 quis
1419 1954 1521 1984 pecus
1538 1949 1594 1975 aut
1611 1943 1855 1983 supellectilem

1170 1993 1343 2025 amiserit.’

433 2046 487 2072 tur
501 2040 692 2072 libertatem
709 2042 796 2074 inter
811 2044 883 2084 ipsa
899 2054 1032 2086 quoque
1047 2046 1116 2075 viu·

433 2091 520 2120 cula.

476 2140 617 2170 Penthea
645 2140 760 2171 Rector
785 2141 891 2182 Theb]
936 2143 1116 2183 Dialogum

433 2188 580 2220 instituit
602 2188 719 2228 Poe‘ta,
748 2190 894 2221 imitatus
922 2192 1116 2231 Euripidem

433 2238 467 2269 in
485 2237 642 2277 Bacchis,
657 2238 712 2269 ubi
734 2238 905 2270 inducitur
921 2240 1078 2271 Bacchus
1098 2250 1117 2271 a

433 2288 587 2318 Pentheo
604 2287 722 2325 ligatus
737 2287 944 2319 nihiiominus
959 2289 1119 2320 audacter

434 2338 537 2378 loqui,
553 2342 586 2368 et
603 2339 769 2368 constanti
783 2338 892 2370 animo
909 2339 1052 2370 Penthei
1069 2348 1120 2369 re-

435 2387 487 2427 gis
509 2386 613 2417 minas
635 2392 670 2417 et
694 2387 824 2418 vincula
836 2397 1009 2427 spernere.
1052 2388 1119 2419 Hic

434 2436 610 2467 adumbrat
639 2437 798 2468 Horatius
827 2438 932 2468 virum
963 2447 1041 2469 vere
1071 2447 1120 2468 sa-

435 2487 594 2526 pientem,
609 2495 706 2526 quem
728 2496 792 2518 nec
815 2492 922 2519 metus
939 2491 998 2518 aut
1011 2487 1120 2526 minae,

435 2544 498 2564 nec
514 2543 630 2565 carcer
645 2539 702 2566 aut
719 2536 785 2566 ulla
801 2537 848 2566 vis
862 2545 994 2566 servum
1010 2534 1119 2566 effice-

436 2592 485 2620 re,
501 2588 558 2613 aut
576 2593 595 2614 a
611 2583 743 2615 virtutis
759 2585 863 2624 gradu
879 2586 989 2616 valent
1005 2585 1120 2624 depe!-

434 2632 516 2668 lere.
560 2633 615 2664 De
640 2633 794 2665 Pentheo
821 2643 861 2666 ιι.
882 2635 949 2666 Od.
967 2636 1019 2665 19.
1062 2634 1117 2665 De

435 2679 559 2710 Thebis
573 2689 612 2710 n.
626 2681 696 2712 Sat.
714 2685 744 2713 5.

479 2730 519 2758 ⁷5
543 2726 687 2758 Adimam
715 2726 804 2771 bonu]
838 2731 910 2763 Cic.
940 2730 1062 2762 Pau-ad.
1093 2739 1117 2762 1.

437 2781 445 2794 ‘
465 2776 537 2811 Nec
564 2787 636 2808 eum
667 2788 728 2818 ego
753 2779 859 2811 dicam
890 2781 975 2813 bona
1009 2782 1116 2821 perdi·

1210 2047 1251 2074 78
1274 2044 1344 2084 Ipse
1365 2042 1464 2082 Deus]
1494 2043 1654 2074 Exsoivet
1680 2051 1732 2074 me
1756 2047 1853 2082 pater

1169 2103 1262 2124 meus
1271 2093 1416 2134 Jupiter,
1426 2092 1534 2133 inquit
1549 2092 1702 2122 Bacchus
1713 2091 1754 2123 ad
1765 2091 1853 2123 Pen-

1170 2144 1294 2180 theum,
1316 2141 1404 2183 apud
1430 2142 1524 2172 citat.
1549 2141 1701 2181 Euripid.
1729 2141 1854 2172 Bacch.

1170 2191 1248 2224 Act.
1264 2200 1302 2222 ιι.

1215 2240 1335 2280 Opinon·
1351 2239 1421 2270 Hoc
1434 2239 1542 2279 xentit]
1567 2238 1652 2270 Haec
1671 2237 1851 2269 Hor-uuo:

1171 2290 1280 2323 Credo
1292 2290 1477 2330 sapientem
1490 2289 1536 2320 ita
1549 2297 1662 2319 secum
1677 2293 1852 2328 reputare:

1170 2340 1260 2373 Quid
1284 2349 1384 2380 grave
1408 2339 1544 2370 tandem
1566 2348 1604 2370 ac
1627 2338 1748 2370 durum
1774 2338 1852 2369 mihi

1170 2395 1284 2431 potest
1299 2389 1454 2420 accidere
1473 2389 1559 2430 quod
1581 2388 1750 2419 metuam?
1774 2388 1854 2428 quid

1169 2448 1222 2470 rue
1234 2438 1387 2477 subigere
1399 2442 1434 2468 et
1444 2438 1579 2468 vincere
1593 2437 1725 2468 valeat?
1741 2436 1852 2468 Enim-

1169 2497 1246 2518 vero
1261 2487 1526 2528 quibuscumque
1551 2486 1705 2516 aerumnin
1727 2494 1780 2516 me
1795 2494 1853 2516 ex·

1170 2538 1278 2568 solvet
1304 2546 1391 2567 mors
1421 2536 1568 2575 tandem,
1597 2544 1684 2566 mors
1717 2534 1852 2575 inquam

1171 2586 1270 2616 rebus
1299 2585 1448 2616 omnibus
1474 2585 1568 2616 brevi
1595 2583 1694 2614 finem
1718 2583 1852 2623 imposi-

1170 2639 1257 2665 tura.
1304 2634 1400 2664 Adde
1424 2633 1511 2674 qnod
1533 2641 1655 2672 corpus
1677 2637 1729 2663 est
1751 2632 1852 2662 animi

1171 2691 1306 2714 carcer:
1330 2691 1407 2721 ergo
1423 2682 1516 2712 velut
1535 2690 1554 2711 e
1577 2689 1714 2711 carcere
1729 2678 1852 2710 iibera-

1171 2737 1226 2764 tur
1247 2732 1384 2768 animus,
1397 2729 1527 2771 quando
1545 2739 1604 2770 per
1622 2735 1760 2761 mortem
1776 2738 1851 2760 cor-

1172 2790 1252 2822 pore
1268 2780 1417 2811 solvitur.
