1916 3262
517 310 726 344 nonAru
758 310 1029 342 οΑΒΜιΝυΜ
1065 311 1171 343 mn..
1193 312 1223 343 1.
1253 303 1324 344 34.

234 408 273 439 14
300 406 403 438 Grata
415 405 569 447 compede]
593 405 670 436 Hoc
692 408 757 443 est,
772 404 885 445 splen-

189 455 267 487 dida
297 456 450 498 quidem,
479 454 539 488 sed
573 455 677 486 stulta
706 454 884 486 servitute.

186 505 292 537 Stulti
319 506 407 537 enim
431 511 498 546 est,
519 508 556 536 ut
571 504 619 535 ait
635 504 780 543 Seneca,
795 514 885 535 com-

187 555 295 595 pedes
310 565 400 595 suas,
422 554 574 597 quamvis
603 563 735 593 aureas,
761 563 886 586 amare.

187 605 355 647 Loquitur
369 606 411 636 de
434 603 720 648 uxore-formosa.
748 604 888 645 Figulin-

191 655 311 696 Gmca]
334 656 444 688 Grata
466 655 633 687 servitute
650 665 702 686 me
721 655 886 689 devinxit.

186 705 344 746 Myrtale]
380 706 510 737 Nomen
536 705 748 737 coucubiuae.
794 706 886 747 Myr-

186 756 249 786 tale
277 755 438 796 libertina]
462 755 531 787 Pro
557 755 680 786 liberta
705 756 804 795 dixit,
821 756 886 788 hoc

185 808 250 843 est,
266 814 340 846 qnae
357 814 398 836 ex
416 805 582 837 servitute
599 806 707 837 libera
722 805 816 837 facta
831 807 886 839 sit.

184 853 292 886 Grata
307 860 421 886 autem
445 866 465 887 a
480 857 633 896 Myrtale
659 858 826 897 compede
851 868 886 889 se

183 904 360 936 detentum
372 905 467 943 dicit,
477 902 565 948 q'uod
577 907 723 938 servitus
737 908 809 946 illa,
820 918 887 948 qua

183 954 243 985 tali
259 954 405 986 dominae
421 956 561 992 serviat,
574 956 638 997 ipsi
654 966 718 987 non
731 957 886 998 injucun-

184 1003 228 1035 da
245 1004 302 1036 sit.
328 1005 470 1037 Torrent-

228 1057 267 1086 1⁵
291 1055 420 1096 Acrior]
444 1055 574 1088 Amicae
597 1056 802 1088 dominantis
825 1056 886 1087 im-

186 1106 373 1145 potentiam
391 1116 467 1137 cnm
484 1107 587 1138 maris
605 1107 737 1138 saevitia
753 1117 886 1148 compa-

185 1157 250 1185 rat.
284 1154 456 1186 Cumanus
469 1156 572 1196 sinus]
591 1157 638 1187 130
651 1157 750 1187 maris
764 1162 885 1188 aestum

185 1204 349 1242 ostendit,
379 1215 455 1237 curn
479 1206 514 1237 iu
542 1211 666 1238 terram
696 1214 886 1247 receptum,

185 1253 279 1285 sinus
303 1260 490 1297 portusque
515 1256 631 1288 efficit.
657 1257 798 1288 Torrent.
841 1257 887 1288 A·

183 1303 283 1344 crior]
314 1305 516 1336 Iracundior
544 1305 641 1337 fretis
666 1305 804 1338 Adrioe:
831 1307 886 1338 vei

185 1354 297 1394 potins
314 1354 432 1386 durior
448 1358 484 1385 et
500 1355 701 1394 protervior.

229 1406 270 1434 10
293 1404 481 1444 curvantis]
498 1403 597 1437 Quod
611 1405 803 1436 Calabriam
818 1416 887 1437 am·

183 1453 246 1492 bit,
261 1453 328 1489 vei.
345 1454 435 1494 quod
452 1463 527 1484 sese
548 1454 581 1484 in
597 1454 790 1486 Calabriam
809 1457 887 1487 insi-

183 1508 276 1536 nuat.
322 1503 399 1535 Hoc
422 1513 555 1545 quoque
581 1504 680 1535 nitaris
696 1510 816 1536 oestum
833 1516 886 1538 os-

183 1553 309 1594 tendit,
324 1563 400 1585 cum
414 1554 448 1585 in
464 1559 590 1585 terram
603 1559 779 1595 receptum
793 1556 886 1588 sinus

182 1602 299 1635 efficit.
342 1603 522 1644 [Pul-mutis
541 1604 579 1634 C·
601 1604 690 1636 sinus
714 1606 831 1637 Benti.
851 1607 885 1638 in

183 1654 282 1685 Curis
296 1654 429 1695 Postr.]

184 1704 269 1737 Ome
297 1714 432 1738 xxxrv.
454 1705 660 1743 Διαστυλική.
704 1706 761 1738 An
776 1717 816 1739 se
833 1717 886 1739 ip·

226 1763 312 1788 sun.
358 1756 467 1787 Quem
481 1756 638 1795 poenitet,
652 1756 742 1797 quod
761 1757 887 1797 Epicu-

227 1814 304 1837 reos
319 1810 498 1847 sequutus,
512 1816 630 1847 parum
642 1807 792 1838 studiose
805 1808 887 1839 deos

226 1855 387 1886 coluerit.

226 1908 244 1936 1
284 1905 423 1945 Parcus]
456 1905 680 1947 Frequenter,
703 1906 712 1922 ‘
726 1906 889 1947 parcere'

185 1955 275 1997 apud
303 1961 453 1994 veteres,
479 1965 541 1997 pro
569 1957 704 1988 omnino
727 1957 830 1998 nolle,
847 1967 888 1989 ac

186 2006 322 2047 penitus
339 2006 511 2037 abstinere
525 2007 717 2047 accipitur:
734 2012 772 2039 ut
787 2009 797 2026 ‘
810 2017 887 2048 par-

183 2056 231 2087 cit
247 2055 439 2087 diffundere
455 2055 593 2086 vinnm!
637 2057 735 2097 Virg.
753 2059 762 2074 ‘
776 2057 887 2088 Parce

184 2105 258 2146 pias
273 2106 444 2136 scelerare
461 2105 603 2136 manus.’
627 2106 780 2137 Tam-ena
803 2107 888 2137 Par-

181 2155 251 2196 cus]
273 2155 422 2186 Tardus.
457 2154 655 2196 Insa-aqueus]
678 2156 802 2196 Rarus,
818 2166 886 2188 non

185 2211 353 2244 assuetus,
369 2206 533 2237 insolens.

225 2258 246 2287 3
286 2255 467 2296 consultus]
498 2256 677 2288 Vocabant
711 2259 884 2289 consultum

183 2305 292 2337 virum
318 2305 456 2344 bouum,
476 2315 516 2337 ac
533 2306 621 2347 juris
650 2306 775 2347 publici
794 2309 884 2348 peri-

183 2360 267 2391 tum,
283 2356 339 2397 qui
355 2355 486 2386 consilii
503 2365 622 2387 caussa
637 2356 680 2388 ab
696 2357 884 2398 imperitio-

183 2404 278 2436 ribus
319 2404 486 2437 adibatur.
530 2406 729 2448 Plerunque
769 2411 884 2439 tamen

186 2453 359 2485 addebant
385 2453 432 2490 id,
452 2455 547 2495 cujus
571 2455 728 2495 peritiam
746 2456 885 2496 profite-

185 2503 334 2534 bantur:
351 2508 495 2536 venuste
512 2513 593 2536 vero
608 2505 662 2536 hic
678 2516 740 2547 pro
758 2507 886 2547 Epicu·

186 2562 246 2584 reo
262 2553 409 2594 ponitur.
426 2553 571 2585 Torrent.
598 2555 776 2596 Considius]
793 2557 886 2587 Dum

186 2612 266 2634 erro
280 2602 468 2642 consultus,
491 2603 555 2634 hoc
571 2607 636 2643 est,
652 2605 782 2644 peritus
804 2606 887 2646 Epi-

186 2661 300 2685 cureae
312 2652 492 2693 sapientiae
506 2662 514 2682 ε
529 2661 606 2693 quae
619 2654 721 2685 docet
733 2659 887 2686 contem-

186 2711 269 2734 nere
285 2711 400 2734 omnes
417 2701 609 2742 religiones.
655 2703 765 2744 Nunc]
789 2705 888 2737 Nunc

187 2756 320 2784 mutare
342 2751 515 2783 consilium
538 2761 651 2792 cogor.
696 2753 851 2794 Metaph.
868 2764 888 2786 a

187 2803 300 2834 nautis
312 2802 429 2841 ducta,
442 2802 510 2843 qui,
522 2811 625 2844 quum
642 2802 888 2845 aberraverint,

187 2858 278 2884 retro
293 2851 466 2892 navigant.

1524 306 1543 347 1
1551 307 1639 349 387

978 406 998 435 4
1021 404 1127 446 Atque
1155 405 1272 437 iterare
1298 405 1420 445 cursus]
1444 405 1558 448 Atque
1588 419 1642 440 re.

937 462 1088 490 currere,
1104 459 1140 486 et
1162 455 1283 486 eadem
1301 454 1415 487 redire
1433 456 1498 495 via,
1517 456 1639 489 fortas-

935 513 973 535 se
988 503 1031 535 ab
1045 503 1224 545 Epicureis
1240 505 1281 536 ad
1293 505 1444 537 Stoicam
1460 505 1640 546 professio-

935 562 1025 585 nem.

979 608 998 635 5
1023 603 1201 645 Diespiter]
1224 604 1365 646 Jupiter
1388 603 1471 644 diei,
1493 607 1530 636 et
1552 604 1639 635 lucis

937 659 1047 695 pater.

977 707 999 736 6
1035 703 1130 745 Igne]
1162 704 1318 736 Fulmine
1355 704 1462 736 nubes
1496 704 1639 736 disrum-

937 764 1032 796 pens.

978 807 998 836 7
1021 805 1209 845 Plerumque
1236 815 1292 846 per
1319 805 1447 845 purum]
1470 805 1522 836 Ex
1545 805 1639 846 vulgi

936 854 1097 895 opinione
1127 855 1202 886 liaec
1233 864 1253 886 a
1284 853 1396 886 Poeta
1424 854 1519 886 dicta
1550 859 1640 885 sunt.

936 904 1016 936 Non
1033 905 1122 936 enim
1150 905 1217 936 alia
1243 914 1287 936 ex
1309 914 1429 935 caussa
1446 904 1533 936 coelo
1549 914 1640 935 sere-

935 963 982 986 no
1012 958 1122 993 tonat,
1145 964 1244 995 quam
1273 954 1399 989 nubilo,
1416 963 1540 994 nempe
1560 953 1640 985 aere

936 1004 1024 1036 inter
1039 1014 1076 1035 se
1093 1004 1209 1036 coiliso
1223 1015 1231 1036 :
1245 1005 1324 1046 quia
1339 1009 1452 1035 tamen
1470 1003 1504 1035 id
1521 1004 1642 1043 rarius,

935 1064 999 1087 nec
1015 1065 1120 1087 causa
1135 1066 1232 1097 a‘que
1249 1055 1399 1096 cognita,
1416 1055 1494 1086 ideo
1516 1059 1552 1086 et
1572 1055 1640 1095 sig-

935 1104 1131 1136 nificantius
1148 1105 1313 1144 creditur,
1327 1110 1362 1136 et
1378 1105 1467 1136 inter
1484 1106 1640 1146 prodigia

938 1155 1086 1186 omnium
1116 1155 1274 1194 opinione
1302 1155 1452 1195 gentium
1476 1153 1639 1186 refertur.

940 1205 1083 1236 Tor-rent.
1127 1204 1278 1236 Turneb.
1295 1213 1348 1236 lx,
1370 1206 1403 1235 9.
1419 1209 1456 1235 et
1473 1207 1526 1236 13.
1544 1213 1640 1236 xxu.

937 1258 990 1287 20.
1018 1264 1124 1287 xx1v.
1148 1258 1202 1286 31.
1225 1258 1290 1287 &m
1333 1255 1401 1287 Per
1419 1255 1548 1296 purum]
1570 1256 1642 1287 Per

937 1305 1028 1340 ae'ra.
1059 1306 1112 1337 vei
1139 1306 1260 1337 coelum
1292 1314 1472 1336 serenum:
1500 1304 1642 1338 fulmina

936 1365 1022 1396 puro
1045 1356 1132 1386 coelo
1156 1355 1251 1386 facta
1274 1354 1485 1394 portendunt
1500 1355 1642 1386 homini-

936 1404 998 1435 bus
1025 1404 1158 1435 tristia:
1187 1403 1299 1435 Poeta
1323 1404 1440 1444 igitur,
1465 1414 1531 1435 uon
1555 1414 1641 1436 vano

938 1455 1088 1486 Deorum
1106 1459 1199 1485 metu
1214 1454 1430 1494 perterritus,
1446 1455 1628 1496 resipiscit.

980 1506 1000 1534 8
1020 1504 1099 1543 Egit
1109 1505 1214 1545 equos]
1227 1504 1362 1535 Tonuit.
1389 1504 1538 1544 Currum]
1553 1505 1641 1536 Vide

936 1562 1050 1594 supra,
1066 1553 1136 1586 Od.
1155 1556 1206 1586 12.
1219 1564 1267 1586 νε.
1284 1558 1338 1587 58.

979 1606 1000 1634 9
1023 1604 1092 1639 Quo
1115 1604 1206 1635 bruto
1235 1605 1340 1647 tellus]
1364 1605 1443 1637 Non
1472 1605 1559 1637 male
1587 1605 1640 1637 hic

936 1654 1178 1695 Porphyrion:
1217 1655 1363 1691 ‘Bruti,'
1398 1657 1521 1698 iuquit,
1546 1662 1642 1698 ‘gra-

937 1713 995 1735 ves
1026 1710 1062 1736 et
1092 1704 1182 1735 tardi
1210 1705 1384 1742 dicuntur.
1417 1707 1508 1747 quod
1536 1712 1639 1737 terrae

937 1759 1142 1795 perpetuum
1159 1755 1234 1787 est.’
1266 1755 1366 1787 Unde
1382 1763 1419 1788 et
1443 1756 1562 1788 ‘bruta
1578 1756 1642 1788 ful-

936 1804 1049 1840 mina?
1072 1815 1147 1846 quae
1164 1811 1201 1838 et
1216 1816 1313 1842 vana,
1338 1806 1428 1847 quod
1446 1807 1540 1838 nulla
1562 1816 1641 1838 eve-

937 1853 1033 1885 niant
1059 1855 1192 1886 ratione
1227 1860 1374 1888 naturae.
1414 1856 1522 1898 Atqui
1558 1858 1643 1889 talia

940 1913 1000 1944 pro
1016 1905 1209 1936 certissimo
1229 1905 1418 1937 divinitatis
1443 1906 1566 1938 indicio
1585 1907 1644 1938 ha·

940 1954 1119 1986 bebantur.
1145 1955 1287 1986 Torrent-
1321 1955 1427 1987 Bruta
1442 1956 1550 1997 tellus]
1566 1957 1643 1988 Tel-

938 2003 990 2034 lus
1008 2003 1200 2040 immobilis,
1218 2005 1341 2045 gravis,
1356 2010 1393 2036 et
1406 2006 1478 2037 sine
1495 2016 1607 2037 seusu.

982 2056 1023 2084 10
1046 2053 1146 2095 Styx]
1167 2053 1359 2085 Iut'erorum
1381 2055 1488 2095 paine.
1526 2055 1643 2095 luvisi]

938 2104 1071 2135 Taenati
1101 2104 1208 2135 odiosi
1235 2103 1346 2135 sedes.
1391 2105 1454 2136 Est
1476 2106 1642 2136 'raenarus

939 2153 1019 2185 urbs
1057 2154 1226 2190 Lacouiae,
1264 2154 1319 2185 vel
1361 2156 1643 2194 promontorium,

937 2204 1027 2235 unde
1054 2204 1186 2245 fingunt
1209 2203 1328 2235 Poetae
1351 2204 1551 2236 descensum
1567 2215 1642 2236 esse

936 2253 979 2285 ad
995 2253 1135 2285 inferos.
1182 2253 1431 2294 [Schoenborn.
1449 2257 1479 2286 2.
1494 2254 1578 2296 Styx
1594 2256 1644 2286 in-

936 2304 998 2335 visi
1011 2308 1042 2335 et
1058 2304 1202 2344 horrida]

981 2358 1020 2387 11
1044 2356 1272 2396 Atlanteusque
1287 2355 1386 2398 finis]
1422 2355 1520 2388 Atlas
1547 2366 1643 2388 mons

939 2410 991 2437 est
1017 2406 1049 2436 in
1071 2406 1193 2437 ultimo
1210 2406 1342 2437 Oceani
1366 2406 1454 2445 sinu,
1469 2407 1567 2447 cujus
1588 2417 1643 2438 ca-

939 2464 1058 2486 cumen
1075 2455 1167 2486 cerni
1181 2464 1246 2485 non
1266 2460 1392 2495 potest.

985 2507 1024 2535 12
1052 2505 1140 2535 Valet
1155 2504 1217 2535 ima
1235 2503 1380 2543 summis]
1405 2505 1514 2535 Recte
1530 2505 1644 2535 huma-

940 2563 992 2585 uae
1005 2554 1085 2584 vitae
1097 2554 1274 2585 commoda
1287 2554 1401 2584 divino
1415 2554 1560 2584 arbitrio
1570 2554 1645 2586 dari

940 2608 1044 2643 atque
1061 2601 1187 2633 auferri
1212 2603 1399 2633 credebaut
1423 2608 1570 2642 veteres,
1584 2605 1645 2636 sed

940 2651 1055 2691 iidem,
1071 2661 1114 2682 ex
1130 2651 1322 2682 stoicorum
1339 2651 1484 2682 maxime
1497 2653 1646 2693 placitis,

942 2701 1087 2733 animum
1115 2700 1147 2730 in
1179 2700 1336 2731 Hominis
1363 2705 1536 2740 potestate
1558 2712 1646 2744 esse,

941 2751 1114 2789 dicebant,
1124 2749 1181 2790 qui
1195 2754 1371 2790 utramque
1383 2748 1552 2782 fortunam
1561 2752 1645 2793 jux·

942 2809 978 2834 ta
1004 2801 1095 2832 ferre
1123 2804 1251 2841 posset.
1288 2801 1430 2832 Tam-ent.
1481 2802 1641 2835 Muretus

942 2856 1036 2884 recte
1052 2856 1195 2884 annotat
1211 2850 1391 2883 Horatium
1406 2851 1491 2884 hanc
1507 2858 1643 2887 senten-
