1904 3216
339 265 446 306 1658

337 366 459 397 auxilio
476 371 610 406 egeant,
623 375 702 406 quos
717 374 735 395 a
752 369 785 396 te
801 366 909 397 curari
924 374 1020 405 opor-

338 421 422 455 teat,
435 426 572 456 quorum
590 415 720 453 negotia
731 424 751 445 a
763 419 798 445 te
813 415 883 454 geri
898 415 1021 454 potius,

337 475 436 505 quam
451 473 503 495 me
519 464 623 494 otiose
639 463 803 498 comitari,
825 463 882 503 qui
898 463 960 494 nisi
987 467 1020 494 te

337 514 427 544 salvo
443 517 477 543 et
493 511 661 550 incolumi,
685 512 767 543 salvi
780 521 853 542 esse
869 521 932 543 non
947 521 1019 552 pos-

336 563 415 601 sint,
431 571 490 592 nec
509 561 535 591 si
553 565 586 591 te
601 561 758 591 careant?
803 561 1019 601 Importuuus

336 611 392 641 ille
417 614 452 640 et
475 609 608 640 odiosus
629 609 749 640 nebulo
765 619 801 640 se
817 619 931 640 omnes
946 618 1019 640 suos

337 658 494 698 sepelisse
511 658 571 697 ait,
596 667 704 698 neque
719 659 894 698 quicquam
911 668 947 689 se
964 668 1020 689 ne-

337 708 417 748 gotii
435 708 574 739 habere.
615 708 691 738 Vid.
705 707 849 738 Tur-neb.
869 716 928 739 xv.
947 710 996 738 18.

378 760 418 788 27
441 757 535 792 Queis
546 761 579 790 te
592 757 690 796 salvo]
714 756 843 788 Quibus
859 760 916 787 tua
930 757 1016 787 salus

336 810 390 837 est
404 806 600 837 necessaria.
645 806 741 836 Haud
757 805 832 836 mihi
846 805 1016 846 quisquam]

337 854 531 895 Respondet
556 855 729 895 Garrulus.
779 855 914 896 [Quibus
928 859 974 886 est
987 860 1018 886 te

335 906 415 936 saluo
431 914 503 944 opas
516 905 594 935 Vat.
610 905 706 934 Rom.
723 903 769 942 7.]

377 956 418 985 28
436 952 611 992 Composui]
627 953 636 969 ‘
651 951 846 991 Depouere’
862 957 896 982 et
908 952 918 969 ‘
930 962 1018 983 com-

337 1001 479 1040 ponere’
501 1000 604 1031 verba
630 1000 662 1030 in
687 1000 858 1031 funeribus
882 1002 1018 1032 usitata.

336 1056 343 1066 ‘
358 1049 491 1089 Deponi
503 1048 513 1064 ’
527 1049 614 1079 enim
631 1049 829 1079 dicebantur
845 1049 1016 1088 aegri‚jam

337 1099 435 1138 plane
464 1098 647 1138 desperati,
685 1102 742 1128 aut
772 1097 871 1127 etiam
902 1106 1018 1127 recens

337 1147 468 1186 mortui,
497 1146 584 1188 quod
613 1146 654 1176 de
683 1145 865 1176 sublimiori
895 1146 1018 1176 lectulo

336 1197 424 1227 humi
437 1196 704 1228 collocabantur:
720 1194 909 1234 ‘componi'
925 1204 1018 1232 vero,

337 1256 424 1284 cum,
450 1245 594 1285 peractis
617 1244 751 1283 ceteris,
771 1244 841 1283 jam
865 1253 1019 1283 supremo

337 1295 595 1335 propinquorum
611 1302 748 1324 munere
763 1302 840 1323 ossa
854 1293 887 1323 in
903 1302 1019 1323 urnam

336 1343 557 1382 ponebantur.
601 1342 710 1373 Cicer.
733 1342 765 1371 iu
786 1342 925 1372 Verrem
942 1341 1021 1372 Act.

337 1401 361 1422 1.
380 1396 387 1409 '
402 1391 523 1432 Itaque
538 1391 616 1422 mihi
631 1391 758 1430 videor,
768 1390 918 1425 Judices,
931 1399 1019 1430 mag-

337 1449 411 1470 uam
428 1444 462 1470 et
478 1440 618 1470 maxime
635 1449 772 1478 aegram,
794 1444 829 1470 et
846 1448 950 1478 prope
965 1439 1020 1469 de-

339 1488 480 1527 positam
505 1487 650 1527 Reipub.
667 1492 794 1527 partem
810 1487 1019 1526 suscepisse!

338 1537 448 1577 Atque
474 1537 550 1567 binc
575 1537 699 1567 facturn
727 1542 763 1567 ut
788 1535 1021 1576 ‘depositum’

338 1595 396 1625 pro
413 1586 568 1626 sepulcro
583 1585 649 1616 dici
665 1585 817 1624 coeperit.
847 1585 891 1615 Et
907 1585 1020 1624 pulcra

338 1635 518 1665 tralatione
533 1635 675 1665 Plautus
692 1633 802 1664 Aulul.
817 1635 826 1651 ‘
839 1634 886 1664 Ut
899 1642 950 1663 me
963 1634 1020 1663 de-

339 1690 439 1724 ponat
454 1684 529 1714 vino
542 1693 614 1714 eam
627 1682 762 1713 affectat
773 1682 883 1713 viam.'
903 1682 913 1698 ‘
925 1683 1021 1712 Com-

339 1742 463 1772 ponere
474 1732 483 1746 ’
509 1737 621 1763 autem
646 1740 705 1771 pro
727 1730 880 1770 sepelire,
907 1733 943 1761 ut
969 1730 1022 1760 hic

340 1782 460 1812 Horat.
487 1781 534 1811 sic
560 1780 716 1820 Propert.
745 1780 801 1810 lib.
818 1788 860 1810 u.
882 1779 954 1810 ‘Tu
969 1788 1022 1810 me

337 1839 529 1870 compones,
552 1833 586 1860 ct
616 1829 718 1869 dices,
749 1828 836 1859 Ossa
866 1828 1022 1868 Properti

339 1879 423 1910 Haec
446 1883 504 1910 tua
526 1877 624 1910 sunt.’
667 1878 744 1909 Vid.
759 1877 904 1908 Turneb.
922 1885 956 1908 x.
973 1879 1022 1908 ll.

339 1935 373 1959 et
390 1937 470 1959 xix.
484 1931 537 1959 2⁷.
556 1928 699 1959 Tor-rent.
745 1927 922 1967 composui]
945 1926 1023 1958 Om-

339 1987 395 2007 nes
412 1977 564 2018 sepelivi.
605 1977 732 2009 Felices.
750 1977 843 2006 Nunc
859 1986 914 2015 ego
929 1975 1024 2015 resto]

338 2026 422 2057 Sunt
438 2026 541 2057 verba
556 2025 702 2064 Horatii,
725 2025 782 2065 qui
802 2029 948 2055 mortuos
966 2034 1024 2064 ap-

339 2075 441 2112 pellat
465 2073 595 2113 felices,
615 2074 713 2112 hujus
739 2073 943 2113 loquacitate
966 2073 1023 2103 de-

338 2121 482 2152 functos.
525 2122 622 2160 [Vat.
638 2121 748 2151 Palat.
759 2123 791 2151 4.
806 2120 1003 2158 compositis]

379 2174 421 2202 29
458 2170 594 2210 confice]
634 2172 745 2201 Eneca
781 2180 845 2201 me.
888 2170 1023 2210 Sabella]

340 2221 432 2252 Anus
454 2221 624 2260 sortilega,
648 2218 790 2251 fortasse
816 2219 948 2250 Horatii
965 2229 1024 2250 nu·

342 2269 417 2300 trix.

381 2321 421 2349 30
444 2319 546 2348 Puero
559 2315 683 2356 cecinit]
707 2315 806 2348 Quod
829 2316 951 2347 cecinit
965 2316 1025 2346 mi·

339 2367 372 2397 hi
410 2375 525 2406 puero.
567 2364 688 2396 Divina
721 2367 802 2395 mota
833 2373 909 2394 anus
932 2364 1024 2404 urna]

339 2418 348 2433 ⁴
361 2415 471 2446 Anum
487 2413 631 2444 divinam
643 2413 651 2426 '
673 2422 794 2444 vocare
807 2412 1024 2453 poterat‚sed

338 2467 346 2481 ‘
362 2475 476 2496 urnam
488 2464 497 2478 ¹
516 2464 651 2494 maluit:
676 2463 707 2494 id
722 2464 808 2494 enim
831 2463 1026 2501 ποιητικώτε-

340 2525 392 2554 ρον
407 2518 470 2552 est,
485 2512 624 2552 perinde
639 2521 678 2543 ac
701 2512 727 2542 si
749 2521 832 2542 urna
856 2513 927 2552 ipsa
942 2513 1024 2543 divi-

340 2567 436 2594 naret
449 2562 536 2592 unde
552 2564 658 2592 sortes
670 2560 886 2601 legebantur.-
904 2561 946 2593 de
960 2570 1026 2602 quo

341 2610 511 2642 divinandi
527 2619 651 2651 genere
667 2611 767 2640 etiam
779 2610 932 2641 Tibullus
949 2619 972 2643 1.
993 2613 1025 2641 3.

340 2661 348 2675 ‘
364 2660 427 2691 Illa
449 2669 560 2691 sacras
577 2659 670 2700 pueri
683 2663 790 2690 sortes
805 2663 858 2690 ter
873 2658 1027 2691 sustulit!

340 2708 426 2737 Vide
447 2718 486 2739 n.
512 2709 579 2740 Od.
603 2711 634 2739 3.
659 2708 668 2725 ‘
684 2708 840 2739 Omnium
863 2708 1025 2738 Versatur

339 2756 439 2789 urna!
464 2757 602 2788 Torrent.
646 2757 764 2789 Dirina
786 2760 865 2788 mola
887 2766 961 2787 anus
975 2766 1025 2788 ur-

791 275 927 304 NO'l'JE
960 274 1217 305 VARIORUM
1253 276 1302 304 ΙΝ

1068 366 1122 405 na]
1144 366 1319 397 Commota
1347 373 1429 395 urna
1453 365 1576 404 divina,
1601 365 1634 396 in
1654 374 1748 406 quam

1067 420 1172 446 sortes
1203 420 1299 445 erant
1326 414 1368 445 ad
1397 413 1612 445 divinandum
1640 413 1752 448 futura

1067 464 1239 504 conjectae.

1107 515 1148 543 31
1170 513 1264 543 Hunc
1275 521 1366 551 neque
1376 513 1460 552 dira]
1480 511 1625 543 Puerum
1641 512 1752 544 Hora-

1068 560 1162 591 tium.
1206 561 1288 592 Sunt
1311 561 1383 591 liaec
1407 560 1509 591 verba
1533 569 1615 591 anus
1637 561 1752 592 vatici-

1067 610 1178 640 nantis
1205 610 1247 640 de
1277 616 1382 640 morte
1400 609 1533 641 Horatii
1560 618 1621 649 per
1644 614 1752 641 sortes

1067 668 1151 690 urna
1177 659 1326 690 eductas.
1370 658 1534 698 Hosticus]
1557 658 1654 690 Ensis
1677 658 1753 690 hos-

1067 708 1145 740 tilis.

1107 759 1149 787 32
1172 757 1238 788 Nec
1251 757 1394 796 laterum]
1415 755 1588 788 Pleuritis.

1068 804 1223 845 Podagra
1237 815 1310 846 quae
1329 805 1442 836 tardos
1458 804 1552 836 facit.

1107 857 1147 885 33
1173 855 1301 890 Quando
1317 858 1467 886 consumet
1482 854 1620 894 cumque]
1638 854 1753 885 bamb.

1065 912 1196 943 sequor,
1209 903 1263 943 qui
1284 905 1413 943 quando,
1430 912 1490 942 pro
1505 903 1680 943 siquidem,
1695 906 1754 933 aut

1066 950 1333 991 quandoquidem
1371 951 1488 990 ponit:
1525 961 1648 991 cumque
1691 960 1751 991 pro

1067 1000 1183 1039 quovis
1198 1004 1362 1039 tempore,
1384 998 1660 1038 quemadmodum
1675 1004 1712 1030 et
1727 1009 1755 1031 1.
1789 993 1797 1000 ⁹

1068 1048 1134 1080 Od·
1154 1050 1206 1079 22.
1227 1049 1237 1065 ‘
1252 1047 1334 1078 Mihi
1350 1055 1491 1086 cumque
1503 1047 1592 1078 salve
1606 1046 1684 1078 Rite
1700 1055 1755 1078 vo-

1067 1096 1180 1128 canti.'
1207 1096 1349 1127 Torrent-
1371 1096 1500 1130 Quando
1511 1098 1665 1126 consumet
1674 1105 1755 1127 cum-

1067 1144 1138 1184 que]
1160 1144 1311 1184 Cumque
1328 1142 1506 1184 aliquando
1522 1152 1594 1184 gar.
1609 1145 1672 1174 ὅτε.

1111 1193 1166 1233 [34
1188 1194 1267 1224 Vat.
1295 1195 1328 1223 9.
1356 1202 1375 1222 a
1397 1201 1440 1223 m.
1470 1201 1520 1232 pr.
1549 1193 1630 1224 Vat.
1658 1192 1752 1224 Rom.
1790 1213 1793 1214 ν

1068 1244 1099 1272 2.
1114 1241 1162 1280 7.]

1110 1295 1149 1323 35
1174 1291 1225 1323 Διὶ
1258 1291 1369 1327 Vestoe,
1397 1289 1523 1330 quarto]
1560 1289 1614 1322 Ad
1642 1290 1754 1323 Vestae

1070 1341 1242 1381 templum.
1287 1339 1383 1379 [Vnt.
1402 1340 1497 1370 Rom.
1509 1341 1541 1370 6.
1558 1339 1711 1370 Vallicel.
1725 1341 1756 1370 3.

1067 1392 1107 1422 ad
1127 1391 1260 1422 Vestam.
1305 1389 1379 1422 Vid.
1394 1398 1417 1420 ι.
1435 1389 1503 1420 Od.
1519 1391 1551 1420 2.
1569 1389 1636 1428 16.]

1109 1442 1150 1470 36
1179 1439 1314 1479 Vadato]
1338 1438 1392 1478 Ei,
1407 1438 1463 1479 qui
1478 1437 1569 1469 illum
1587 1438 1685 1478 injus
1701 1446 1756 1468 vo-

1069 1495 1215 1521 caverat.

1110 1540 1151 1568 37
1175 1539 1310 1570 Perdere
1323 1538 1424 1577 litem]
1446 1538 1604 1569 Debebat
1617 1537 1755 1577 perdere

1067 1588 1173 1619 litem.
1218 1588 1312 1627 [Vnt.
1328 1590 1359 1618 7.
1375 1588 1427 1626 qui
1439 1586 1632 1625 nisa-issem]

1109 1639 1150 1666 38
1166 1636 1290 1675 Inquit,
1302 1636 1452 1675 paullum]
1468 1635 1582 1675 Inquit
1593 1634 1755 1674 garrulus.

1071 1684 1153 1714 Heio
1165 1684 1251 1722 ades]
1273 1683 1420 1714 Verbum
1438 1682 1519 1714 illud
1539 1686 1549 1702 ⁴
1563 1682 1678 1715 adesse
1690 1681 1698 1694 ’
1721 1683 1755 1712 in

1066 1732 1203 1772 judiciis
1229 1731 1318 1762 idem
1342 1731 1474 1761 valebat
1496 1730 1584 1771 quod
1611 1730 1754 1770 patroci-

1070 1781 1153 1812 nari.
1179 1781 1327 1820 Rutgers.
1372 1780 1525 1810 Inter-eam
1546 1777 1591 1817 si]
1626 1778 1758 1808 Utinam

1069 1830 1244 1869 inteream,
1284 1829 1390 1869 iuquit
1420 1828 1590 1859 Horatius.
1656 1826 1751 1866 [Duo

1071 1879 1169 1910 codd.
1187 1879 1276 1917 Feae,
1292 1878 1350 1909 huc
1364 1876 1461 1916 ades]

1112 1931 1154 1959 39
1175 1928 1240 1958 Aut
1261 1928 1343 1958 valeo
1355 1926 1455 1965 stare]
1478 1926 1550 1960 Est,
1565 1933 1640 1956 cum
1653 1924 1757 1955 homi-

1071 1986 1131 2008 nes
1148 1980 1310 2016 cogantur
1326 1980 1415 2007 stare
1430 1975 1463 2006 in
1479 1975 1557 2015 jure
1572 1979 1650 2006 ante
1666 1974 1761 2004 Prae-

1634 755 1751 796 Tarda]

1073 2026 1153 2057 toris
1170 2026 1327 2064 tribunal,
1341 2033 1448 2065 neque
1464 2024 1510 2055 ibi
1526 2023 1645 2055 sedere
1657 2023 1762 2054 liceat
1805 2033 1809 2037 ·

1071 2079 1130 2106 aut
1157 2075 1333 2105 honestum
1359 2075 1414 2114 sit,
1440 2072 1566 2105 tamdiu
1595 2082 1659 2112 ego
1689 2072 1756 2102 illic

1072 2127 1160 2153 stare
1196 2131 1260 2152 non
1298 2123 1432 2161 possim,
1469 2131 1532 2152 nee
1571 2125 1604 2151 te
1636 2121 1758 2160 juvare
1787 2133 1791 2138 ·

1071 2181 1204 2212 queam,
1219 2171 1274 2211 qui
1285 2172 1339 2210 jus
1355 2170 1477 2201 nescio.
1521 2170 1597 2201 Vid.
1611 2168 1757 2200 Turneb-

1072 2228 1136 2251 xv.
1163 2222 1214 2250 18.
1259 2219 1364 2258 Stare]
1387 2218 1443 2249 Sic
1468 2218 1632 2258 Ulpianus
1652 2217 1710 2248 lib.
1734 2227 1759 2249 ι.

1072 2268 1114 2299 de
1129 2277 1169 2298 eo
1190 2277 1251 2307 per
1267 2276 1364 2307 quem
1381 2266 1508 2297 factum
1524 2267 1589 2297 erit
1604 2275 1669 2306 quo
1685 2266 1759 2306 quis

1072 2317 1179 2347 minus
1198 2315 1368 2356 injudicio
1383 2315 1502 2346 sistat:
1526 2315 1535 2332 ‘
1550 2314 1586 2346 Si
1599 2323 1676 2345 reus
1686 2314 1761 2346 dolo

1075 2366 1198 2397 actoris
1214 2374 1280 2396 non
1296 2366 1440 2403 steterit,
1452 2373 1515 2394 nou
1525 2363 1671 2395 habebat
1685 2373 1761 2395 reus

1075 2415 1238 2446 actionem
1255 2423 1296 2445 ex
1312 2413 1372 2444 hoc
1387 2412 1512 2452 edicto,
1533 2421 1608 2444 cum
1624 2417 1759 2444 conten-

1075 2469 1126 2495 tus
1154 2473 1227 2494 esse
1253 2462 1359 2503 possit
1381 2461 1604 2502 exceptione?
1648 2455 1762 2502 Atque

1074 2513 1149 2544 hinc
1161 2513 1242 2544 dicti
1258 2516 1268 2530 ‘
1278 2516 1421 2543 statores
1435 2510 1443 2524 ’
1459 2510 1668 2551 apparitores
1682 2519 1764 2550 prae·

1074 2561 1180 2592 sidum
1208 2560 1517 2601 proconmlumque,
1544 2559 1603 2600 qui
1632 2564 1668 2590 et
1698 2559 1760 2598 ipsi

1076 2616 1153 2641 ante
1181 2609 1327 2640 tribunal
1353 2611 1495 2646 starent,
1521 2612 1556 2639 et
1578 2607 1659 2638 alios
1672 2607 1760 2648 jussi

1075 2660 1244 2690 sisterent.
1278 2659 1420 2690 Torreat.
1465 2657 1566 2691 Stare,
1595 2659 1649 2687 aut
1675 2655 1761 2696 novi]

1072 2710 1169 2740 Stare
1187 2708 1372 2748 injudicio,
1387 2716 1442 2737 seu
1461 2706 1594 2745 injure.

1114 2762 1155 2791 40
1179 2759 1246 2794 Quo
1260 2757 1334 2797 scis]
1359 2756 1411 2789 Ad
1428 2755 1570 2789 caesaris
1587 2755 1712 2788 hortos.
