<?xml version="1.0" encoding="UTF-8"?>
<!DOCTYPE html PUBLIC "-//W3C//DTD XHTML 1.0 Transitional//EN"
    "http://www.w3.org/TR/xhtml1/DTD/xhtml1-transitional.dtd">
<html xmlns="http://www.w3.org/1999/xhtml" xml:lang="en" lang="en">
 <head>
  <title>
</title>
<meta http-equiv="Content-Type" content="text/html;charset=utf-8" />
  <meta name='ocr-system' content='tesseract 3.04.00' />
  <meta name='ocr-capabilities' content='ocr_page ocr_carea ocr_par ocr_line ocrx_word'/>
</head>
<body>
  <div class='ocr_page' id='page_1' title='image "./operazeune03horauoft/operazeune03horauoft_0374.png"; bbox 0 0 1930 3204; ppageno 0'>
   <div class='ocr_carea' id='block_1_1' title="bbox 373 286 481 327">
    <p class='ocr_par' dir='ltr' id='par_1_1' title="bbox 373 286 481 327">
     <span class='ocr_line' id='line_1_1' title="bbox 373 286 481 327; baseline 0 -1"><span class='ocrx_word' id='word_1_1' title='bbox 373 286 481 327; x_wconf 79' lang='lat'>1520</span> 
     </span>
    </p>
   </div>
   <div class='ocr_carea' id='block_1_2' title="bbox 326 384 1053 2068">
    <p class='ocr_par' dir='ltr' id='par_1_2' title="bbox 369 384 1051 658">
     <span class='ocr_line' id='line_1_2' title="bbox 371 384 1051 427; baseline 0 -11"><span class='ocrx_word' id='word_1_2' title='bbox 371 396 424 417; x_wconf 86' lang='lat' dir='ltr'>ros</span> <span class='ocrx_word' id='word_1_3' title='bbox 454 386 522 427; x_wconf 84' lang='lat' dir='ltr'>jam</span> <span class='ocrx_word' id='word_1_4' title='bbox 558 395 643 417; x_wconf 87' lang='lat' dir='ltr'>nova</span> <span class='ocrx_word' id='word_1_5' title='bbox 678 389 784 425; x_wconf 83' lang='lat' dir='ltr'>nupta</span> <span class='ocrx_word' id='word_1_6' title='bbox 821 384 919 416; x_wconf 87' lang='lat' dir='ltr'>tuos.’</span> <span class='ocrx_word' id='word_1_7' title='bbox 963 385 1051 417; x_wconf 82' lang='lat' dir='ltr'>Quin</span> 
     </span>
     <span class='ocr_line' id='line_1_3' title="bbox 371 433 1051 474; baseline -0.003 -9"><span class='ocrx_word' id='word_1_8' title='bbox 371 435 470 465; x_wconf 81' lang='lat' dir='ltr'>etiam</span> <span class='ocrx_word' id='word_1_9' title='bbox 486 435 513 464; x_wconf 89' lang='lat' dir='ltr'>si</span> <span class='ocrx_word' id='word_1_10' title='bbox 530 435 601 474; x_wconf 88' lang='lat' dir='ltr'>quis</span> <span class='ocrx_word' id='word_1_11' title='bbox 614 434 790 472; x_wconf 85' lang='lat' dir='ltr'>insigniter</span> <span class='ocrx_word' id='word_1_12' title='bbox 804 433 975 470; x_wconf 85' lang='lat' dir='ltr'>insaniret,</span> <span class='ocrx_word' id='word_1_13' title='bbox 987 442 1051 463; x_wconf 61' lang='lat' dir='ltr'>caz-</span> 
     </span>
     <span class='ocr_line' id='line_1_4' title="bbox 369 482 1051 518; baseline 0 -6"><span class='ocrx_word' id='word_1_14' title='bbox 369 483 485 512; x_wconf 87' lang='lat' dir='ltr'>sariem</span> <span class='ocrx_word' id='word_1_15' title='bbox 503 483 589 512; x_wconf 87' lang='lat' dir='ltr'>illam</span> <span class='ocrx_word' id='word_1_16' title='bbox 610 483 757 512; x_wconf 81' lang='lat' dir='ltr'>Deorum</span> <span class='ocrx_word' id='word_1_17' title='bbox 783 482 894 518; x_wconf 85' lang='lat' dir='ltr'>alicui,</span> <span class='ocrx_word' id='word_1_18' title='bbox 910 482 1051 512; x_wconf 81' lang='lat' dir='ltr'><strong>maxime</strong></span> 
     </span>
     <span class='ocr_line' id='line_1_5' title="bbox 370 530 1051 570; baseline 0 -10"><span class='ocrx_word' id='word_1_19' title='bbox 370 530 530 570; x_wconf 76' lang='lat' dir='ltr'>Apollini,</span> <span class='ocrx_word' id='word_1_20' title='bbox 566 530 642 560; x_wconf 78' lang='lat' dir='ltr'>ideo</span> <span class='ocrx_word' id='word_1_21' title='bbox 673 530 773 561; x_wconf 80' lang='lat' dir='ltr'>credo</span> <span class='ocrx_word' id='word_1_22' title='bbox 803 530 890 570; x_wconf 87' lang='lat' dir='ltr'>quod</span> <span class='ocrx_word' id='word_1_23' title='bbox 917 534 952 560; x_wconf 87' lang='lat' dir='ltr'>et</span> <span class='ocrx_word' id='word_1_24' title='bbox 980 530 1051 569; x_wconf 87' lang='lat' dir='ltr'>ipse</span> 
     </span>
     <span class='ocr_line' id='line_1_6' title="bbox 369 577 1051 627; baseline 0 -19"><span class='ocrx_word' id='word_1_25' title='bbox 369 584 519 608; x_wconf 79' lang='lat' dir='ltr'>comatus</span> <span class='ocrx_word' id='word_1_26' title='bbox 531 578 623 608; x_wconf 90' lang='lat' dir='ltr'>nobis</span> <span class='ocrx_word' id='word_1_27' title='bbox 637 578 785 618; x_wconf 77' lang='lat' dir='ltr'>fingitur,</span> <span class='ocrx_word' id='word_1_28' title='bbox 796 577 1051 627; x_wconf 59' lang='lat' dir='ltr'>consecrabant:</span> 
     </span>
     <span class='ocr_line' id='line_1_7' title="bbox 372 627 511 658; baseline 0.007 -1"><span class='ocrx_word' id='word_1_29' title='bbox 372 627 511 658; x_wconf 81' lang='lat' dir='ltr'>Tor-rent.</span> 
     </span>
    </p>

    <p class='ocr_par' dir='ltr' id='par_1_3' title="bbox 366 673 1051 811">
     <span class='ocr_line' id='line_1_8' title="bbox 410 673 1051 715; baseline 0 -11"><span class='ocrx_word' id='word_1_30' title='bbox 410 678 430 704; x_wconf 84' lang='grc'>4</span> <span class='ocrx_word' id='word_1_31' title='bbox 454 675 546 705; x_wconf 85' lang='lat' dir='ltr'>Prior</span> <span class='ocrx_word' id='word_1_32' title='bbox 548 675 630 715; x_wconf 82' lang='lat' dir='ltr'>flore</span> <span class='ocrx_word' id='word_1_33' title='bbox 641 674 732 714; x_wconf 73' lang='lat' dir='ltr'>rom]</span> <span class='ocrx_word' id='word_1_34' title='bbox 747 675 870 705; x_wconf 78' lang='lat' dir='ltr'>Melior</span> <span class='ocrx_word' id='word_1_35' title='bbox 881 673 964 706; x_wconf 85' lang='lat' dir='ltr'>flore</span> <span class='ocrx_word' id='word_1_36' title='bbox 976 684 1051 714; x_wconf 90' lang='lat' dir='ltr'>pur-</span> 
     </span>
     <span class='ocr_line' id='line_1_9' title="bbox 369 723 1051 764; baseline 0.001 -11"><span class='ocrx_word' id='word_1_37' title='bbox 369 733 482 762; x_wconf 81' lang='lat' dir='ltr'>pureae</span> <span class='ocrx_word' id='word_1_38' title='bbox 509 733 603 754; x_wconf 84' lang='lat' dir='ltr'>rosae.</span> <span class='ocrx_word' id='word_1_39' title='bbox 647 723 808 764; x_wconf 89' lang='lat' dir='ltr'>[Guelph.</span> <span class='ocrx_word' id='word_1_40' title='bbox 833 724 953 764; x_wconf 68' lang='lat' dir='ltr'>punice</span> <span class='ocrx_word' id='word_1_41' title='bbox 971 725 1051 754; x_wconf 83' lang='lat' dir='ltr'>color</span> 
     </span>
     <span class='ocr_line' id='line_1_10' title="bbox 366 771 569 811; baseline -0.005 -9"><span class='ocrx_word' id='word_1_42' title='bbox 366 772 454 811; x_wconf 75' lang='lat' dir='ltr'>prior</span> <span class='ocrx_word' id='word_1_43' title='bbox 468 771 569 811; x_wconf 65' lang='lat' dir='ltr'>roam]</span> 
     </span>
    </p>

    <p class='ocr_par' dir='ltr' id='par_1_4' title="bbox 366 820 1052 1345">
     <span class='ocr_line' id='line_1_11' title="bbox 410 820 1051 861; baseline 0.003 -11"><span class='ocrx_word' id='word_1_44' title='bbox 410 824 429 850; x_wconf 84' lang='lat'><strong>5</strong></span> <span class='ocrx_word' id='word_1_45' title='bbox 452 820 651 861; x_wconf 80' lang='lat' dir='ltr'><strong><em>Ligurinum]</em></strong></span> <span class='ocrx_word' id='word_1_46' title='bbox 665 820 794 860; x_wconf 87' lang='lat' dir='ltr'>Optimi</span> <span class='ocrx_word' id='word_1_47' title='bbox 811 821 876 851; x_wconf 94' lang='lat' dir='ltr'>duo</span> <span class='ocrx_word' id='word_1_48' title='bbox 889 825 924 852; x_wconf 90' lang='lat' dir='ltr'>et</span> <span class='ocrx_word' id='word_1_49' title='bbox 939 825 1051 852; x_wconf 82' lang='lat' dir='ltr'>vetus-</span> 
     </span>
     <span class='ocr_line' id='line_1_12' title="bbox 367 868 1050 910; baseline 0.001 -11"><span class='ocrx_word' id='word_1_50' title='bbox 367 868 486 899; x_wconf 75' lang='lat' dir='ltr'>tissimi</span> <span class='ocrx_word' id='word_1_51' title='bbox 511 868 609 900; x_wconf 86' lang='lat' dir='ltr'>codd.</span> <span class='ocrx_word' id='word_1_52' title='bbox 634 869 785 908; x_wconf 77' lang='lat' dir='ltr'>Ligurine</span> <span class='ocrx_word' id='word_1_53' title='bbox 809 869 946 910; x_wconf 86' lang='lat' dir='ltr'>habent,</span> <span class='ocrx_word' id='word_1_54' title='bbox 962 870 1050 910; x_wconf 88' lang='lat' dir='ltr'>quod</span> 
     </span>
     <span class='ocr_line' id='line_1_13' title="bbox 368 918 1051 957; baseline 0 -9"><span class='ocrx_word' id='word_1_55' title='bbox 368 927 449 949; x_wconf 85' lang='lat' dir='ltr'>sane</span> <span class='ocrx_word' id='word_1_56' title='bbox 463 918 568 948; x_wconf 89' lang='lat' dir='ltr'>multo</span> <span class='ocrx_word' id='word_1_57' title='bbox 585 919 754 948; x_wconf 76' lang='lat' dir='ltr'>venustius</span> <span class='ocrx_word' id='word_1_58' title='bbox 769 922 828 949; x_wconf 76' lang='lat' dir='ltr'>est.</span> <span class='ocrx_word' id='word_1_59' title='bbox 865 918 1051 957; x_wconf 77' lang='lat' dir='ltr'>Ligurinum</span> 
     </span>
     <span class='ocr_line' id='line_1_14' title="bbox 367 966 1050 1006; baseline 0 -9"><span class='ocrx_word' id='word_1_60' title='bbox 367 966 545 1006; x_wconf 72' lang='lat' dir='ltr'>scripsere,</span> <span class='ocrx_word' id='word_1_61' title='bbox 559 966 614 1006; x_wconf 87' lang='lat' dir='ltr'>qui</span> <span class='ocrx_word' id='word_1_62' title='bbox 629 966 694 997; x_wconf 89' lang='lat' dir='ltr'>vim</span> <span class='ocrx_word' id='word_1_63' title='bbox 711 966 803 997; x_wconf 91' lang='lat' dir='ltr'>verbi</span> <span class='ocrx_word' id='word_1_64' title='bbox 814 966 824 983; x_wconf 89' lang='lat'>‘</span> <span class='ocrx_word' id='word_1_65' title='bbox 834 971 966 997; x_wconf 86' lang='lat' dir='ltr'>vertere</span> <span class='ocrx_word' id='word_1_66' title='bbox 979 966 988 980; x_wconf 93' lang='lat'>&#39;</span> <span class='ocrx_word' id='word_1_67' title='bbox 1002 967 1050 1006; x_wconf 88' lang='lat' dir='ltr'>ig-</span> 
     </span>
     <span class='ocr_line' id='line_1_15' title="bbox 367 1015 1050 1055; baseline 0.003 -11"><span class='ocrx_word' id='word_1_68' title='bbox 367 1018 549 1045; x_wconf 81' lang='lat' dir='ltr'>norarunt:</span> <span class='ocrx_word' id='word_1_69' title='bbox 584 1024 625 1044; x_wconf 88' lang='lat' dir='ltr'>eo</span> <span class='ocrx_word' id='word_1_70' title='bbox 653 1015 739 1045; x_wconf 88' lang='lat' dir='ltr'>enim</span> <span class='ocrx_word' id='word_1_71' title='bbox 771 1015 933 1046; x_wconf 85' lang='lat' dir='ltr'>vocabulo</span> <span class='ocrx_word' id='word_1_72' title='bbox 960 1025 1050 1055; x_wconf 86' lang='lat' dir='ltr'>saepe</span> 
     </span>
     <span class='ocr_line' id='line_1_16' title="bbox 367 1061 1051 1103; baseline 0.003 -12"><span class='ocrx_word' id='word_1_73' title='bbox 367 1061 519 1092; x_wconf 85' lang='lat' dir='ltr'>absolute</span> <span class='ocrx_word' id='word_1_74' title='bbox 554 1062 603 1092; x_wconf 89' lang='lat' dir='ltr'>usi</span> <span class='ocrx_word' id='word_1_75' title='bbox 639 1067 716 1092; x_wconf 89' lang='lat' dir='ltr'>sunt</span> <span class='ocrx_word' id='word_1_76' title='bbox 751 1067 918 1095; x_wconf 75' lang='lat' dir='ltr'>auctores.</span> <span class='ocrx_word' id='word_1_77' title='bbox 956 1064 1051 1103; x_wconf 81' lang='lat' dir='ltr'>Virg.</span> 
     </span>
     <span class='ocr_line' id='line_1_17' title="bbox 367 1109 1051 1151; baseline 0.007 -13"><span class='ocrx_word' id='word_1_78' title='bbox 367 1109 497 1139; x_wconf 83' lang='lat' dir='ltr'>AEneid.</span> <span class='ocrx_word' id='word_1_79' title='bbox 511 1118 537 1140; x_wconf 89' lang='lat'>1.</span> <span class='ocrx_word' id='word_1_80' title='bbox 559 1110 569 1127; x_wconf 90' lang='lat'>‘</span> <span class='ocrx_word' id='word_1_81' title='bbox 585 1110 668 1140; x_wconf 87' lang='lat' dir='ltr'>Tum</span> <span class='ocrx_word' id='word_1_82' title='bbox 683 1120 782 1150; x_wconf 92' lang='lat' dir='ltr'>prora</span> <span class='ocrx_word' id='word_1_83' title='bbox 797 1112 933 1151; x_wconf 78' lang='lat' dir='ltr'>avertit,</span> <span class='ocrx_word' id='word_1_84' title='bbox 946 1119 981 1142; x_wconf 87' lang='lat' dir='ltr'>et</span> <span class='ocrx_word' id='word_1_85' title='bbox 993 1121 1051 1142; x_wconf 90' lang='lat' dir='ltr'>un-</span> 
     </span>
     <span class='ocr_line' id='line_1_18' title="bbox 366 1157 1051 1192; baseline 0.007 -5"><span class='ocrx_word' id='word_1_86' title='bbox 366 1157 417 1187; x_wconf 91' lang='lat' dir='ltr'>dis</span> <span class='ocrx_word' id='word_1_87' title='bbox 448 1159 518 1188; x_wconf 89' lang='lat' dir='ltr'>Dat</span> <span class='ocrx_word' id='word_1_88' title='bbox 545 1157 657 1189; x_wconf 72' lang='lat' dir='ltr'>latus!</span> <span class='ocrx_word' id='word_1_89' title='bbox 699 1160 764 1190; x_wconf 87' lang='lat' dir='ltr'>Ubi</span> <span class='ocrx_word' id='word_1_90' title='bbox 791 1160 942 1192; x_wconf 88' lang='lat' dir='ltr'>Servium</span> <span class='ocrx_word' id='word_1_91' title='bbox 963 1161 1051 1192; x_wconf 86' lang='lat' dir='ltr'>vide.</span> 
     </span>
     <span class='ocr_line' id='line_1_19' title="bbox 370 1205 1052 1249; baseline 0.009 -14"><span class='ocrx_word' id='word_1_92' title='bbox 370 1205 458 1237; x_wconf 85' lang='lat' dir='ltr'>Torr.</span> <span class='ocrx_word' id='word_1_93' title='bbox 502 1206 687 1246; x_wconf 67' lang='lat' dir='ltr'>Hiepidam]</span> <span class='ocrx_word' id='word_1_94' title='bbox 711 1208 750 1238; x_wconf 91' lang='lat' dir='ltr'>ln</span> <span class='ocrx_word' id='word_1_95' title='bbox 777 1208 896 1239; x_wconf 82' lang='lat' dir='ltr'>faciem</span> <span class='ocrx_word' id='word_1_96' title='bbox 913 1210 1052 1249; x_wconf 88' lang='lat' dir='ltr'>pilosam</span> 
     </span>
     <span class='ocr_line' id='line_1_20' title="bbox 367 1255 1052 1296; baseline 0.007 -11"><span class='ocrx_word' id='word_1_97' title='bbox 367 1259 403 1285; x_wconf 89' lang='lat' dir='ltr'>et</span> <span class='ocrx_word' id='word_1_98' title='bbox 418 1255 596 1286; x_wconf 88' lang='lat' dir='ltr'>horridam.</span> <span class='ocrx_word' id='word_1_99' title='bbox 641 1256 835 1296; x_wconf 77' lang='lat' dir='ltr'>[Bamberg.</span> <span class='ocrx_word' id='word_1_100' title='bbox 851 1262 887 1289; x_wconf 88' lang='lat' dir='ltr'>et</span> <span class='ocrx_word' id='word_1_101' title='bbox 908 1258 1052 1290; x_wconf 85' lang='lat' dir='ltr'>Schoen-</span> 
     </span>
     <span class='ocr_line' id='line_1_21' title="bbox 367 1303 850 1345; baseline 0.006 -12"><span class='ocrx_word' id='word_1_102' title='bbox 367 1303 462 1334; x_wconf 91' lang='lat' dir='ltr'>born.</span> <span class='ocrx_word' id='word_1_103' title='bbox 476 1307 506 1335; x_wconf 81' lang='lat'>2.</span> <span class='ocrx_word' id='word_1_104' title='bbox 522 1305 650 1335; x_wconf 78' lang='lat' dir='ltr'>verterit</span> <span class='ocrx_word' id='word_1_105' title='bbox 665 1305 850 1345; x_wconf 68' lang='lat' dir='ltr'>infaciem]</span> 
     </span>
    </p>

    <p class='ocr_par' dir='ltr' id='par_1_5' title="bbox 326 1352 1053 1911">
     <span class='ocr_line' id='line_1_22' title="bbox 408 1352 1052 1391; baseline 0.009 -11"><span class='ocrx_word' id='word_1_106' title='bbox 408 1354 429 1381; x_wconf 84' lang='lat'>6</span> <span class='ocrx_word' id='word_1_107' title='bbox 454 1352 582 1386; x_wconf 78' lang='lat' dir='ltr'>Quoties</span> <span class='ocrx_word' id='word_1_108' title='bbox 593 1355 624 1383; x_wconf 75' lang='lat' dir='ltr'>te</span> <span class='ocrx_word' id='word_1_109' title='bbox 642 1352 773 1391; x_wconf 73' lang='lat' dir='ltr'>speculo]</span> <span class='ocrx_word' id='word_1_110' title='bbox 795 1354 817 1385; x_wconf 81' lang='lat' dir='ltr'>J</span> <span class='ocrx_word' id='word_1_111' title='bbox 822 1363 880 1384; x_wconf 90' lang='lat' dir='ltr'>ure</span> <span class='ocrx_word' id='word_1_112' title='bbox 896 1355 974 1386; x_wconf 90' lang='lat' dir='ltr'>huic</span> <span class='ocrx_word' id='word_1_113' title='bbox 996 1356 1052 1387; x_wconf 90' lang='lat' dir='ltr'>Ci-</span> 
     </span>
     <span class='ocr_line' id='line_1_23' title="bbox 367 1398 1051 1442; baseline 0.009 -14"><span class='ocrx_word' id='word_1_114' title='bbox 367 1398 463 1429; x_wconf 80' lang='lat' dir='ltr'>naedo</span> <span class='ocrx_word' id='word_1_115' title='bbox 482 1404 638 1438; x_wconf 83' lang='lat' dir='ltr'>tanquam</span> <span class='ocrx_word' id='word_1_116' title='bbox 650 1399 795 1432; x_wconf 85' lang='lat' dir='ltr'>foeminae</span> <span class='ocrx_word' id='word_1_117' title='bbox 807 1403 979 1442; x_wconf 89' lang='lat' dir='ltr'>speculum</span> <span class='ocrx_word' id='word_1_118' title='bbox 993 1405 1051 1434; x_wconf 64' lang='lat' dir='ltr'>tri⁷</span> 
     </span>
     <span class='ocr_line' id='line_1_24' title="bbox 326 1447 1051 1486; baseline 0.01 -10"><span class='ocrx_word' id='word_1_119' title='bbox 326 1468 329 1469; x_wconf 22' lang='grc' dir='ltr'><em>ν</em></span> <span class='ocrx_word' id='word_1_120' title='bbox 366 1447 453 1486; x_wconf 90' lang='lat' dir='ltr'>buit,</span> <span class='ocrx_word' id='word_1_121' title='bbox 465 1451 502 1478; x_wconf 92' lang='lat' dir='ltr'>ut</span> <span class='ocrx_word' id='word_1_122' title='bbox 518 1448 642 1479; x_wconf 86' lang='lat' dir='ltr'>Earino</span> <span class='ocrx_word' id='word_1_123' title='bbox 657 1449 836 1485; x_wconf 79' lang='lat' dir='ltr'>Martialis,</span> <span class='ocrx_word' id='word_1_124' title='bbox 854 1450 864 1466; x_wconf 90' lang='lat'>‘</span> <span class='ocrx_word' id='word_1_125' title='bbox 878 1451 1051 1483; x_wconf 87' lang='lat' dir='ltr'>consilium</span> 
     </span>
     <span class='ocr_line' id='line_1_25' title="bbox 367 1494 1050 1539; baseline 0.009 -14"><span class='ocrx_word' id='word_1_126' title='bbox 367 1494 498 1538; x_wconf 56' lang='lat' dir='ltr'>formaef</span> <span class='ocrx_word' id='word_1_127' title='bbox 512 1497 747 1536; x_wconf 82' lang='lat' dir='ltr'>pereleganter</span> <span class='ocrx_word' id='word_1_128' title='bbox 760 1507 895 1537; x_wconf 86' lang='lat' dir='ltr'>vocans,</span> <span class='ocrx_word' id='word_1_129' title='bbox 906 1500 995 1539; x_wconf 89' lang='lat' dir='ltr'>quod</span> <span class='ocrx_word' id='word_1_130' title='bbox 1008 1501 1050 1531; x_wconf 88' lang='lat' dir='ltr'>ab</span> 
     </span>
     <span class='ocr_line' id='line_1_26' title="bbox 367 1545 1050 1584; baseline 0.007 -10"><span class='ocrx_word' id='word_1_131' title='bbox 367 1553 408 1574; x_wconf 89' lang='lat' dir='ltr'>eo</span> <span class='ocrx_word' id='word_1_132' title='bbox 441 1545 679 1584; x_wconf 66' lang='lat' dir='ltr'>componendae</span> <span class='ocrx_word' id='word_1_133' title='bbox 721 1545 838 1578; x_wconf 82' lang='lat' dir='ltr'>formae</span> <span class='ocrx_word' id='word_1_134' title='bbox 876 1548 1050 1579; x_wconf 86' lang='lat' dir='ltr'>consilium</span> 
     </span>
     <span class='ocr_line' id='line_1_27' title="bbox 366 1593 1052 1636; baseline 0.009 -15"><span class='ocrx_word' id='word_1_135' title='bbox 366 1600 464 1622; x_wconf 86' lang='lat' dir='ltr'>omne</span> <span class='ocrx_word' id='word_1_136' title='bbox 477 1593 628 1624; x_wconf 83' lang='lat' dir='ltr'>sumitur.</span> <span class='ocrx_word' id='word_1_137' title='bbox 672 1593 811 1625; x_wconf 78' lang='lat' dir='ltr'>Alterum</span> <span class='ocrx_word' id='word_1_138' title='bbox 832 1600 942 1626; x_wconf 90' lang='lat' dir='ltr'>autem</span> <span class='ocrx_word' id='word_1_139' title='bbox 958 1596 1052 1636; x_wconf 89' lang='lat' dir='ltr'>dicit,</span> 
     </span>
     <span class='ocr_line' id='line_1_28' title="bbox 366 1639 1051 1683; baseline 0.01 -15"><span class='ocrx_word' id='word_1_140' title='bbox 366 1648 427 1679; x_wconf 92' lang='lat' dir='ltr'>pro</span> <span class='ocrx_word' id='word_1_141' title='bbox 442 1645 509 1669; x_wconf 86' lang='lat' dir='ltr'>tam</span> <span class='ocrx_word' id='word_1_142' title='bbox 525 1639 686 1675; x_wconf 73' lang='lat' dir='ltr'>dissimili,</span> <span class='ocrx_word' id='word_1_143' title='bbox 700 1646 736 1672; x_wconf 87' lang='lat' dir='ltr'>ut</span> <span class='ocrx_word' id='word_1_144' title='bbox 751 1643 834 1673; x_wconf 85' lang='lat' dir='ltr'>alius</span> <span class='ocrx_word' id='word_1_145' title='bbox 854 1644 959 1674; x_wconf 81' lang='lat' dir='ltr'>videri</span> <span class='ocrx_word' id='word_1_146' title='bbox 976 1653 1051 1683; x_wconf 88' lang='lat' dir='ltr'>pos—</span> 
     </span>
     <span class='ocr_line' id='line_1_29' title="bbox 365 1687 1050 1728; baseline 0.01 -12"><span class='ocrx_word' id='word_1_147' title='bbox 365 1687 421 1724; x_wconf 84' lang='lat' dir='ltr'>sit,</span> <span class='ocrx_word' id='word_1_148' title='bbox 442 1696 529 1718; x_wconf 86' lang='lat' dir='ltr'>nunc</span> <span class='ocrx_word' id='word_1_149' title='bbox 556 1688 716 1728; x_wconf 87' lang='lat' dir='ltr'>hispidus,</span> <span class='ocrx_word' id='word_1_150' title='bbox 733 1694 811 1720; x_wconf 89' lang='lat' dir='ltr'>aute</span> <span class='ocrx_word' id='word_1_151' title='bbox 827 1691 930 1722; x_wconf 70' lang='lat' dir='ltr'>laevis.</span> <span class='ocrx_word' id='word_1_152' title='bbox 973 1692 1050 1724; x_wconf 86' lang='lat' dir='ltr'>Tib.</span> 
     </span>
     <span class='ocr_line' id='line_1_30' title="bbox 367 1735 1052 1776; baseline 0.007 -12"><span class='ocrx_word' id='word_1_153' title='bbox 367 1743 394 1764; x_wconf 90' lang='lat'>1.</span> <span class='ocrx_word' id='word_1_154' title='bbox 408 1737 440 1765; x_wconf 88' lang='grc'>8.</span> <span class='ocrx_word' id='word_1_155' title='bbox 462 1735 471 1750; x_wconf 91' lang='lat'>‘</span> <span class='ocrx_word' id='word_1_156' title='bbox 485 1735 601 1766; x_wconf 83' lang='lat' dir='ltr'>Carior</span> <span class='ocrx_word' id='word_1_157' title='bbox 616 1740 669 1766; x_wconf 87' lang='lat' dir='ltr'>est</span> <span class='ocrx_word' id='word_1_158' title='bbox 684 1745 763 1766; x_wconf 87' lang='lat' dir='ltr'>auro</span> <span class='ocrx_word' id='word_1_159' title='bbox 770 1737 916 1776; x_wconf 83' lang='lat' dir='ltr'>juvenis,</span> <span class='ocrx_word' id='word_1_160' title='bbox 926 1738 978 1768; x_wconf 91' lang='lat' dir='ltr'>cui</span> <span class='ocrx_word' id='word_1_161' title='bbox 996 1739 1052 1769; x_wconf 80' lang='lat' dir='ltr'>loe-</span> 
     </span>
     <span class='ocr_line' id='line_1_31' title="bbox 367 1783 1053 1827; baseline 0.007 -14"><span class='ocrx_word' id='word_1_162' title='bbox 367 1784 422 1814; x_wconf 89' lang='lat' dir='ltr'>via</span> <span class='ocrx_word' id='word_1_163' title='bbox 436 1783 568 1823; x_wconf 86' lang='lat' dir='ltr'>fulgent</span> <span class='ocrx_word' id='word_1_164' title='bbox 583 1784 667 1823; x_wconf 87' lang='lat' dir='ltr'>Ora,</span> <span class='ocrx_word' id='word_1_165' title='bbox 685 1795 748 1816; x_wconf 88' lang='lat' dir='ltr'>nec</span> <span class='ocrx_word' id='word_1_166' title='bbox 763 1787 935 1827; x_wconf 79' lang='lat' dir='ltr'>amplexus</span> <span class='ocrx_word' id='word_1_167' title='bbox 951 1787 1053 1827; x_wconf 87' lang='lat' dir='ltr'>hispi-</span> 
     </span>
     <span class='ocr_line' id='line_1_32' title="bbox 367 1831 1052 1875; baseline 0.007 -13"><span class='ocrx_word' id='word_1_168' title='bbox 367 1831 411 1862; x_wconf 89' lang='lat' dir='ltr'>da</span> <span class='ocrx_word' id='word_1_169' title='bbox 431 1831 536 1863; x_wconf 87' lang='lat' dir='ltr'>barba</span> <span class='ocrx_word' id='word_1_170' title='bbox 561 1832 661 1863; x_wconf 77' lang='lat' dir='ltr'>terit-¹</span> <span class='ocrx_word' id='word_1_171' title='bbox 686 1834 774 1865; x_wconf 87' lang='lat' dir='ltr'>Torr.</span> <span class='ocrx_word' id='word_1_172' title='bbox 817 1835 972 1875; x_wconf 79' lang='lat' dir='ltr'>Alterum]</span> <span class='ocrx_word' id='word_1_173' title='bbox 994 1836 1052 1866; x_wconf 92' lang='lat' dir='ltr'>Vi—</span> 
     </span>
     <span class='ocr_line' id='line_1_33' title="bbox 367 1879 645 1911; baseline 0.007 -2"><span class='ocrx_word' id='word_1_174' title='bbox 367 1879 458 1910; x_wconf 87' lang='lat' dir='ltr'>deris</span> <span class='ocrx_word' id='word_1_175' title='bbox 473 1884 645 1911; x_wconf 74' lang='lat' dir='ltr'>imitatum.</span> 
     </span>
    </p>

    <p class='ocr_par' dir='ltr' id='par_1_6' title="bbox 367 1929 1052 2068">
     <span class='ocr_line' id='line_1_34' title="bbox 410 1929 1051 1970; baseline 0.008 -11"><span class='ocrx_word' id='word_1_176' title='bbox 410 1930 430 1958; x_wconf 87' lang='grc'><strong>7</strong></span> <span class='ocrx_word' id='word_1_177' title='bbox 455 1929 533 1963; x_wconf 77' lang='lat' dir='ltr'>Quoe</span> <span class='ocrx_word' id='word_1_178' title='bbox 553 1939 636 1960; x_wconf 80' lang='lat' dir='ltr'>mens</span> <span class='ocrx_word' id='word_1_179' title='bbox 655 1933 699 1960; x_wconf 70' lang='lat' dir='ltr'>est</span> <span class='ocrx_word' id='word_1_180' title='bbox 714 1930 818 1970; x_wconf 75' lang='lat' dir='ltr'>hodie]</span> <span class='ocrx_word' id='word_1_181' title='bbox 841 1931 946 1964; x_wconf 81' lang='lat' dir='ltr'>Quasi</span> <span class='ocrx_word' id='word_1_182' title='bbox 961 1931 1051 1964; x_wconf 86' lang='lat' dir='ltr'>dice-</span> 
     </span>
     <span class='ocr_line' id='line_1_35' title="bbox 367 1977 1052 2019; baseline 0.007 -13"><span class='ocrx_word' id='word_1_183' title='bbox 367 1980 440 2008; x_wconf 88' lang='lat' dir='ltr'>ret:</span> <span class='ocrx_word' id='word_1_184' title='bbox 463 1977 601 2007; x_wconf 87' lang='lat' dir='ltr'>Utinam</span> <span class='ocrx_word' id='word_1_185' title='bbox 617 1978 649 2007; x_wconf 93' lang='lat' dir='ltr'>in</span> <span class='ocrx_word' id='word_1_186' title='bbox 671 1979 789 2017; x_wconf 88' lang='lat' dir='ltr'>puerili</span> <span class='ocrx_word' id='word_1_187' title='bbox 808 1984 910 2011; x_wconf 79' lang='lat' dir='ltr'>aetate</span> <span class='ocrx_word' id='word_1_188' title='bbox 927 1990 1052 2019; x_wconf 82' lang='lat' dir='ltr'>praeco-</span> 
     </span>
     <span class='ocr_line' id='line_1_36' title="bbox 368 2023 1052 2068; baseline 0.009 -15"><span class='ocrx_word' id='word_1_189' title='bbox 368 2023 526 2062; x_wconf 87' lang='lat' dir='ltr'>gitassem</span> <span class='ocrx_word' id='word_1_190' title='bbox 537 2024 657 2055; x_wconf 89' lang='lat' dir='ltr'>faciem</span> <span class='ocrx_word' id='word_1_191' title='bbox 672 2036 779 2059; x_wconf 89' lang='lat' dir='ltr'>meam</span> <span class='ocrx_word' id='word_1_192' title='bbox 790 2027 935 2058; x_wconf 84' lang='lat' dir='ltr'>futuram</span> <span class='ocrx_word' id='word_1_193' title='bbox 949 2029 1052 2068; x_wconf 85' lang='lat' dir='ltr'>hispi-</span> 
     </span>
    </p>
   </div>
   <div class='ocr_carea' id='block_1_3' title="bbox 367 2071 1052 2157">
    <p class='ocr_par' dir='ltr' id='par_1_7' title="bbox 367 2071 1052 2157">
     <span class='ocr_line' id='line_1_37' title="bbox 367 2071 1052 2112; baseline 0.009 -11"><span class='ocrx_word' id='word_1_194' title='bbox 367 2071 456 2109; x_wconf 85' lang='lat' dir='ltr'>dam,</span> <span class='ocrx_word' id='word_1_195' title='bbox 478 2081 521 2102; x_wconf 84' lang='lat' dir='ltr'>ex</span> <span class='ocrx_word' id='word_1_196' title='bbox 545 2082 612 2112; x_wconf 90' lang='lat' dir='ltr'>qua</span> <span class='ocrx_word' id='word_1_197' title='bbox 639 2078 803 2112; x_wconf 78' lang='lat' dir='ltr'>quaestum</span> <span class='ocrx_word' id='word_1_198' title='bbox 830 2077 1052 2107; x_wconf 86' lang='lat' dir='ltr'>meretricium</span> 
     </span>
     <span class='ocr_line' id='line_1_38' title="bbox 368 2118 1050 2157; baseline 0.009 -9"><span class='ocrx_word' id='word_1_199' title='bbox 368 2118 555 2157; x_wconf 83' lang='lat' dir='ltr'>deperdere</span> <span class='ocrx_word' id='word_1_200' title='bbox 584 2120 626 2150; x_wconf 91' lang='lat' dir='ltr'>sit</span> <span class='ocrx_word' id='word_1_201' title='bbox 652 2129 809 2152; x_wconf 83' lang='lat' dir='ltr'>necesse:</span> <span class='ocrx_word' id='word_1_202' title='bbox 847 2124 898 2153; x_wconf 86' lang='lat' dir='ltr'>vel</span> <span class='ocrx_word' id='word_1_203' title='bbox 923 2124 1050 2154; x_wconf 83' lang='lat' dir='ltr'>utinam</span> 
     </span>
    </p>
   </div>
   <div class='ocr_carea' id='block_1_4' title="bbox 367 2166 1055 2790">
    <p class='ocr_par' dir='ltr' id='par_1_8' title="bbox 367 2166 1050 2208">
     <span class='ocr_line' id='line_1_39' title="bbox 367 2166 1050 2208; baseline 0.006 -11"><span class='ocrx_word' id='word_1_204' title='bbox 367 2166 463 2206; x_wconf 88' lang='lat' dir='ltr'>levis,</span> <span class='ocrx_word' id='word_1_205' title='bbox 477 2171 512 2198; x_wconf 89' lang='lat' dir='ltr'>et</span> <span class='ocrx_word' id='word_1_206' title='bbox 526 2167 640 2206; x_wconf 84' lang='lat' dir='ltr'>glabra</span> <span class='ocrx_word' id='word_1_207' title='bbox 662 2169 756 2208; x_wconf 90' lang='lat' dir='ltr'>pueri</span> <span class='ocrx_word' id='word_1_208' title='bbox 772 2169 875 2200; x_wconf 84' lang='lat' dir='ltr'>facies</span> <span class='ocrx_word' id='word_1_209' title='bbox 897 2179 983 2202; x_wconf 89' lang='lat' dir='ltr'>nunc</span> <span class='ocrx_word' id='word_1_210' title='bbox 1000 2179 1050 2201; x_wconf 86' lang='lat' dir='ltr'>re-</span> 
     </span>
    </p>

    <p class='ocr_par' dir='ltr' id='par_1_9' title="bbox 369 2215 1049 2258">
     <span class='ocr_line' id='line_1_40' title="bbox 369 2215 1049 2258; baseline 0.004 -12"><span class='ocrx_word' id='word_1_211' title='bbox 369 2215 458 2246; x_wconf 85' lang='lat' dir='ltr'>diret</span> <span class='ocrx_word' id='word_1_212' title='bbox 473 2215 514 2246; x_wconf 90' lang='lat' dir='ltr'>ad</span> <span class='ocrx_word' id='word_1_213' title='bbox 537 2216 625 2246; x_wconf 90' lang='lat' dir='ltr'>hunc</span> <span class='ocrx_word' id='word_1_214' title='bbox 650 2216 748 2247; x_wconf 75' lang='lat' dir='ltr'>animi</span> <span class='ocrx_word' id='word_1_215' title='bbox 771 2218 835 2248; x_wconf 87' lang='lat' dir='ltr'>mei</span> <span class='ocrx_word' id='word_1_216' title='bbox 857 2227 1000 2258; x_wconf 83' lang='lat' dir='ltr'>sensum,</span> <span class='ocrx_word' id='word_1_217' title='bbox 1015 2219 1049 2249; x_wconf 91' lang='lat' dir='ltr'>id</span> 
     </span>
    </p>

    <p class='ocr_par' dir='ltr' id='par_1_10' title="bbox 369 2264 1050 2297">
     <span class='ocr_line' id='line_1_41' title="bbox 369 2264 1050 2297; baseline 0.003 -2"><span class='ocrx_word' id='word_1_218' title='bbox 369 2267 443 2295; x_wconf 88' lang='lat' dir='ltr'>est:</span> <span class='ocrx_word' id='word_1_219' title='bbox 475 2264 613 2294; x_wconf 87' lang='lat' dir='ltr'>Utinam</span> <span class='ocrx_word' id='word_1_220' title='bbox 642 2273 757 2296; x_wconf 82' lang='lat' dir='ltr'>sensus</span> <span class='ocrx_word' id='word_1_221' title='bbox 786 2266 842 2296; x_wconf 91' lang='lat' dir='ltr'>ille</span> <span class='ocrx_word' id='word_1_222' title='bbox 868 2265 986 2297; x_wconf 87' lang='lat' dir='ltr'>fuisset</span> <span class='ocrx_word' id='word_1_223' title='bbox 1016 2267 1050 2296; x_wconf 90' lang='lat' dir='ltr'>in</span> 
     </span>
    </p>

    <p class='ocr_par' dir='ltr' id='par_1_11' title="bbox 368 2312 1051 2392">
     <span class='ocr_line' id='line_1_42' title="bbox 369 2312 1051 2352; baseline 0.004 -10"><span class='ocrx_word' id='word_1_224' title='bbox 369 2312 522 2352; x_wconf 85' lang='lat' dir='ltr'>pueritia,</span> <span class='ocrx_word' id='word_1_225' title='bbox 538 2315 597 2342; x_wconf 88' lang='lat' dir='ltr'>aut</span> <span class='ocrx_word' id='word_1_226' title='bbox 619 2313 712 2351; x_wconf 87' lang='lat' dir='ltr'>pueri</span> <span class='ocrx_word' id='word_1_227' title='bbox 735 2312 841 2344; x_wconf 85' lang='lat' dir='ltr'>forma</span> <span class='ocrx_word' id='word_1_228' title='bbox 862 2314 987 2345; x_wconf 84' lang='lat' dir='ltr'>rediret</span> <span class='ocrx_word' id='word_1_229' title='bbox 1010 2315 1051 2345; x_wconf 88' lang='lat' dir='ltr'>ad</span> 
     </span>
     <span class='ocr_line' id='line_1_43' title="bbox 368 2361 616 2392; baseline -0.008 0"><span class='ocrx_word' id='word_1_230' title='bbox 368 2361 456 2392; x_wconf 89' lang='lat' dir='ltr'>hunc</span> <span class='ocrx_word' id='word_1_231' title='bbox 472 2369 616 2391; x_wconf 85' lang='lat' dir='ltr'>sensum.</span> 
     </span>
    </p>

    <p class='ocr_par' dir='ltr' id='par_1_12' title="bbox 370 2407 1054 2594">
     <span class='ocr_line' id='line_1_44' title="bbox 411 2407 1051 2447; baseline 0.002 -8"><span class='ocrx_word' id='word_1_232' title='bbox 411 2412 431 2439; x_wconf 88' lang='lat'>8</span> <span class='ocrx_word' id='word_1_233' title='bbox 455 2409 622 2438; x_wconf 75' lang='lat' dir='ltr'>Incolumes</span> <span class='ocrx_word' id='word_1_234' title='bbox 642 2407 717 2447; x_wconf 75' lang='lat' dir='ltr'>non]</span> <span class='ocrx_word' id='word_1_235' title='bbox 740 2408 847 2439; x_wconf 75' lang='lat' dir='ltr'>Genae</span> <span class='ocrx_word' id='word_1_236' title='bbox 872 2409 1051 2440; x_wconf 82' lang='lat' dir='ltr'>imberbes.</span> 
     </span>
     <span class='ocr_line' id='line_1_45' title="bbox 370 2456 1052 2497; baseline 0.001 -8"><span class='ocrx_word' id='word_1_237' title='bbox 370 2458 458 2489; x_wconf 78' lang='lat' dir='ltr'>Nam</span> <span class='ocrx_word' id='word_1_238' title='bbox 476 2466 569 2496; x_wconf 78' lang='lat' dir='ltr'>genae</span> <span class='ocrx_word' id='word_1_239' title='bbox 582 2456 732 2487; x_wconf 77' lang='lat' dir='ltr'>barbatae</span> <span class='ocrx_word' id='word_1_240' title='bbox 744 2461 900 2497; x_wconf 81' lang='lat' dir='ltr'>tanquam</span> <span class='ocrx_word' id='word_1_241' title='bbox 913 2463 1052 2490; x_wconf 79' lang='lat' dir='ltr'>mortuae</span> 
     </span>
     <span class='ocr_line' id='line_1_46' title="bbox 370 2504 1054 2546; baseline 0 -9"><span class='ocrx_word' id='word_1_242' title='bbox 370 2505 592 2545; x_wconf 80' lang='lat' dir='ltr'>habebantur,</span> <span class='ocrx_word' id='word_1_243' title='bbox 605 2505 683 2546; x_wconf 87' lang='lat' dir='ltr'>quia</span> <span class='ocrx_word' id='word_1_244' title='bbox 697 2504 739 2536; x_wconf 87' lang='lat' dir='ltr'>ad</span> <span class='ocrx_word' id='word_1_245' title='bbox 754 2515 881 2537; x_wconf 89' lang='lat' dir='ltr'>amores</span> <span class='ocrx_word' id='word_1_246' title='bbox 897 2506 1054 2546; x_wconf 87' lang='lat' dir='ltr'>puerileis</span> 
     </span>
     <span class='ocr_line' id='line_1_47' title="bbox 372 2555 618 2594; baseline -0.004 -9"><span class='ocrx_word' id='word_1_247' title='bbox 372 2559 469 2586; x_wconf 88' lang='lat' dir='ltr'>erant</span> <span class='ocrx_word' id='word_1_248' title='bbox 480 2555 618 2594; x_wconf 80' lang='lat' dir='ltr'>ineptae.</span> 
     </span>
    </p>

    <p class='ocr_par' dir='ltr' id='par_1_13' title="bbox 373 2601 1055 2790">
     <span class='ocr_line' id='line_1_48' title="bbox 373 2601 1054 2643; baseline 0 -9"><span class='ocrx_word' id='word_1_249' title='bbox 373 2603 458 2634; x_wconf 77' lang='lat' dir='ltr'>One</span> <span class='ocrx_word' id='word_1_250' title='bbox 472 2612 522 2635; x_wconf 79' lang='lat' dir='ltr'>xr.</span> <span class='ocrx_word' id='word_1_251' title='bbox 542 2601 698 2643; x_wconf 63' lang='lat' dir='ltr'>’spei-udi.</span> <span class='ocrx_word' id='word_1_252' title='bbox 740 2601 797 2634; x_wconf 85' lang='lat' dir='ltr'>An</span> <span class='ocrx_word' id='word_1_253' title='bbox 819 2603 1054 2635; x_wconf 62' lang='lat' dir='ltr'>Parumne-191.</span> 
     </span>
     <span class='ocr_line' id='line_1_49' title="bbox 417 2652 1055 2693; baseline 0.003 -12"><span class='ocrx_word' id='word_1_254' title='bbox 417 2652 482 2681; x_wconf 88' lang='lat' dir='ltr'>Die</span> <span class='ocrx_word' id='word_1_255' title='bbox 498 2652 602 2683; x_wconf 82' lang='lat' dir='ltr'>natali</span> <span class='ocrx_word' id='word_1_256' title='bbox 617 2652 826 2691; x_wconf 68' lang='lat' dir='ltr'>Maecenatis,</span> <span class='ocrx_word' id='word_1_257' title='bbox 839 2653 894 2693; x_wconf 88' lang='lat' dir='ltr'>qui</span> <span class='ocrx_word' id='word_1_258' title='bbox 909 2657 983 2684; x_wconf 85' lang='lat' dir='ltr'>erat</span> <span class='ocrx_word' id='word_1_259' title='bbox 1000 2652 1055 2684; x_wconf 86' lang='lat' dir='ltr'>Id.</span> 
     </span>
     <span class='ocr_line' id='line_1_50' title="bbox 415 2697 1055 2740; baseline 0.006 -13"><span class='ocrx_word' id='word_1_260' title='bbox 415 2697 553 2738; x_wconf 85' lang='lat' dir='ltr'>Aprilis,</span> <span class='ocrx_word' id='word_1_261' title='bbox 589 2700 711 2731; x_wconf 83' lang='lat' dir='ltr'>invitat</span> <span class='ocrx_word' id='word_1_262' title='bbox 746 2710 818 2731; x_wconf 91' lang='lat' dir='ltr'>eam</span> <span class='ocrx_word' id='word_1_263' title='bbox 852 2700 893 2731; x_wconf 90' lang='lat' dir='ltr'>ad</span> <span class='ocrx_word' id='word_1_264' title='bbox 929 2701 1055 2740; x_wconf 80' lang='lat' dir='ltr'>epulas.</span> 
     </span>
     <span class='ocr_line' id='line_1_51' title="bbox 417 2745 1054 2790; baseline 0.006 -14"><span class='ocrx_word' id='word_1_265' title='bbox 417 2745 613 2787; x_wconf 86' lang='lat' dir='ltr'>[Bamberg.</span> <span class='ocrx_word' id='word_1_266' title='bbox 636 2750 844 2788; x_wconf 78' lang='lat' dir='ltr'>Pragmatice.</span> <span class='ocrx_word' id='word_1_267' title='bbox 868 2750 918 2781; x_wconf 75' lang='lat' dir='ltr'>Ad</span> <span class='ocrx_word' id='word_1_268' title='bbox 935 2750 1054 2790; x_wconf 73' lang='lat' dir='ltr'>Phylli-</span> 
     </span>
    </p>
   </div>
   <div class='ocr_carea' id='block_1_5' title="bbox 826 294 1338 326">
    <p class='ocr_par' dir='ltr' id='par_1_14' title="bbox 826 294 1338 326">
     <span class='ocr_line' id='line_1_52' title="bbox 826 294 1338 326; baseline 0.004 -2"><span class='ocrx_word' id='word_1_269' title='bbox 826 294 965 325; x_wconf 71' lang='lat' dir='ltr'>NOTAE</span> <span class='ocrx_word' id='word_1_270' title='bbox 998 294 1254 326; x_wconf 75' lang='lat' dir='ltr'>VARIORUM</span> <span class='ocrx_word' id='word_1_271' title='bbox 1287 296 1338 326; x_wconf 79' lang='grc' dir='ltr'>ΙΝ</span> 
     </span>
    </p>
   </div>
   <div class='ocr_carea' id='block_1_6' title="bbox 1095 385 1786 1731">
    <p class='ocr_par' dir='ltr' id='par_1_15' title="bbox 1140 385 1776 420">
     <span class='ocr_line' id='line_1_53' title="bbox 1140 385 1776 420; baseline 0.005 -3"><span class='ocrx_word' id='word_1_272' title='bbox 1140 387 1219 418; x_wconf 75' lang='lat' dir='ltr'>darn.</span> <span class='ocrx_word' id='word_1_273' title='bbox 1263 387 1312 418; x_wconf 86' lang='lat' dir='ltr'>De</span> <span class='ocrx_word' id='word_1_274' title='bbox 1325 386 1375 417; x_wconf 80' lang='lat' dir='ltr'>die</span> <span class='ocrx_word' id='word_1_275' title='bbox 1388 385 1501 417; x_wconf 72' lang='lat' dir='ltr'>natalis</span> <span class='ocrx_word' id='word_1_276' title='bbox 1513 385 1562 418; x_wconf 71' lang='lat' dir='ltr'>mi</span> <span class='ocrx_word' id='word_1_277' title='bbox 1578 389 1609 418; x_wconf 71' lang='lat' dir='ltr'>et</span> <span class='ocrx_word' id='word_1_278' title='bbox 1625 386 1776 420; x_wconf 63' lang='grc' dir='ltr'>Μαι-σιω·</span> 
     </span>
    </p>

    <p class='ocr_par' dir='ltr' id='par_1_16' title="bbox 1141 433 1209 473">
     <span class='ocr_line' id='line_1_54' title="bbox 1141 433 1209 473; baseline 0.029 -9"><span class='ocrx_word' id='word_1_279' title='bbox 1141 433 1209 473; x_wconf 59' lang='grc' dir='ltr'>ῆι]</span> 
     </span>
    </p>

    <p class='ocr_par' dir='ltr' id='par_1_17' title="bbox 1095 477 1782 1000">
     <span class='ocr_line' id='line_1_55' title="bbox 1104 477 1779 522; baseline 0.004 -10"><span class='ocrx_word' id='word_1_280' title='bbox 1104 477 1107 480; x_wconf 77' lang='grc'><strong>’</strong></span> <span class='ocrx_word' id='word_1_281' title='bbox 1142 484 1158 512; x_wconf 92' lang='grc'>1</span> <span class='ocrx_word' id='word_1_282' title='bbox 1184 482 1297 512; x_wconf 81' lang='lat' dir='ltr'>Plenus</span> <span class='ocrx_word' id='word_1_283' title='bbox 1308 481 1422 512; x_wconf 80' lang='lat' dir='ltr'>Albani</span> <span class='ocrx_word' id='word_1_284' title='bbox 1435 482 1542 522; x_wconf 74' lang='lat' dir='ltr'>cadus]</span> <span class='ocrx_word' id='word_1_285' title='bbox 1565 482 1695 515; x_wconf 87' lang='lat' dir='ltr'>Albano</span> <span class='ocrx_word' id='word_1_286' title='bbox 1711 487 1779 515; x_wconf 90' lang='lat' dir='ltr'>ter-</span> 
     </span>
     <span class='ocr_line' id='line_1_56' title="bbox 1100 529 1778 570; baseline 0.006 -11"><span class='ocrx_word' id='word_1_287' title='bbox 1100 529 1178 560; x_wconf 88' lang='lat' dir='ltr'>tiam</span> <span class='ocrx_word' id='word_1_288' title='bbox 1191 529 1277 560; x_wconf 89' lang='lat' dir='ltr'>inter</span> <span class='ocrx_word' id='word_1_289' title='bbox 1289 531 1364 560; x_wconf 88' lang='lat' dir='ltr'>vina</span> <span class='ocrx_word' id='word_1_290' title='bbox 1378 531 1519 570; x_wconf 85' lang='lat' dir='ltr'>palmam</span> <span class='ocrx_word' id='word_1_291' title='bbox 1531 531 1590 562; x_wconf 85' lang='lat' dir='ltr'>dat</span> <span class='ocrx_word' id='word_1_292' title='bbox 1604 531 1692 563; x_wconf 88' lang='lat' dir='ltr'>Plin.</span> <span class='ocrx_word' id='word_1_293' title='bbox 1704 540 1778 563; x_wconf 78' lang='lat' dir='ltr'>xiv.</span> 
     </span>
     <span class='ocr_line' id='line_1_57' title="bbox 1100 578 1778 613; baseline 0.004 -4"><span class='ocrx_word' id='word_1_294' title='bbox 1100 581 1131 609; x_wconf 84' lang='grc'>6.</span> <span class='ocrx_word' id='word_1_295' title='bbox 1166 578 1252 611; x_wconf 82' lang='lat' dir='ltr'>Quin</span> <span class='ocrx_word' id='word_1_296' title='bbox 1268 584 1302 610; x_wconf 90' lang='lat' dir='ltr'>et</span> <span class='ocrx_word' id='word_1_297' title='bbox 1317 580 1472 612; x_wconf 80' lang='lat' dir='ltr'>Juvenal.</span> <span class='ocrx_word' id='word_1_298' title='bbox 1486 581 1557 613; x_wconf 81' lang='lat' dir='ltr'>Sat.</span> <span class='ocrx_word' id='word_1_299' title='bbox 1572 590 1607 613; x_wconf 81' lang='lat' dir='ltr'>v.</span> <span class='ocrx_word' id='word_1_300' title='bbox 1622 591 1696 613; x_wconf 86' lang='lat' dir='ltr'>cum</span> <span class='ocrx_word' id='word_1_301' title='bbox 1712 581 1778 613; x_wconf 84' lang='lat' dir='ltr'>ait:</span> 
     </span>
     <span class='ocr_line' id='line_1_58' title="bbox 1101 626 1781 669; baseline 0.007 -13"><span class='ocrx_word' id='word_1_302' title='bbox 1101 627 1110 644; x_wconf 91' lang='lat'>‘</span> <span class='ocrx_word' id='word_1_303' title='bbox 1126 627 1208 657; x_wconf 92' lang='lat' dir='ltr'>Cras</span> <span class='ocrx_word' id='word_1_304' title='bbox 1222 626 1315 658; x_wconf 85' lang='lat' dir='ltr'>bibet</span> <span class='ocrx_word' id='word_1_305' title='bbox 1331 627 1469 658; x_wconf 83' lang='lat' dir='ltr'>Albanis</span> <span class='ocrx_word' id='word_1_306' title='bbox 1483 629 1606 669; x_wconf 88' lang='lat' dir='ltr'>aliquid</span> <span class='ocrx_word' id='word_1_307' title='bbox 1629 630 1672 660; x_wconf 85' lang='lat' dir='ltr'>de</span> <span class='ocrx_word' id='word_1_308' title='bbox 1687 639 1781 661; x_wconf 89' lang='lat' dir='ltr'>mon·</span> 
     </span>
     <span class='ocr_line' id='line_1_59' title="bbox 1102 673 1779 718; baseline 0.007 -14"><span class='ocrx_word' id='word_1_309' title='bbox 1102 673 1190 705; x_wconf 88' lang='lat' dir='ltr'>tibus</span> <span class='ocrx_word' id='word_1_310' title='bbox 1205 679 1263 706; x_wconf 89' lang='lat' dir='ltr'>aut</span> <span class='ocrx_word' id='word_1_311' title='bbox 1277 675 1320 705; x_wconf 88' lang='lat' dir='ltr'>de</span> <span class='ocrx_word' id='word_1_312' title='bbox 1343 676 1490 707; x_wconf 86' lang='lat' dir='ltr'>Setinis.&#39;</span> <span class='ocrx_word' id='word_1_313' title='bbox 1533 677 1610 708; x_wconf 87' lang='lat' dir='ltr'>Vini</span> <span class='ocrx_word' id='word_1_314' title='bbox 1626 678 1720 718; x_wconf 76' lang='lat' dir='ltr'>liujus</span> <span class='ocrx_word' id='word_1_315' title='bbox 1743 681 1779 709; x_wconf 84' lang='lat' dir='ltr'>et</span> 
     </span>
     <span class='ocr_line' id='line_1_60' title="bbox 1099 722 1780 767; baseline 0.007 -15"><span class='ocrx_word' id='word_1_316' title='bbox 1099 722 1172 761; x_wconf 90' lang='lat' dir='ltr'>ipse</span> <span class='ocrx_word' id='word_1_317' title='bbox 1183 723 1388 755; x_wconf 85' lang='lat' dir='ltr'>nobilitatem</span> <span class='ocrx_word' id='word_1_318' title='bbox 1397 725 1556 763; x_wconf 82' lang='lat' dir='ltr'>ostendit,</span> <span class='ocrx_word' id='word_1_319' title='bbox 1565 730 1682 766; x_wconf 84' lang='lat' dir='ltr'>utpote</span> <span class='ocrx_word' id='word_1_320' title='bbox 1691 725 1780 767; x_wconf 84' lang='lat' dir='ltr'>quod</span> 
     </span>
     <span class='ocr_line' id='line_1_61' title="bbox 1099 770 1782 815; baseline 0.009 -15"><span class='ocrx_word' id='word_1_321' title='bbox 1099 770 1214 801; x_wconf 88' lang='lat' dir='ltr'>Setino</span> <span class='ocrx_word' id='word_1_322' title='bbox 1227 771 1371 803; x_wconf 86' lang='lat' dir='ltr'>conferri</span> <span class='ocrx_word' id='word_1_323' title='bbox 1386 774 1502 813; x_wconf 86' lang='lat' dir='ltr'>possit.</span> <span class='ocrx_word' id='word_1_324' title='bbox 1545 775 1706 815; x_wconf 84' lang='lat' dir='ltr'>Loquitur</span> <span class='ocrx_word' id='word_1_325' title='bbox 1725 783 1782 806; x_wconf 81' lang='lat' dir='ltr'>au·</span> 
     </span>
     <span class='ocr_line' id='line_1_62' title="bbox 1098 819 1781 863; baseline 0.009 -15"><span class='ocrx_word' id='word_1_326' title='bbox 1098 822 1166 849; x_wconf 88' lang='lat' dir='ltr'>tem</span> <span class='ocrx_word' id='word_1_327' title='bbox 1187 819 1230 850; x_wconf 90' lang='lat' dir='ltr'>de</span> <span class='ocrx_word' id='word_1_328' title='bbox 1246 819 1350 852; x_wconf 88' lang='lat' dir='ltr'>divite</span> <span class='ocrx_word' id='word_1_329' title='bbox 1373 822 1556 860; x_wconf 88' lang='lat' dir='ltr'>luxurioso,</span> <span class='ocrx_word' id='word_1_330' title='bbox 1579 823 1635 862; x_wconf 89' lang='lat' dir='ltr'>qui</span> <span class='ocrx_word' id='word_1_331' title='bbox 1657 822 1781 863; x_wconf 85' lang='lat' dir='ltr'>pridia-</span> 
     </span>
     <span class='ocr_line' id='line_1_63' title="bbox 1099 870 1782 903; baseline 0.009 -6"><span class='ocrx_word' id='word_1_332' title='bbox 1099 875 1152 897; x_wconf 72' lang='lat' dir='ltr'>na».</span> <span class='ocrx_word' id='word_1_333' title='bbox 1167 877 1270 899; x_wconf 76' lang='lat' dir='ltr'>coenoe</span> <span class='ocrx_word' id='word_1_334' title='bbox 1287 870 1482 901; x_wconf 88' lang='lat' dir='ltr'>cruditatem</span> <span class='ocrx_word' id='word_1_335' title='bbox 1498 870 1626 902; x_wconf 84' lang='lat' dir='ltr'>Albano</span> <span class='ocrx_word' id='word_1_336' title='bbox 1641 876 1698 903; x_wconf 87' lang='lat' dir='ltr'>aut</span> <span class='ocrx_word' id='word_1_337' title='bbox 1722 872 1782 902; x_wconf 85' lang='lat' dir='ltr'>Se-</span> 
     </span>
     <span class='ocr_line' id='line_1_64' title="bbox 1099 916 1781 957; baseline 0.012 -12"><span class='ocrx_word' id='word_1_338' title='bbox 1099 916 1170 945; x_wconf 88' lang='lat' dir='ltr'>tino</span> <span class='ocrx_word' id='word_1_339' title='bbox 1186 917 1268 947; x_wconf 85' lang='lat' dir='ltr'>velit</span> <span class='ocrx_word' id='word_1_340' title='bbox 1281 919 1461 957; x_wconf 83' lang='lat' dir='ltr'>corrigere.</span> <span class='ocrx_word' id='word_1_341' title='bbox 1483 921 1623 952; x_wconf 73' lang='lat' dir='ltr'>Tor-rent.</span> <span class='ocrx_word' id='word_1_342' title='bbox 1665 921 1781 952; x_wconf 77' lang='lat' dir='ltr'>Albam·</span> 
     </span>
     <span class='ocr_line' id='line_1_65' title="bbox 1095 962 1449 1000; baseline 0.006 -7"><span class='ocrx_word' id='word_1_343' title='bbox 1095 962 1203 1000; x_wconf 72' lang='lat' dir='ltr'>cadus]</span> <span class='ocrx_word' id='word_1_344' title='bbox 1226 963 1306 993; x_wconf 84' lang='lat' dir='ltr'>Vini</span> <span class='ocrx_word' id='word_1_345' title='bbox 1317 963 1449 995; x_wconf 87' lang='lat' dir='ltr'>Albani.</span> 
     </span>
    </p>

    <p class='ocr_par' dir='ltr' id='par_1_18' title="bbox 1099 1010 1786 1731">
     <span class='ocr_line' id='line_1_66' title="bbox 1141 1010 1783 1052; baseline 0.009 -13"><span class='ocrx_word' id='word_1_346' title='bbox 1141 1012 1160 1039; x_wconf 77' lang='grc'><strong>3</strong></span> <span class='ocrx_word' id='word_1_347' title='bbox 1184 1010 1350 1040; x_wconf 71' lang='lat' dir='ltr'>Nectendn&#39;s</span> <span class='ocrx_word' id='word_1_348' title='bbox 1358 1011 1460 1050; x_wconf 77' lang='lat' dir='ltr'>apium</span> <span class='ocrx_word' id='word_1_349' title='bbox 1469 1012 1601 1052; x_wconf 73' lang='lat' dir='ltr'>coronio]</span> <span class='ocrx_word' id='word_1_350' title='bbox 1621 1013 1718 1044; x_wconf 83' lang='lat' dir='ltr'>Inter</span> <span class='ocrx_word' id='word_1_351' title='bbox 1728 1023 1783 1045; x_wconf 87' lang='lat' dir='ltr'>co·</span> 
     </span>
     <span class='ocr_line' id='line_1_67' title="bbox 1099 1059 1783 1102; baseline 0.006 -14"><span class='ocrx_word' id='word_1_352' title='bbox 1099 1059 1245 1089; x_wconf 85' lang='lat' dir='ltr'>rouarias</span> <span class='ocrx_word' id='word_1_353' title='bbox 1274 1059 1391 1091; x_wconf 83' lang='lat' dir='ltr'>herbas</span> <span class='ocrx_word' id='word_1_354' title='bbox 1415 1061 1674 1092; x_wconf 85' lang='lat' dir='ltr'>enumerandum</span> <span class='ocrx_word' id='word_1_355' title='bbox 1703 1070 1783 1102; x_wconf 80' lang='lat' dir='ltr'>ergo</span> 
     </span>
     <span class='ocr_line' id='line_1_68' title="bbox 1100 1107 1784 1147; baseline 0.004 -10"><span class='ocrx_word' id='word_1_356' title='bbox 1100 1112 1152 1138; x_wconf 85' lang='lat' dir='ltr'>est</span> <span class='ocrx_word' id='word_1_357' title='bbox 1165 1107 1279 1147; x_wconf 77' lang='lat' dir='ltr'>apium,</span> <span class='ocrx_word' id='word_1_358' title='bbox 1295 1112 1332 1139; x_wconf 89' lang='lat' dir='ltr'>ut</span> <span class='ocrx_word' id='word_1_359' title='bbox 1354 1113 1434 1140; x_wconf 89' lang='lat' dir='ltr'>ante</span> <span class='ocrx_word' id='word_1_360' title='bbox 1449 1109 1590 1140; x_wconf 87' lang='lat' dir='ltr'>vidimus</span> <span class='ocrx_word' id='word_1_361' title='bbox 1607 1117 1647 1140; x_wconf 85' lang='lat' dir='ltr'>n.</span> <span class='ocrx_word' id='word_1_362' title='bbox 1663 1109 1730 1140; x_wconf 88' lang='lat' dir='ltr'>Od.</span> <span class='ocrx_word' id='word_1_363' title='bbox 1749 1112 1784 1141; x_wconf 82' lang='grc'>7.</span> 
     </span>
     <span class='ocr_line' id='line_1_69' title="bbox 1100 1157 1784 1199; baseline 0.007 -14"><span class='ocrx_word' id='word_1_364' title='bbox 1100 1165 1209 1196; x_wconf 90' lang='lat' dir='ltr'>neque</span> <span class='ocrx_word' id='word_1_365' title='bbox 1224 1157 1303 1187; x_wconf 89' lang='lat' dir='ltr'>illud</span> <span class='ocrx_word' id='word_1_366' title='bbox 1319 1162 1447 1189; x_wconf 83' lang='lat' dir='ltr'>tantum</span> <span class='ocrx_word' id='word_1_367' title='bbox 1468 1158 1556 1199; x_wconf 90' lang='lat' dir='ltr'>quod</span> <span class='ocrx_word' id='word_1_368' title='bbox 1579 1157 1784 1190; x_wconf 72' lang='grc' dir='ltr'>ἑλειοσέλὶνον</span> 
     </span>
     <span class='ocr_line' id='line_1_70' title="bbox 1101 1204 1786 1247; baseline 0.006 -12"><span class='ocrx_word' id='word_1_369' title='bbox 1101 1204 1216 1236; x_wconf 84' lang='lat' dir='ltr'>Graeci</span> <span class='ocrx_word' id='word_1_370' title='bbox 1238 1210 1372 1242; x_wconf 85' lang='lat' dir='ltr'>vocant.</span> <span class='ocrx_word' id='word_1_371' title='bbox 1387 1215 1446 1237; x_wconf 87' lang='lat' dir='ltr'>sen</span> <span class='ocrx_word' id='word_1_372' title='bbox 1468 1207 1606 1247; x_wconf 76' lang='lat' dir='ltr'>palustre</span> <span class='ocrx_word' id='word_1_373' title='bbox 1623 1217 1663 1239; x_wconf 89' lang='lat' dir='ltr'>ac</span> <span class='ocrx_word' id='word_1_374' title='bbox 1686 1207 1786 1239; x_wconf 86' lang='lat' dir='ltr'>rusti-</span> 
     </span>
     <span class='ocr_line' id='line_1_71' title="bbox 1100 1254 1784 1297; baseline 0.006 -14"><span class='ocrx_word' id='word_1_375' title='bbox 1100 1262 1175 1284; x_wconf 90' lang='lat' dir='ltr'>cum</span> <span class='ocrx_word' id='word_1_376' title='bbox 1190 1263 1199 1283; x_wconf 91' lang='lat'><strong>:</strong></span> <span class='ocrx_word' id='word_1_377' title='bbox 1238 1263 1350 1284; x_wconf 90' lang='lat' dir='ltr'>verum</span> <span class='ocrx_word' id='word_1_378' title='bbox 1381 1254 1483 1286; x_wconf 83' lang='lat' dir='ltr'>etiam</span> <span class='ocrx_word' id='word_1_379' title='bbox 1511 1255 1654 1287; x_wconf 80' lang='lat' dir='ltr'>sativum</span> <span class='ocrx_word' id='word_1_380' title='bbox 1683 1260 1784 1297; x_wconf 84' lang='lat' dir='ltr'>atque</span> 
     </span>
     <span class='ocr_line' id='line_1_72' title="bbox 1100 1302 1784 1341; baseline 0.007 -9"><span class='ocrx_word' id='word_1_381' title='bbox 1100 1302 1268 1341; x_wconf 79' lang='lat' dir='ltr'>hortense,</span> <span class='ocrx_word' id='word_1_382' title='bbox 1285 1309 1322 1334; x_wconf 90' lang='lat' dir='ltr'>ut</span> <span class='ocrx_word' id='word_1_383' title='bbox 1338 1313 1380 1334; x_wconf 89' lang='lat' dir='ltr'>ex</span> <span class='ocrx_word' id='word_1_384' title='bbox 1395 1305 1457 1335; x_wconf 86' lang='lat' dir='ltr'>hoc</span> <span class='ocrx_word' id='word_1_385' title='bbox 1480 1306 1554 1336; x_wconf 92' lang='lat' dir='ltr'>loco</span> <span class='ocrx_word' id='word_1_386' title='bbox 1573 1305 1784 1338; x_wconf 85' lang='lat' dir='ltr'>manifestum</span> 
     </span>
     <span class='ocr_line' id='line_1_73' title="bbox 1101 1351 1782 1393; baseline 0.006 -13"><span class='ocrx_word' id='word_1_387' title='bbox 1101 1354 1164 1389; x_wconf 88' lang='lat' dir='ltr'>est,</span> <span class='ocrx_word' id='word_1_388' title='bbox 1178 1355 1212 1380; x_wconf 88' lang='lat' dir='ltr'>et</span> <span class='ocrx_word' id='word_1_389' title='bbox 1229 1351 1271 1381; x_wconf 89' lang='lat' dir='ltr'>de</span> <span class='ocrx_word' id='word_1_390' title='bbox 1286 1360 1326 1382; x_wconf 92' lang='lat' dir='ltr'>eo</span> <span class='ocrx_word' id='word_1_391' title='bbox 1343 1352 1442 1383; x_wconf 89' lang='lat' dir='ltr'>etiam</span> <span class='ocrx_word' id='word_1_392' title='bbox 1457 1353 1604 1393; x_wconf 85' lang='lat' dir='ltr'>loquitur</span> <span class='ocrx_word' id='word_1_393' title='bbox 1618 1353 1706 1384; x_wconf 89' lang='lat' dir='ltr'>Plin.</span> <span class='ocrx_word' id='word_1_394' title='bbox 1721 1361 1782 1384; x_wconf 78' lang='lat' dir='ltr'>xx.</span> 
     </span>
     <span class='ocr_line' id='line_1_74' title="bbox 1103 1399 1785 1438; baseline 0.006 -11"><span class='ocrx_word' id='word_1_395' title='bbox 1103 1401 1153 1428; x_wconf 90' lang='lat' dir='ltr'>ll.</span> <span class='ocrx_word' id='word_1_396' title='bbox 1179 1407 1253 1428; x_wconf 88' lang='lat' dir='ltr'>cum</span> <span class='ocrx_word' id='word_1_397' title='bbox 1280 1399 1480 1438; x_wconf 82' lang='lat' dir='ltr'>peculiarem</span> <span class='ocrx_word' id='word_1_398' title='bbox 1506 1401 1539 1430; x_wconf 88' lang='lat' dir='ltr'>in</span> <span class='ocrx_word' id='word_1_399' title='bbox 1565 1400 1785 1431; x_wconf 87' lang='lat' dir='ltr'>condimentis</span> 
     </span>
     <span class='ocr_line' id='line_1_75' title="bbox 1101 1446 1783 1489; baseline 0.006 -14"><span class='ocrx_word' id='word_1_400' title='bbox 1101 1446 1223 1475; x_wconf 84' lang='lat' dir='ltr'>habere</span> <span class='ocrx_word' id='word_1_401' title='bbox 1252 1447 1393 1485; x_wconf 83' lang='lat' dir='ltr'>gratiam</span> <span class='ocrx_word' id='word_1_402' title='bbox 1422 1447 1548 1487; x_wconf 82' lang='lat' dir='ltr'>scribit,</span> <span class='ocrx_word' id='word_1_403' title='bbox 1573 1448 1660 1489; x_wconf 85' lang='lat' dir='ltr'>quod</span> <span class='ocrx_word' id='word_1_404' title='bbox 1685 1449 1783 1479; x_wconf 85' lang='lat' dir='ltr'>hodie</span> 
     </span>
     <span class='ocr_line' id='line_1_76' title="bbox 1101 1496 1784 1537; baseline 0.007 -13"><span class='ocrx_word' id='word_1_405' title='bbox 1101 1496 1198 1533; x_wconf 81' lang='lat' dir='ltr'>vulgo</span> <span class='ocrx_word' id='word_1_406' title='bbox 1211 1496 1220 1512; x_wconf 94' lang='lat'>‘</span> <span class='ocrx_word' id='word_1_407' title='bbox 1230 1497 1466 1535; x_wconf 84' lang='lat' dir='ltr'>petroselinum</span> <span class='ocrx_word' id='word_1_408' title='bbox 1477 1497 1486 1510; x_wconf 95' lang='lat'>’</span> <span class='ocrx_word' id='word_1_409' title='bbox 1499 1498 1717 1537; x_wconf 86' lang='lat' dir='ltr'>appellamus,</span> <span class='ocrx_word' id='word_1_410' title='bbox 1728 1507 1784 1529; x_wconf 87' lang='lat' dir='ltr'>eo-</span> 
     </span>
     <span class='ocr_line' id='line_1_77' title="bbox 1100 1546 1785 1587; baseline 0.006 -12"><span class='ocrx_word' id='word_1_411' title='bbox 1100 1556 1165 1586; x_wconf 90' lang='lat' dir='ltr'>que</span> <span class='ocrx_word' id='word_1_412' title='bbox 1181 1546 1212 1576; x_wconf 92' lang='lat' dir='ltr'>in</span> <span class='ocrx_word' id='word_1_413' title='bbox 1229 1547 1310 1577; x_wconf 88' lang='lat' dir='ltr'>cibis</span> <span class='ocrx_word' id='word_1_414' title='bbox 1327 1547 1517 1587; x_wconf 87' lang='lat' dir='ltr'>etjucunde</span> <span class='ocrx_word' id='word_1_415' title='bbox 1530 1553 1565 1579; x_wconf 89' lang='lat' dir='ltr'>et</span> <span class='ocrx_word' id='word_1_416' title='bbox 1574 1548 1703 1579; x_wconf 87' lang='lat' dir='ltr'>utiliter</span> <span class='ocrx_word' id='word_1_417' title='bbox 1720 1548 1785 1579; x_wconf 90' lang='lat' dir='ltr'>uti-</span> 
     </span>
     <span class='ocr_line' id='line_1_78' title="bbox 1101 1595 1784 1636; baseline 0.004 -12"><span class='ocrx_word' id='word_1_418' title='bbox 1101 1603 1182 1624; x_wconf 91' lang='lat' dir='ltr'>mur.</span> <span class='ocrx_word' id='word_1_419' title='bbox 1226 1595 1432 1635; x_wconf 83' lang='lat' dir='ltr'>Quamquam</span> <span class='ocrx_word' id='word_1_420' title='bbox 1449 1596 1544 1635; x_wconf 83' lang='lat' dir='ltr'>plura</span> <span class='ocrx_word' id='word_1_421' title='bbox 1557 1596 1623 1627; x_wconf 89' lang='lat' dir='ltr'>sint</span> <span class='ocrx_word' id='word_1_422' title='bbox 1636 1597 1702 1636; x_wconf 90' lang='lat' dir='ltr'>apii</span> <span class='ocrx_word' id='word_1_423' title='bbox 1727 1605 1784 1636; x_wconf 83' lang='lat' dir='ltr'>ge-</span> 
     </span>
     <span class='ocr_line' id='line_1_79' title="bbox 1101 1638 1782 1682; baseline 0.007 -11"><span class='ocrx_word' id='word_1_424' title='bbox 1101 1650 1272 1680; x_wconf 87' lang='lat' dir='ltr'>nera,non</span> <span class='ocrx_word' id='word_1_425' title='bbox 1295 1652 1389 1682; x_wconf 78' lang='lat' dir='ltr'>aeqne</span> <span class='ocrx_word' id='word_1_426' title='bbox 1411 1638 1519 1674; x_wconf 82' lang='lat' dir='ltr'>omnia</span> <span class='ocrx_word' id='word_1_427' title='bbox 1541 1644 1686 1676; x_wconf 84' lang='lat' dir='ltr'>laudata.</span> <span class='ocrx_word' id='word_1_428' title='bbox 1706 1654 1782 1676; x_wconf 88' lang='lat' dir='ltr'>nam</span> 
     </span>
     <span class='ocr_line' id='line_1_80' title="bbox 1101 1689 1784 1731; baseline 0.007 -12"><span class='ocrx_word' id='word_1_429' title='bbox 1101 1689 1182 1720; x_wconf 87' lang='lat' dir='ltr'>illud</span> <span class='ocrx_word' id='word_1_430' title='bbox 1204 1691 1291 1729; x_wconf 88' lang='lat' dir='ltr'>qnod</span> <span class='ocrx_word' id='word_1_431' title='bbox 1317 1691 1350 1720; x_wconf 90' lang='lat' dir='ltr'>in</span> <span class='ocrx_word' id='word_1_432' title='bbox 1373 1691 1531 1722; x_wconf 83' lang='lat' dir='ltr'>Sardinia</span> <span class='ocrx_word' id='word_1_433' title='bbox 1551 1693 1713 1731; x_wconf 87' lang='lat' dir='ltr'>nascitur,</span> <span class='ocrx_word' id='word_1_434' title='bbox 1729 1702 1784 1723; x_wconf 88' lang='lat' dir='ltr'>ve-</span> 
     </span>
    </p>
   </div>
   <div class='ocr_carea' id='block_1_7' title="bbox 1071 1732 1835 1782">
    <p class='ocr_par' dir='ltr' id='par_1_19' title="bbox 1071 1732 1835 1782">
     <span class='ocr_line' id='line_1_81' title="bbox 1071 1732 1835 1782; baseline 0.008 -15"><span class='ocrx_word' id='word_1_435' title='bbox 1071 1764 1086 1776; x_wconf 76' lang='grc'><em>,</em></span> <span class='ocrx_word' id='word_1_436' title='bbox 1101 1742 1258 1768; x_wconf 84' lang='lat' dir='ltr'>uenatum</span> <span class='ocrx_word' id='word_1_437' title='bbox 1275 1743 1337 1769; x_wconf 86' lang='lat' dir='ltr'>est.</span> <span class='ocrx_word' id='word_1_438' title='bbox 1361 1739 1498 1769; x_wconf 78' lang='lat' dir='ltr'>Tment.</span> <span class='ocrx_word' id='word_1_439' title='bbox 1530 1739 1643 1780; x_wconf 78' lang='lat' dir='ltr'>Apium</span> <span class='ocrx_word' id='word_1_440' title='bbox 1653 1742 1786 1782; x_wconf 73' lang='lat' dir='ltr'>coronis]</span> <span class='ocrx_word' id='word_1_441' title='bbox 1832 1732 1835 1734; x_wconf 32' lang='grc'>’</span> 
     </span>
    </p>
   </div>
   <div class='ocr_carea' id='block_1_8' title="bbox 1099 1784 1786 2792">
    <p class='ocr_par' dir='ltr' id='par_1_20' title="bbox 1101 1784 1785 1962">
     <span class='ocr_line' id='line_1_82' title="bbox 1102 1784 1785 1826; baseline 0.006 -11"><span class='ocrx_word' id='word_1_442' title='bbox 1102 1784 1224 1825; x_wconf 87' lang='lat' dir='ltr'>Apium</span> <span class='ocrx_word' id='word_1_443' title='bbox 1237 1785 1434 1817; x_wconf 84' lang='lat' dir='ltr'>ebrietatem</span> <span class='ocrx_word' id='word_1_444' title='bbox 1454 1787 1560 1826; x_wconf 88' lang='lat' dir='ltr'>pellit,</span> <span class='ocrx_word' id='word_1_445' title='bbox 1572 1793 1606 1818; x_wconf 90' lang='lat' dir='ltr'>et</span> <span class='ocrx_word' id='word_1_446' title='bbox 1621 1788 1662 1819; x_wconf 90' lang='lat' dir='ltr'>ab</span> <span class='ocrx_word' id='word_1_447' title='bbox 1674 1788 1785 1820; x_wconf 84' lang='lat' dir='ltr'>Hora-</span> 
     </span>
     <span class='ocr_line' id='line_1_83' title="bbox 1102 1834 1784 1877; baseline 0.007 -14"><span class='ocrx_word' id='word_1_448' title='bbox 1102 1834 1150 1864; x_wconf 91' lang='lat' dir='ltr'>tio</span> <span class='ocrx_word' id='word_1_449' title='bbox 1165 1834 1197 1864; x_wconf 90' lang='lat' dir='ltr'>in</span> <span class='ocrx_word' id='word_1_450' title='bbox 1214 1834 1312 1865; x_wconf 86' lang='lat' dir='ltr'>rebus</span> <span class='ocrx_word' id='word_1_451' title='bbox 1327 1835 1412 1865; x_wconf 80' lang='lat' dir='ltr'>laetis</span> <span class='ocrx_word' id='word_1_452' title='bbox 1432 1835 1620 1874; x_wconf 86' lang='lat' dir='ltr'>adhibetur,</span> <span class='ocrx_word' id='word_1_453' title='bbox 1634 1838 1784 1877; x_wconf 76' lang='lat' dir='ltr'>quamvis</span> 
     </span>
     <span class='ocr_line' id='line_1_84' title="bbox 1101 1882 1784 1924; baseline 0.007 -12"><span class='ocrx_word' id='word_1_454' title='bbox 1101 1882 1232 1913; x_wconf 84' lang='lat' dir='ltr'>Graecis</span> <span class='ocrx_word' id='word_1_455' title='bbox 1247 1892 1380 1923; x_wconf 86' lang='lat' dir='ltr'>semper</span> <span class='ocrx_word' id='word_1_456' title='bbox 1397 1882 1462 1915; x_wconf 85' lang='lat' dir='ltr'>fuit</span> <span class='ocrx_word' id='word_1_457' title='bbox 1484 1884 1634 1924; x_wconf 86' lang='lat' dir='ltr'>lugubre.</span> <span class='ocrx_word' id='word_1_458' title='bbox 1656 1885 1742 1916; x_wconf 87' lang='lat' dir='ltr'>Vide</span> <span class='ocrx_word' id='word_1_459' title='bbox 1758 1894 1784 1917; x_wconf 80' lang='grc' dir='ltr'>ι.</span> 
     </span>
     <span class='ocr_line' id='line_1_85' title="bbox 1103 1931 1235 1962; baseline -0.015 -1"><span class='ocrx_word' id='word_1_460' title='bbox 1103 1931 1170 1962; x_wconf 93' lang='lat' dir='ltr'>Od.</span> <span class='ocrx_word' id='word_1_461' title='bbox 1184 1934 1235 1961; x_wconf 77' lang='lat'>36.</span> 
     </span>
    </p>

    <p class='ocr_par' dir='ltr' id='par_1_21' title="bbox 1099 1980 1786 2645">
     <span class='ocr_line' id='line_1_86' title="bbox 1142 1980 1785 2022; baseline 0.006 -13"><span class='ocrx_word' id='word_1_462' title='bbox 1142 1982 1162 2010; x_wconf 79' lang='lat'><em>4</em></span> <span class='ocrx_word' id='word_1_463' title='bbox 1186 1981 1246 2010; x_wconf 83' lang='lat' dir='ltr'>Est</span> <span class='ocrx_word' id='word_1_464' title='bbox 1267 1980 1365 2010; x_wconf 82' lang='lat' dir='ltr'>ederoe</span> <span class='ocrx_word' id='word_1_465' title='bbox 1388 1981 1451 2020; x_wconf 71' lang='lat' dir='ltr'>vis]</span> <span class='ocrx_word' id='word_1_466' title='bbox 1474 1981 1535 2011; x_wconf 88' lang='lat' dir='ltr'>Est</span> <span class='ocrx_word' id='word_1_467' title='bbox 1559 1981 1638 2011; x_wconf 88' lang='lat' dir='ltr'>mihi</span> <span class='ocrx_word' id='word_1_468' title='bbox 1666 1990 1785 2022; x_wconf 79' lang='lat' dir='ltr'>magna</span> 
     </span>
     <span class='ocr_line' id='line_1_87' title="bbox 1102 2028 1783 2068; baseline 0.003 -10"><span class='ocrx_word' id='word_1_469' title='bbox 1102 2028 1201 2067; x_wconf 87' lang='lat' dir='ltr'>copia</span> <span class='ocrx_word' id='word_1_470' title='bbox 1215 2028 1360 2067; x_wconf 74' lang='lat' dir='ltr'>hederae,</span> <span class='ocrx_word' id='word_1_471' title='bbox 1376 2038 1449 2068; x_wconf 82' lang='lat' dir='ltr'>quae</span> <span class='ocrx_word' id='word_1_472' title='bbox 1464 2030 1598 2060; x_wconf 87' lang='lat' dir='ltr'>Baccho</span> <span class='ocrx_word' id='word_1_473' title='bbox 1609 2039 1783 2060; x_wconf 84' lang='lat' dir='ltr'>consecra-</span> 
     </span>
     <span class='ocr_line' id='line_1_88' title="bbox 1103 2076 1783 2116; baseline 0.001 -10"><span class='ocrx_word' id='word_1_474' title='bbox 1103 2081 1138 2106; x_wconf 80' lang='lat' dir='ltr'>ta</span> <span class='ocrx_word' id='word_1_475' title='bbox 1165 2081 1227 2106; x_wconf 84' lang='lat' dir='ltr'>est·</span> <span class='ocrx_word' id='word_1_476' title='bbox 1271 2077 1382 2106; x_wconf 73' lang='lat' dir='ltr'>Ederae</span> <span class='ocrx_word' id='word_1_477' title='bbox 1408 2077 1454 2106; x_wconf 76' lang='lat' dir='ltr'>vis</span> <span class='ocrx_word' id='word_1_478' title='bbox 1481 2076 1600 2116; x_wconf 78' lang='lat' dir='ltr'>Multa]</span> <span class='ocrx_word' id='word_1_479' title='bbox 1622 2077 1783 2108; x_wconf 82' lang='lat' dir='ltr'>Horatius</span> 
     </span>
     <span class='ocr_line' id='line_1_89' title="bbox 1102 2123 1780 2164; baseline 0.003 -11"><span class='ocrx_word' id='word_1_480' title='bbox 1102 2123 1291 2162; x_wconf 81' lang='lat' dir='ltr'>Phyllidem</span> <span class='ocrx_word' id='word_1_481' title='bbox 1315 2123 1416 2152; x_wconf 83' lang='lat' dir='ltr'>edera</span> <span class='ocrx_word' id='word_1_482' title='bbox 1441 2129 1602 2154; x_wconf 80' lang='lat' dir='ltr'>coronat:</span> <span class='ocrx_word' id='word_1_483' title='bbox 1627 2124 1679 2154; x_wconf 76' lang='lat' dir='ltr'>vel</span> <span class='ocrx_word' id='word_1_484' title='bbox 1693 2125 1780 2164; x_wconf 89' lang='lat' dir='ltr'>quod</span> 
     </span>
     <span class='ocr_line' id='line_1_90' title="bbox 1101 2170 1783 2210; baseline 0.006 -11"><span class='ocrx_word' id='word_1_485' title='bbox 1101 2179 1140 2200; x_wconf 85' lang='lat' dir='ltr'>ea</span> <span class='ocrx_word' id='word_1_486' title='bbox 1149 2170 1362 2210; x_wconf 82' lang='lat' dir='ltr'>peculiariter</span> <span class='ocrx_word' id='word_1_487' title='bbox 1370 2170 1600 2201; x_wconf 86' lang='lat' dir='ltr'>oblectabatur</span> <span class='ocrx_word' id='word_1_488' title='bbox 1610 2184 1620 2210; x_wconf 91' lang='lat'>;</span> <span class='ocrx_word' id='word_1_489' title='bbox 1643 2172 1695 2202; x_wconf 86' lang='lat' dir='ltr'>vel</span> <span class='ocrx_word' id='word_1_490' title='bbox 1705 2181 1783 2203; x_wconf 89' lang='lat' dir='ltr'>con-</span> 
     </span>
     <span class='ocr_line' id='line_1_91' title="bbox 1101 2216 1784 2262; baseline 0.004 -13"><span class='ocrx_word' id='word_1_491' title='bbox 1101 2223 1194 2249; x_wconf 87' lang='lat' dir='ltr'>sueta</span> <span class='ocrx_word' id='word_1_492' title='bbox 1214 2216 1386 2257; x_wconf 66' lang='lat' dir='ltr'>poetarum</span> <span class='ocrx_word' id='word_1_493' title='bbox 1410 2217 1585 2250; x_wconf 85' lang='lat' dir='ltr'>libertate:</span> <span class='ocrx_word' id='word_1_494' title='bbox 1610 2229 1685 2251; x_wconf 83' lang='lat' dir='ltr'>nam</span> <span class='ocrx_word' id='word_1_495' title='bbox 1701 2231 1784 2262; x_wconf 88' lang='lat' dir='ltr'>quas</span> 
     </span>
     <span class='ocr_line' id='line_1_92' title="bbox 1099 2267 1783 2306; baseline 0.006 -9"><span class='ocrx_word' id='word_1_496' title='bbox 1099 2267 1218 2306; x_wconf 88' lang='lat' dir='ltr'>cuique</span> <span class='ocrx_word' id='word_1_497' title='bbox 1249 2267 1352 2297; x_wconf 87' lang='lat' dir='ltr'>velint</span> <span class='ocrx_word' id='word_1_498' title='bbox 1381 2275 1519 2297; x_wconf 85' lang='lat' dir='ltr'>coronas</span> <span class='ocrx_word' id='word_1_499' title='bbox 1547 2273 1695 2300; x_wconf 82' lang='lat' dir='ltr'>nectunt.</span> <span class='ocrx_word' id='word_1_500' title='bbox 1737 2271 1783 2301; x_wconf 79' lang='lat' dir='ltr'>Et</span> 
     </span>
     <span class='ocr_line' id='line_1_93' title="bbox 1101 2315 1782 2359; baseline 0.007 -14"><span class='ocrx_word' id='word_1_501' title='bbox 1101 2315 1223 2355; x_wconf 88' lang='lat' dir='ltr'>alioqui</span> <span class='ocrx_word' id='word_1_502' title='bbox 1238 2315 1339 2346; x_wconf 87' lang='lat' dir='ltr'>edera</span> <span class='ocrx_word' id='word_1_503' title='bbox 1354 2325 1449 2346; x_wconf 82' lang='lat' dir='ltr'>sacra</span> <span class='ocrx_word' id='word_1_504' title='bbox 1469 2316 1615 2355; x_wconf 86' lang='lat' dir='ltr'>Baccho,</span> <span class='ocrx_word' id='word_1_505' title='bbox 1631 2318 1702 2348; x_wconf 88' lang='lat' dir='ltr'>sine</span> <span class='ocrx_word' id='word_1_506' title='bbox 1717 2328 1782 2359; x_wconf 84' lang='lat' dir='ltr'>quo</span> 
     </span>
     <span class='ocr_line' id='line_1_94' title="bbox 1103 2364 1784 2406; baseline 0.006 -12"><span class='ocrx_word' id='word_1_507' title='bbox 1103 2364 1194 2394; x_wconf 86' lang='lat' dir='ltr'>nulla</span> <span class='ocrx_word' id='word_1_508' title='bbox 1208 2364 1326 2394; x_wconf 68' lang='lat' dir='ltr'>laetitia</span> <span class='ocrx_word' id='word_1_509' title='bbox 1341 2368 1402 2394; x_wconf 89' lang='lat' dir='ltr'>est.</span> <span class='ocrx_word' id='word_1_510' title='bbox 1432 2364 1574 2396; x_wconf 89' lang='lat' dir='ltr'>Poterat</span> <span class='ocrx_word' id='word_1_511' title='bbox 1588 2366 1689 2397; x_wconf 88' lang='lat' dir='ltr'>etiam</span> <span class='ocrx_word' id='word_1_512' title='bbox 1706 2367 1784 2406; x_wconf 67' lang='lat' dir='ltr'>poe-</span> 
     </span>
     <span class='ocr_line' id='line_1_95' title="bbox 1103 2411 1784 2451; baseline 0.006 -9"><span class='ocrx_word' id='word_1_513' title='bbox 1103 2412 1169 2442; x_wconf 90' lang='lat' dir='ltr'>tica</span> <span class='ocrx_word' id='word_1_514' title='bbox 1185 2411 1290 2442; x_wconf 88' lang='lat' dir='ltr'>videri</span> <span class='ocrx_word' id='word_1_515' title='bbox 1306 2412 1392 2442; x_wconf 89' lang='lat' dir='ltr'>velle</span> <span class='ocrx_word' id='word_1_516' title='bbox 1408 2411 1546 2451; x_wconf 78' lang='lat' dir='ltr'>Phyllis,</span> <span class='ocrx_word' id='word_1_517' title='bbox 1558 2412 1691 2444; x_wconf 86' lang='lat' dir='ltr'>ederam</span> <span class='ocrx_word' id='word_1_518' title='bbox 1707 2414 1784 2446; x_wconf 88' lang='lat' dir='ltr'>ideo</span> 
     </span>
     <span class='ocr_line' id='line_1_96' title="bbox 1103 2460 1783 2501; baseline 0.006 -11"><span class='ocrx_word' id='word_1_519' title='bbox 1103 2465 1249 2500; x_wconf 77' lang='lat' dir='ltr'>gestans.</span> <span class='ocrx_word' id='word_1_520' title='bbox 1291 2460 1348 2490; x_wconf 89' lang='lat' dir='ltr'>Sic</span> <span class='ocrx_word' id='word_1_521' title='bbox 1373 2460 1473 2490; x_wconf 89' lang='lat' dir='ltr'>etiam</span> <span class='ocrx_word' id='word_1_522' title='bbox 1499 2460 1695 2501; x_wconf 81' lang='lat' dir='ltr'>Amaryllidi</span> <span class='ocrx_word' id='word_1_523' title='bbox 1715 2472 1783 2494; x_wconf 81' lang='lat' dir='ltr'>suae</span> 
     </span>
     <span class='ocr_line' id='line_1_97' title="bbox 1103 2507 1786 2550; baseline 0.007 -12"><span class='ocrx_word' id='word_1_524' title='bbox 1103 2512 1216 2548; x_wconf 85' lang='lat' dir='ltr'>pastor</span> <span class='ocrx_word' id='word_1_525' title='bbox 1231 2507 1318 2548; x_wconf 90' lang='lat' dir='ltr'>apud</span> <span class='ocrx_word' id='word_1_526' title='bbox 1328 2508 1542 2540; x_wconf 85' lang='lat' dir='ltr'>Theocritum</span> <span class='ocrx_word' id='word_1_527' title='bbox 1555 2509 1643 2550; x_wconf 79' lang='lat' dir='ltr'>I&#39;dyl.</span> <span class='ocrx_word' id='word_1_528' title='bbox 1657 2520 1711 2542; x_wconf 79' lang='grc' dir='ltr'><strong>ιιι.</strong></span> <span class='ocrx_word' id='word_1_529' title='bbox 1729 2521 1786 2543; x_wconf 85' lang='lat' dir='ltr'>co-</span> 
     </span>
     <span class='ocr_line' id='line_1_98' title="bbox 1103 2556 1783 2592; baseline 0.007 -5"><span class='ocrx_word' id='word_1_530' title='bbox 1103 2566 1215 2588; x_wconf 89' lang='lat' dir='ltr'>ronam</span> <span class='ocrx_word' id='word_1_531' title='bbox 1250 2557 1360 2587; x_wconf 82' lang='lat' dir='ltr'>ederae</span> <span class='ocrx_word' id='word_1_532' title='bbox 1390 2556 1547 2589; x_wconf 85' lang='lat' dir='ltr'>folliculis</span> <span class='ocrx_word' id='word_1_533' title='bbox 1575 2564 1609 2590; x_wconf 82' lang='lat' dir='ltr'>et</span> <span class='ocrx_word' id='word_1_534' title='bbox 1644 2560 1783 2592; x_wconf 89' lang='lat' dir='ltr'>odorato</span> 
     </span>
     <span class='ocr_line' id='line_1_99' title="bbox 1103 2605 1617 2645; baseline 0.004 -10"><span class='ocrx_word' id='word_1_535' title='bbox 1103 2605 1179 2645; x_wconf 88' lang='lat' dir='ltr'>apio</span> <span class='ocrx_word' id='word_1_536' title='bbox 1193 2605 1370 2645; x_wconf 86' lang='lat' dir='ltr'>implexam</span> <span class='ocrx_word' id='word_1_537' title='bbox 1386 2610 1508 2636; x_wconf 79' lang='lat' dir='ltr'>servat.</span> <span class='ocrx_word' id='word_1_538' title='bbox 1530 2606 1617 2638; x_wconf 81' lang='lat' dir='ltr'>Torr.</span> 
     </span>
    </p>

    <p class='ocr_par' dir='ltr' id='par_1_22' title="bbox 1104 2653 1781 2792">
     <span class='ocr_line' id='line_1_100' title="bbox 1145 2653 1781 2694; baseline 0 -10"><span class='ocrx_word' id='word_1_539' title='bbox 1145 2657 1163 2684; x_wconf 88' lang='lat'>5</span> <span class='ocrx_word' id='word_1_540' title='bbox 1189 2653 1258 2688; x_wconf 73' lang='lat' dir='ltr'>Qua</span> <span class='ocrx_word' id='word_1_541' title='bbox 1269 2653 1388 2692; x_wconf 78' lang='lat' dir='ltr'>fulges,</span> <span class='ocrx_word' id='word_1_542' title='bbox 1401 2653 1468 2694; x_wconf 56' lang='grc' dir='ltr'>ξω]</span> <span class='ocrx_word' id='word_1_543' title='bbox 1491 2654 1663 2686; x_wconf 87' lang='lat' dir='ltr'>Delectari</span> <span class='ocrx_word' id='word_1_544' title='bbox 1680 2655 1781 2694; x_wconf 77' lang='lat' dir='ltr'>Phyl-</span> 
     </span>
     <span class='ocr_line' id='line_1_101' title="bbox 1104 2701 1779 2742; baseline -0.003 -10"><span class='ocrx_word' id='word_1_545' title='bbox 1104 2701 1204 2733; x_wconf 86' lang='lat' dir='ltr'>lidem</span> <span class='ocrx_word' id='word_1_546' title='bbox 1242 2710 1363 2732; x_wconf 88' lang='lat' dir='ltr'>corona</span> <span class='ocrx_word' id='word_1_547' title='bbox 1397 2702 1562 2733; x_wconf 78' lang='lat' dir='ltr'>ederacea</span> <span class='ocrx_word' id='word_1_548' title='bbox 1599 2701 1779 2742; x_wconf 83' lang='lat' dir='ltr'>significat:</span> 
     </span>
     <span class='ocr_line' id='line_1_102' title="bbox 1104 2750 1779 2792; baseline -0.004 -10"><span class='ocrx_word' id='word_1_549' title='bbox 1104 2750 1248 2792; x_wconf 85' lang='lat' dir='ltr'>ideoque</span> <span class='ocrx_word' id='word_1_550' title='bbox 1262 2750 1372 2783; x_wconf 85' lang='lat' dir='ltr'>ederae</span> <span class='ocrx_word' id='word_1_551' title='bbox 1387 2750 1519 2791; x_wconf 81' lang='lat' dir='ltr'>copiam</span> <span class='ocrx_word' id='word_1_552' title='bbox 1534 2760 1597 2783; x_wconf 87' lang='lat' dir='ltr'>non</span> <span class='ocrx_word' id='word_1_553' title='bbox 1610 2751 1779 2789; x_wconf 83' lang='lat' dir='ltr'>minorem,</span> 
     </span>
    </p>
   </div>
  </div>
 </body>
</html>
