1916 3262
462 295 671 328 HoRATu
705 295 978 332 camimum
1013 296 1110 326 1213.
1144 295 1195 326 11.
1224 285 1266 327 1.

142 418 146 421 .
177 394 201 423 ὃ
223 391 358 423 Sedulus
370 389 460 430 curo]
478 389 604 422 Sedulo
623 398 718 430 curo,
734 393 771 420 ut
786 389 836 420 ni-

135 441 182 473 bil
196 441 366 474 laboriose
378 440 482 473 addas
497 439 540 472 ad
551 439 744 471 convivium
756 449 837 472 con·

136 491 368 523 decorandum
383 495 510 532 proeter
523 495 685 531 myrtum.

177 543 197 571 7
221 541 362 582 Myrtus,
372 549 468 581 neque
481 539 544 580 me]
567 539 706 579 Myrtus
722 539 836 570 Vene-

136 590 166 622 ri
187 590 391 631 gratissima,
404 594 441 621 et
464 588 508 620 ad
520 587 771 620 discutiendum
788 587 835 618 vi-

136 641 170 672 ni
187 650 348 682 vaporem
371 639 561 675 utilissima,
579 649 646 671 non
674 638 781 671 faciet
801 644 837 670 te

134 690 275 722 minoris
300 699 374 722 esse
400 688 530 731 gratiae,
554 698 666 730 neque
693 699 747 720 me
773 689 835 720 sub

135 739 245 780 spissa
260 744 296 771 et
312 739 469 771 umbrosa
478 738 548 770 vite
561 737 745 770 bibentem.
767 738 835 769 Sub

1480 288 1594 330 1395

889 392 979 421 arcta
1001 388 1081 430 vite]
1106 388 1222 429 Negat
1247 387 1408 420 tenuitati
1436 397 1506 419 suae
1535 399 1592 420 eos

891 443 1047 479 sumptus
1063 437 1260 469 convenire.
1303 437 1390 469 Tale
1411 447 1493 478 ergo
1509 438 1592 469 illud

889 488 1081 526 Juvenalis,
1094 488 1104 505 ‘
1123 487 1202 519 Non
1225 487 1319 528 capit
1335 487 1394 518 has
1412 496 1519 527 nugas
1535 487 1595 518 liu-

889 537 978 569 miiis
988 535 1134 569 domus.'
1179 537 1282 577 [Post
1293 537 1381 568 hanc
1390 536 1493 568 Oden
1509 536 1594 567 duas

889 587 1127 628 supposititias
1151 586 1248 628 (Vid.
1263 586 1459 627 Prolegom.
1473 596 1507 627 p.
1523 585 1595 631 37.)

889 638 1043 669 inserunt
1059 636 1302 678 Furstenberg.
1326 642 1362 668 et
1377 636 1500 670 Jaeck.
1513 635 1594 667 vid.

889 687 1066 719 Villoison.
1086 686 1244 719 Auimad.
1258 686 1300 718 ad
1319 687 1425 727 Long.
1444 696 1476 727 p.
1492 687 1583 726 alm]

484 1003 891 1055 CARMINUM
947 1003 1092 1051 LIB.
1156 1004 1230 1051 ΙΙ.

134 1128 216 1160 Ona
230 1137 255 1160 ι.
278 1129 493 1170 Ilpa-ymnum.
539 1130 597 1161 An
614 1130 652 1162 C.
669 1128 832 1161 Asinum

177 1179 411 1211 Ροιιιυκεικ.
446 1179 636 1211 Pollionem
653 1183 782 1218 monet,
796 1182 834 1209 ut

174 1229 431 1269 Tragoediarum
457 1227 500 1260 de
527 1228 635 1259 Bellis
666 1226 834 1260 Civilibus

176 1278 381 1319 scripturam
414 1278 582 1318 tantisper
618 1277 836 1316 intermittat,

175 1327 255 1359 dum
292 1327 502 1368 Respublica
544 1328 590 1358 sit
632 1326 832 1366 composita.

176 1376 311 1409 Deinde
323 1375 540 1408 commendat
556 1375 646 1406 illius
662 1375 801 1414 scripta.

174 1425 375 1467 Epigraphe
392 1426 517 1457 vetusti
533 1424 661 1457 codicis
674 1424 752 1455 talis
768 1428 833 1463 est,

130 1474 184 1508 Aa
198 1474 346 1507 Δεέοιίιιπι
367 1474 553 1514 Pollionem,
566 1473 668 1505 virum
689 1474 831 1504 consula-

129 1535 208 1567 rent,
223 1528 260 1557 ut
272 1524 458 1556 inter-»niuis
473 1523 651 1564 tragoediis,
667 1523 739 1554 belli
755 1523 831 1554 civi-

130 1575 172 1606 lis
198 1574 353 1606 describat
380 1574 555 1606 historiam.
587 1573 816 1604 Turnebusx
793 1581 830 1604 x.

130 1627 185 1658 21.
203 1625 271 1666 [Aa
281 1624 453 1656 Pollionem
465 1624 654 1664 Trngoedum
662 1623 763 1656 codd.
773 1633 830 1664 ap.

130 1674 271 1716 Jaeek]

175 1727 192 1755 l
217 1723 343 1755 Motum
375 1733 415 1756 ex
452 1725 580 1756 Metello
615 1723 751 1764 consule]
769 1717 833 1754 'Tu

131 1773 244 1806 Pollio
261 1780 388 1806 tractas
404 1780 534 1806 motum
549 1775 684 1814 ciyilem
698 1784 741 1804 ex
758 1775 834 1805 Me·

132 1825 228 1864 tello,
241 1825 277 1856 id
291 1830 358 1865 est,
375 1834 418 1856 ex
440 1834 482 1856 eo
499 1830 652 1864 tempore
678 1834 744 1864 quo
758 1824 834 1855 Me·

131 1873 237 1904 tellus
261 1873 329 1905 fuit
361 1874 500 1913 Consul,
528 1875 595 1904 διο.
632 1873 834 1912 periculosae

133 1922 271 1963 plenum
293 1931 379 1963 opus
406 1922 505 1961 aleae,
524 1924 591 1954 διο.
635 1921 835 1952 Intermitte

132 1972 219 2004 hanc
234 1971 469 2013 scriptionem,
482 1974 546 2004 ὅτε.
591 1972 637 2003 Et
658 1971 732 2002 sine
756 1971 834 2001 Mu-

133 2030 204 2052 sam
220 2022 386 2062 tragicam
403 2022 579 2062 paulisper
594 2020 781 2052 desiderari
799 2015 837 2051 in'

132 2070 287 2103 theatris.
335 2071 390 2102 Ex
415 2071 546 2102 Metello
574 2070 711 2111 consule]
745 2070 834 2101 Con-

131 2120 238 2154 sulem
254 2128 355 2152 vocat
380 2120 560 2158 Horatius,
574 2120 632 2161 qui
649 2125 729 2150 ante
753 2127 834 2149 con-

131 2171 183 2205 sul
203 2169 321 2211 fuerit,
337 2170 418 2202 belli
442 2170 551 2202 civilis
566 2180 634 2202 nna
655 2179 732 2202 cum
748 2170 832 2201 Len-

131 2221 204 2252 tulo
227 2220 335 2252 veluti
359 2220 441 2252 tuba
465 2220 622 2262 quaedam
646 2225 683 2252 et
713 2220 833 2261 praeci·

132 2279 219 2310 pnus
250 2275 385 2302 auctor.
429 2270 641 2312 Quamquam
678 2269 834 2302 fortassis

132 2318 256 2358 Pollio,
280 2320 381 2360 paulo
407 2320 509 2351 altius
531 2320 706 2352 historiam
738 2330 833 2352 suam

135 2369 327 2408 exordiens,
341 2370 384 2402 ab
406 2371 465 2402 illo
491 2380 580 2403 anno
602 2371 745 2412 incepit,
766 2380 834 2412 quo

133 2417 318 2458 Pompeius
331 2420 447 2450 consul
463 2418 588 2460 factus,
603 2420 741 2452 tandem
757 2421 833 2453 Me·

135 2467 253 2499 tellum
275 2468 470 2509 Scipionem
492 2470 656 2510 collegam
680 2480 836 2512 assump-

134 2517 191 2556 sit,
206 2516 305 2548 Anno
319 2518 364 2549 U.
381 2518 419 2550 C.
433 2521 508 2550 701.
551 2520 647 2552 Tunc
659 2521 749 2552 enim
765 2522 837 2552 lat'a

134 2568 191 2599 lex
201 2566 333 2608 dejure
346 2568 615 2608 magistratuum,
627 2579 702 2610 quae
716 2571 836 2601 absen-

137 2623 190 2650 tes
206 2627 225 2648 a
241 2617 408 2658 petitione
419 2618 583 2650 honorum
600 2619 836 2660 submovebat,

136 2676 180 2699 ne
193 2667 329 2699 Caesare
341 2667 476 2707 quidem
492 2672 652 2707 excepto,
660 2667 750 2698 unde
762 2668 835 2699 bel-

134 2717 160 2751 li
175 2717 272 2757 origo
287 2717 402 2757 coepit.
436 2716 524 2747 Vide
536 2716 633 2750 Suet.
649 2717 739 2748 Caes.
757 2726 834 2758 cap.

136 2771 192 2800 28.
217 2768 359 2799 Tan-ent.

178 2821 201 2854 2
235 2819 366 2855 Causas.
389 2817 435 2859 et]
467 2816 676 2851 Dominaudi
704 2815 836 2858 cupidi-

886 1133 1005 1159 tatem.
1033 1129 1134 1171 Vitia,
1151 1129 1198 1169 et]
1226 1127 1479 1169 Arrogantiam,
1503 1126 1591 1158 Ava-

888 1179 1014 1218 ritiam,
1024 1178 1268 1211 Ambitionem.
1307 1179 1494 1219 Pompeius
1504 1177 1593 1208 enim

887 1238 954 1260 non
971 1228 1107 1260 ferebat
1131 1239 1260 1269 parem,
1276 1239 1338 1261 nec
1360 1229 1475 1260 Caesar
1493 1237 1592 1267 supe-

888 1278 1023 1310 riorem.
1068 1279 1196 1319 Modus]
1219 1279 1357 1317 Medos,
1373 1279 1497 1320 quibus
1512 1279 1594 1309 For-

886 1333 970 1358 tuna
986 1328 1067 1358 lusit
1083 1328 1116 1358 in
1132 1328 1182 1358 his
1198 1329 1490 1366 contentionibus,
1504 1336 1593 1358 nunc

888 1375 1043 1415 adversa,
1059 1385 1149 1407 nunc
1166 1386 1343 1417 prospera.

929 1428 949 1457 8
976 1424 1172 1466 Gravesque]
1197 1425 1376 1458 Amicitias
1407 1425 1524 1457 noxias
1559 1430 1594 1456 et

887 1475 1016 1507 infidas.

928 1530 948 1558 4
962 1527 1150 1570 Principum
1157 1526 1331 1567 amicitiae]
1349 1526 1478 1561 caesar,
1489 1526 1595 1557 Poni-

887 1577 953 1617 peii
971 1587 1036 1618 ope
1054 1577 1167 1610 factus
1182 1578 1355 1615 consul,et
1366 1578 1416 1608 M.
1433 1578 1595 1608 Crassum

886 1629 917 1659 ei
943 1629 1190 1669 reconciliavit,
1207 1634 1242 1660 et
1268 1638 1344 1659 cum
1370 1632 1516 1668 utroque
1543 1637 1594 1657 so-

888 1679 1047 1709 cietatem
1063 1679 1152 1718 iniit,
1169 1689 1212 1710 ne
1229 1678 1311 1720 quid
1328 1679 1361 1708 in
1385 1677 1519 1717 Repub.
1535 1676 1594 1706 tie-

889 1733 955 1766 ret,
973 1729 1062 1769 quod
1086 1729 1321 1769 displicuisset
1345 1728 1402 1759 uni
1427 1737 1446 1758 e
1471 1723 1594 1757 tribus.

890 1776 975 1807 Cum
1003 1782 1118 1808 autem
1147 1779 1168 1808 ii
1189 1787 1256 1808 nou
1284 1777 1430 1818 Reipub.
1446 1777 1593 1807 salutem

890 1825 1119 1865 respicerent,
1130 1827 1190 1857 sed
1206 1835 1299 1856 suam
1312 1827 1457 1867 quisque
1474 1830 1595 1866 poten-

890 1873 970 1904 tiam
986 1883 1110 1914 augere
1128 1875 1307 1910 niteretur.
1327 1880 1363 1906 et
1378 1875 1443 1906 sibi
1461 1879 1497 1906 et
1513 1873 1593 1905 Rei-

890 1923 971 1963 pub.
984 1923 1091 1955 exitio
1103 1923 1200 1956 fuere
1214 1936 1222 1955 :
1239 1924 1303 1957 hoc
1311 1924 1480 1966 est‚qnod
1498 1929 1505 1942 ¹
1519 1934 1595 1965 gra-

891 1983 948 2005 ves
973 1974 1167 2015 principum
1193 1975 1384 2015 amicitias,¹
1401 1975 1498 2007 dixit.
1517 1976 1594 2007 Tor-

887 2027 968 2054 rent.
1016 2024 1217 2065 Principum]
1239 2025 1437 2064 Octaviani,
1457 2025 1593 2066 Lepidi,

888 2072 1040 2104 Antonii.
1077 2074 1122 2105 Et
1133 2074 1238 2114 arma]
1261 2075 1306 2105 Et
1318 2084 1412 2105 arma
1427 2075 1591 2114 sanguine

889 2122 981 2153 civili
998 2123 1116 2161 oblita,
1134 2123 1283 2154 nondum
1296 2124 1380 2163 lota,
1397 2133 1460 2155 nec
1477 2124 1592 2165 aliqua

887 2172 1084 2212 expiatione
1106 2182 1193 2213 pura
1208 2171 1342 2204 effecta.

928 2225 947 2252 6
973 2222 1123 2254 Nondum
1138 2223 1290 2263 expiatis]
1314 2222 1461 2254 Videtur
1474 2223 1516 2254 ad
1535 2231 1591 2254 ve-

888 2276 998 2304 terum
1016 2273 1228 2304 ceremonias
1246 2274 1453 2315 respexisse,
1466 2275 1591 2316 quibus

886 2331 907 2352 a
935 2321 1031 2353 caede
1062 2322 1241 2355 commissa
1270 2323 1501 2364 expiabantur
1528 2325 1589 2355 rei.

888 2372 986 2403 Turn.
1004 2380 1040 2403 x.
1055 2374 1110 2403 21.

929 2423 950 2452 6
973 2421 1162 2454 Periculose
1174 2422 1297 2462 plenum
1312 2432 1387 2462 opus
1401 2421 1494 2460 aleoe]
1521 2421 1591 2453 An-

887 2470 973 2511 tiqui
1002 2471 1171 2502 vocabant
1196 2473 1206 2489 ⁶
1220 2471 1352 2511 aleam,’
1381 2481 1448 2502 non
1475 2470 1589 2501 ludum

889 2526 1034 2558 tantum,
1059 2521 1188 2552 talosve
1209 2520 1331 2561 quibus
1357 2519 1505 2558 luditur;
1530 2518 1590 2549 sed

888 2569 1047 2612 quicquid
1064 2569 1232 2600 incertum
1248 2579 1289 2599 ex
1304 2569 1446 2600 fortuito
1463 2567 1590 2608 pende-

889 2624 943 2651 ret
970 2623 1106 2650 eventu.
1162 2618 1290 2649 Eadem
1321 2619 1426 2648 etiam
1457 2617 1590 2648 ratione

890 2668 971 2700 belli
987 2667 1097 2699 civilis
1118 2667 1294 2698 historiam
1318 2668 1425 2708 ‘opus
1453 2667 1589 2708 pienum

891 2717 1090 2758 periculosa}
1117 2717 1202 2748 aleae
1213 2716 1224 2730 '
1247 2717 1342 2752 dicit,
1372 2716 1417 2747 ob
1444 2717 1590 2747 incertas

890 2775 1005 2799 eorum
1018 2767 1222 2805 voluntates,
1232 2765 1274 2796 de
1286 2766 1405 2808 quibus
1415 2765 1502 2807 quis,
1519 2769 1586 2796 tam

891 2818 1022 2848 recenti
1062 2817 1172 2849 adhuc
1209 2817 1379 2849 hominum
1413 2817 1591 2857 memoria,
