1930 3204
440 277 651 322 HORA'rlll
685 276 962 308 cARMlNUM
996 278 1092 308 Lm.
1124 277 1189 308 ιν.
1218 268 1261 308 4.

127 373 180 404 nis
197 381 313 414 opera,
329 381 434 404 caesus
445 376 509 405 est.
561 369 734 409 Asdrubal]
757 369 822 401 As-

121 421 243 453 drubal
259 422 292 453 in
315 421 451 453 Italiam
475 424 614 453 venerat
635 418 738 450 fratri
760 427 820 451 suo

124 471 312 503 Hannibali
327 471 566 503 auxiliaturus.

165 525 209 554 89
233 523 279 554 Ee
291 521 565 564 pulchersngatu's]
590 521 634 552 Et
653 518 738 551 felix
763 518 821 550 ille

123 571 199 604 dies
213 571 294 611 fuit,
309 572 437 613 fugatis
454 570 602 604 tenebris
614 580 656 601 ex
668 569 778 604 Latio,
786 567 822 599 id

123 625 188 657 est,
203 621 526 664 Carthaginensibus
540 625 577 653 et
590 619 683 652 Afris
695 629 737 651 ex
751 619 823 651 Ita-

120 671 171 702 lia
187 673 303 712 pulsia.

164 724 206 753 41
230 721 324 755 Alma
336 722 412 754 n‘sie
424 719 553 761 adorea]
574 720 692 752 Ridere
718 718 822 750 etiam

121 770 284 803 dicuntur
305 771 464 803 inanima.
507 768 684 801 Frumenti
708 773 822 800 autem

123 828 231 859 genus
245 819 515 861 antiquissimum
531 823 540 837 ‘
550 816 627 859 ἴθι-ξ
642 827 709 859 quo
726 817 822 849 annis

122 871 198 900 300.
212 879 310 900 usum
324 869 432 901 fuisse
444 869 608 910 populum
621 869 719 900 Rom.
731 867 823 908 apud

121 918 275 950 Plinium
290 923 412 951 auctor
426 923 478 951 est
487 919 640 951 Verrius.
685 918 727 949 Id
743 918 823 948 olim

119 967 130 985 ¹
144 967 248 1000 ador’
259 973 296 1001 et
310 973 320 988 ‘
333 969 499 1002 adoreum
510 969 520 984 ³
537 968 721 1007 vocabant,
735 972 785 1009 et,
795 968 824 1000 si

121 1017 224 1049 Festo
239 1018 422 1060 credimus,
434 1018 537 1050 etiam
551 1018 562 1036 ⁴
576 1016 683 1049 edor.'
720 1017 823 1049 Nune

127 1065 253 1098 Gra-eo
277 1068 413 1100 nomine
439 1066 571 1099 ‘mam'
600 1067 824 1107 appellamus.

124 1114 216 1146 Risit
235 1116 367 1156 adorea]
404 1118 472 1151 Qui
497 1118 596 1148 laetus
619 1121 674 1148 eat
700 1116 825 1148 bellica

123 1167 245 1207 gloria.
270 1168 399 1206 Farris,
409 1174 445 1201 et
458 1169 592 1209 frugum
609 1170 741 1210 copiam
758 1170 824 1210 sig-

127 1215 263 1248 nificat.
307 1216 451 1258 Adoreo]
479 1219 558 1252 Qua
584 1219 828 1260 abundantem,

127 1267 302 1307 putabant
315 1268 511 1308 gloriosum.

164 1317 208 1347 48
229 1315 334 1348 Dirae
358 1326 418 1357 per
447 1317 568 1357 urbeis]
605 1319 662 1358 Ut,
697 1318 731 1349 id
761 1323 825 1355 est,

121 1369 300 1406 postquam
316 1365 464 1396 crudelis
481 1365 631 1397 Annibal
647 1367 826 1407 equitavit,

119 1419 158 1446 et
189 1412 322 1455 aufugit
349 1423 412 1455 per
443 1414 548 1447 urbes
574 1415 695 1455 Italas,
718 1417 825 1448 veluti

118 1462 259 1495 flamma
271 1472 334 1504 per
349 1463 471 1500 taedas,
487 1465 541 1495 vel
556 1465 668 1496 Eurus
690 1466 823 1498 Siculas

123 1513 297 1554 percurrit
309 1513 429 1545 undas.
454 1513 544 1545 Vide
557 1514 731 1546 Muretum
742 1516 824 1548 Var.

121 1563 221 1595 Leet.
244 1572 271 1594 1.
298 1565 351 1595 10.
396 1562 477 1602 Aser
490 1567 526 1595 at
549 1564 666 1604 Italas]
696 1566 741 1597 Ut
755 1575 823 1597 non

119 1612 150 1645 ie
173 1612 353 1654 legendum
373 1622 448 1645 esse
463 1623 579 1646 omnes
594 1616 824 1648 consentiunt.

123 1663 171 1694 Et
186 1666 221 1694 ut
237 1672 299 1704 pro
315 1668 496 1704 postquam
511 1674 520 1696 :
544 1669 581 1696 et
595 1665 746 1705 equitanie
762 1675 825 1706 pro

122 1713 352 1755 equitaverat.
374 1713 460 1745 'rum
471 1715 642 1756 Cruquius
658 1716 707 1746 ita
723 1716 825 1747 etiam

123 1762 250 1802 exponi
276 1771 379 1802 posse
402 1763 536 1795 credit:
560 1763 626 1794 Ille
652 1764 724 1794 dies
752 1765 826 1804 pul-

124 1819 196 1845 cer,
224 1811 376 1842 tenebris
402 1810 528 1850 fugatis
555 1813 666 1850 Latio,
685 1813 743 1853 qui
761 1814 826 1852 pri-

124 1868 200 1890 mus
223 1858 313 1897 risit,
333 1860 399 1889 &c-
420 1869 479 1898 quw
505 1860 594 1890 dirus
613 1860 693 1898 Afer
712 1861 752 1901 it,
765 1861 827 1892 hoc

124 1911 192 1948 est,
205 1907 323 1940 statim
346 1907 439 1948 fugit
452 1918 514 1949 per
529 1909 630 1940 urbes
644 1909 750 1942 Italas
764 1910 827 1942 sibi

126 1967 252 1990 socias.

167 2010 210 2039 4⁵
233 2008 314 2039 Post
336 2007 393 2038 Ιιοσ
413 2007 570 2047 secundis]
594 2009 681 2040 Post
697 2009 826 2041 caedem

125 2056 339 2095 Asdrubalis,
368 2059 404 2087 et
429 2056 607 2088 victoriam
640 2067 659 2088 a
684 2058 827 2090 Nerone

123 2110 270 2148 partam,
309 2106 482 2146 prosperis
519 2115 655 2146 semper
699 2108 826 2148 praeliis

126 2158 314 2188 creverunt
330 2155 486 2186 Romani.

167 2207 211 2238 4⁶
242 2204 346 2245 Impia
373 2203 524 2244 tumultu]
561 2206 670 2237 Recte
701 2206 826 2238 bellum

125 2255 208 2286 illud
226 2254 394 2286 Punicum
410 2255 575 2286 tumultum
590 2259 700 2294 vocat,
716 2260 754 2287 ut
769 2265 827 2289 nr.

128 2303 198 2336 od.
213 2305 266 2335 14.
279 2303 484 2335 notavimus·
514 2303 620 2335 Addit
643 2307 654 2323 ⁴
666 2305 827 2345 impium'

129 2351 174 2384 ob
201 2351 328 2384 violata
353 2351 493 2383 deorum
518 2355 658 2393 templa.
683 2355 827 2387 Tor-reue.

129 2400 234 2441 Impia
255 2399 408 2440 tumultu]
439 2400 627 2441 Impiorum
650 2407 688 2434 et
708 2402 828 2434 barba-

131 2459 244 2481 rorum
256 2450 406 2481 elamore
421 2449 553 2482 bellico.

174 2500 218 2530 48
241 2498 333 2529 Fana
352 2497 452 2538 Deos]
473 2499 566 2530 Fana
589 2503 720 2532 statuas
740 2502 829 2533 Deo-

132 2557 206 2580 rum
221 2547 370 2579 habuere
390 2550 536 2583 erectas,
561 2558 636 2590 quae
651 2559 672 2581 a
687 2550 830 2582 Cartha-

133 2597 331 2639 ginensibus
359 2596 497 2629 fueraut
526 2598 570 2630 de
599 2599 667 2630 suis
693 2600 830 2632 sedibus

132 2647 337 2680 deturbata.
373 2647 458 2679 Deos
471 2647 604 2679 habuere
614 2649 729 2690 rectos]
748 2650 830 2682 Tur·

133 2699 242 2730 nebus
265 2697 356 2730 forte
382 2698 473 2730 aliud
501 2707 618 2740 agens,
646 2707 750 2731 xxiv.
778 2703 832 2733 35.

134 2750 234 2779 rectos
259 2756 320 2788 pro
342 2756 454 2788 aequos
472 2751 574 2789 atque
590 2749 758 2790 propitios
773 2759 831 2781 ex-

134 2801 309 2838 posuerat.
353 2796 437 2827 Eam
457 2797 702 2837 expositionem
725 2798 832 2831 tacito

220 2848 337 2890 Delph.
348 2851 377 2881 et
393 2849 468 2881 Var.
484 2850 570 2884 Clas.

803 2853 919 2885 Horat.

1461 258 1574 311 1505

872 369 1022 401 auctoris
1039 369 1175 400 nomine
1198 367 1353 408 exagitat
1379 368 1572 411 Lambinus,

871 419 980 460 inepti
995 419 1059 450 hoe
1085 418 1228 450 hominis
1253 417 1417 449 somnium
1434 427 1573 460 vocans,

871 468 958 509 ipse,
974 469 1009 500 in
1024 468 1102 508 hoc,
1116 468 1224 499 multo
1238 466 1399 508 ineptior.
1423 466 1515 498 Tm.

912 519 956 549 49
978 517 1128 559 Perfidus
1158 516 1339 557 Hannibal]
1370 516 1427 548 De
1446 515 1576 548 Hanni-

870 567 948 599 bale
974 567 1025 599 sie
1046 567 1162 599 Livius
1185 567 1246 599 lib.
1271 575 1350 598 xxx.
1372 567 1383 584 ⁸
1398 566 1471 598 Has
1502 570 1575 598 tan·

871 622 924 650 tas
964 618 1110 649 virtutes
1147 617 1301 659 ingentia
1337 615 1423 653 vitia
1463 626 1576 659 aequa-

871 666 967 707 bant,
990 666 1173 698 inhumana
1207 667 1406 703 crudelitas,
1431 665 1578 707 perfidia

872 718 1051 759 plusquam
1079 716 1233 749 Punica:
1271 717 1354 748 nihil
1383 717 1468 757 veri,
1493 717 1577 748 nihil

872 768 998 807 sancti,
1014 768 1124 799 nullus
1139 769 1294 799 Deorum
1307 772 1431 808 metus,
1447 768 1575 799 nullum

865 817 1120 859 jusjurandum,
1134 818 1228 849 nulla
1243 816 1387 858 religio.’
1428 817 1578 859 Perfidus

873 867 1051 908 Hannibal]
1074 867 1251 900 Hannibal
1275 867 1405 909 primus
1435 866 1577 899 violavit

873 916 982 949 foedus
1005 919 1096 950 inter
1126 918 1297 950 Romanos
1321 921 1358 950 et
1385 916 1490 949 Afros
1513 917 1576 948 ini-

873 972 956 1001 tum.

916 1022 959 1052 50
982 1019 1078 1051 Cervi
1102 1019 1259 1061 luporum]
1282 1019 1404 1052 Oratio
1426 1018 1580 1051 Anniba-

874 1069 915 1101 lis
945 1069 988 1101 ad
1024 1079 1102 1101 suos
1139 1069 1280 1101 milites.
1327 1069 1401 1100 Nos
1431 1067 1580 1110 (inquit)

875 1119 1180 1160 Carthaginenses,
1201 1122 1363 1159 tanquam
1380 1118 1488 1154 cervi,
1511 1117 1580 1148 Ro-

874 1178 1006 1208 manos,
1021 1169 1128 1201 veluti
1144 1169 1255 1209 lupos,
1271 1168 1490 1210 insequimur.

918 1223 960 1251 52
983 1219 1121 1261 Fallere,
1147 1223 1179 1251 et
1202 1219 1356 1261 effugere]
1380 1219 1474 1252 Quos
1495 1220 1580 1251 late-

877 1278 926 1304 re,
962 1274 998 1301 et
1033 1268 1182 1300 fallendo
1218 1267 1369 1309 effugere
1406 1268 1580 1309 magnifici

877 1319 1037 1360 triumphi
1050 1320 1129 1350 loco
1139 1319 1266 1350 ducere
1277 1318 1454 1349 debemus.
1467 1319 1583 1359 [Bam-

877 1368 972 1408 berg.
987 1372 1017 1399 et
1023 1368 1144 1407 sugere
1158 1367 1343 1407 triumphus,
1357 1367 1429 1398 siue
1441 1367 1517 1407 est]

919 1419 960 1449 53
987 1417 1088 1458 Gens,
1103 1416 1188 1457 qaoe]
1206 1416 1300 1447 Gens
1315 1416 1414 1449 Rom.
1425 1425 1502 1457 quae
1515 1416 1581 1448 ori-

877 1466 990 1507 ginem
1007 1466 1108 1498 duxit
1121 1476 1140 1497 a
1155 1466 1270 1506 Troja.

919 1518 962 1547 54
984 1514 1098 1554 Sacra,
1113 1517 1273 1555 natosque,
1295 1513 1367 1555 ξω]
1391 1514 1468 1547 Hoc
1484 1516 1581 1547 nimi·

876 1574 949 1596 rum
966 1570 1042 1596 erat
1054 1565 1166 1596 Illium
1178 1565 1212 1596 in
1228 1565 1362 1596 Italiam
1375 1569 1527 1606 portare,
1543 1570 1583 1597 ut

877 1614 1045 1646 invidiose
1072 1615 1164 1655 apud
1192 1615 1292 1655 Virg.
1319 1615 1468 1655 loquitur
1488 1615 1581 1647 Juno

877 1665 949 1705 illa,
964 1665 1082 1705 iniqua
1095 1665 1252 1695 Teucris.
1279 1664 1422 1695 Turrem.
1466 1663 1582 1703 Sacra]

877 1714 973 1744 Deos
989 1717 1142 1753 penates.
1479 1707 1484 1709 ’

921 1765 961 1792 55
983 1761 1371 1802 Ναιοεφιεηηαὶιινοεᾳιιε]
1384 1761 1484 1801 Virg.
1497 1760 1507 1778 ‘
1517 1760 1582 1792 As-

879 1810 1028 1849 canium,
1057 1809 1296 1852 Anchisenque
1321 1815 1467 1851 patrem,
1494 1810 1583 1841 Teu-

879 1868 1025 1900 crosque
1052 1864 1195 1899 penates
1223 1860 1432 1892 Commendo
1460 1860 1584 1898 sociis:

878 1910 943 1938 &c.

921 1959 963 1988 56
985 1957 1142 1989 Ausonias
1170 1959 1212 1990 ad
1240 1958 1347 1999 arbes]
1385 1958 1441 1991 Ad
1470 1959 1582 1992 Italiae

878 2007 991 2038 urbes.

921 2059 962 2088 57
987 2056 1091 2088 Duris
1114 2060 1150 2088 ut
1173 2057 1237 2088 ilex
1252 2056 1359 2097 tonsa]
1383 2058 1431 2089 Ut
1447 2058 1516 2090 ilex
1532 2067 1582 2091 ra-

878 2106 941 2137 mis
957 2106 1104 2147 spoliata
1121 2107 1228 2147 magis
1239 2107 1440 2147 repullulat,
1453 2108 1502 2138 sic
1516 2108 1583 2138 Ro-

877 2156 969 2187 mani
997 2156 1150 2187 adversis
1173 2156 1301 2196 praeliis
1317 2157 1424 2196 magis
1438 2157 1583 2189 invales-

878 2209 973 2236 cunt.
1003 2205 1203 2246 [Bamberg.
1226 2210 1319 2238 tunsa
1333 2206 1539 2248 bipennibus]

921 2258 963 2286 58
988 2255 1256 2296 Nigraefrondis]
1278 2257 1423 2289 Frondis
1449 2258 1583 2289 umbro-

879 2313 937 2335 sae.
953 2303 1087 2346 Algido]
1100 2304 1262 2344 Algidum
1273 2315 1368 2338 mons
1382 2311 1436 2339 est
1451 2308 1486 2339 in
1499 2317 1583 2348 agro

877 2354 1079 2385 Tusculano.
1125 2355 1213 2386 Vide
1230 2364 1255 2387 1.
1273 2356 1343 2388 Od.
1365 2359 1420 2388 21.

921 2404 964 2432 60
1000 2403 1102 2433 Ducit
1130 2403 1217 2443 opes]
1243 2404 1405 2446 Acquirit
1430 2406 1519 2438 vires
1548 2410 1585 2438 et

879 2450 1127 2482 incrementum
1156 2457 1194 2484 et
1223 2453 1402 2486 audaciam
1431 2456 1474 2487 ab
1499 2456 1583 2496 ipsis

880 2500 1043 2532 caedibus.
1090 2501 1180 2533 Vide
1196 2503 1292 2543 Virg.
1309 2504 1385 2535 AEn.
1401 2513 1443 2535 11.

922 2554 963 2582 61
1000 2550 1075 2582 Non
1109 2551 1237 2592 Hydra,
1259 2553 1331 2593 ξω]
1367 2554 1420 2584 De
1450 2553 1583 2594 Hydrae

881 2609 990 2640 neque
1019 2598 1140 2635 forma,
1169 2610 1282 2642 neque
1314 2603 1467 2639 interitu,
1494 2604 1584 2636 inter

883 2648 1002 2690 poetas
1030 2649 1111 2680 satis
1135 2652 1311 2682 convenit.
1356 2652 1442 2684 Sunt
1461 2653 1518 2694 qui
1534 2653 1585 2686 ini

883 2700 999 2740 capita
1025 2704 1176 2742 centum,
1191 2707 1271 2732 suut
1286 2702 1344 2743 qui
1360 2704 1585 2745 quinquagin-

883 2753 919 2781 ta
943 2749 1040 2789 dent,
1066 2755 1145 2781 sunt
1172 2752 1229 2792 qui
1252 2761 1387 2788 novem,
1407 2753 1462 2784 alii
1479 2754 1581 2786 etiam

885 2801 1058 2840 pauciora.
1101 2800 1227 2833 Verum
1252 2801 1308 2834 hic
1331 2802 1509 2844 poetarum
1533 2806 1582 2836 lu-

1425 2856 1495 2889 50
