1916 3262
452 275 663 306 HORA'rn
699 275 973 307 cARMtNUM
1010 276 1103 307 mu.
1134 277 1166 308 1.
1194 266 1266 308 30.

85 401 89 405 ,
115 365 313 399 servitutem
330 367 492 409 abducas.
548 366 675 406 Neoris]
700 366 817 398 Fabri-

116 425 187 448 cas.
235 417 316 453 Quoe
335 417 408 458 tibi]
436 418 522 450 Quoe
547 418 642 456 virgo
664 421 733 447 tuae
748 426 816 448 ser·

116 465 187 498 vict
213 466 346 498 libidini
372 467 486 508 (virgo
508 465 646 507 quidem
669 465 816 498 barbara

114 516 268 556 quamvis
294 515 451 558 pulchra)
475 522 653 557 postquam
669 526 814 557 sponsus

113 565 188 605 ejus
205 566 270 597 erit
285 577 304 597 a
318 571 351 597 te
367 566 510 598 occisus.

157 615 193 656 [6
207 615 429 648 Schoenborn.
442 619 474 647 2.
498 615 617 656 sponso
628 620 736 648 necato
747 627 815 658 quoe

114 665 173 697 tibi
188 667 303 698 serviet
312 665 344 707 1²]

155 718 176 747 7
199 716 287 747 Puer
299 726 339 748 ex
352 716 440 756 aula]
474 716 578 748 Pueri
595 718 813 749 commenda-

111 767 172 806 tio,
185 767 274 807 quod
292 771 326 797 et
342 775 464 807 genere
482 768 574 807 regio
590 771 700 808 natus,
718 774 753 800 et
770 768 813 800 ab

110 821 264 846 extrema
283 825 390 856 usque
416 816 517 847 India
544 818 686 857 petitus.
733 818 811 850 Hoc

109 865 325 905 enimauget
352 867 520 906 pretium:
545 872 583 897 ut
607 867 639 898 in
666 868 811 899 Terent.

109 914 186 947 ‘Ex
210 915 380 957 AEthiopia
406 923 458 948 est
485 926 588 958 usque
614 916 712 948 haec?
739 918 813 949 Tor-

107 969 190 998 rent.
237 967 292 997 Ex
306 966 394 1008 aula]
417 967 510 998 Puer
526 968 652 1008 regius,
669 968 736 1008 vel,
754 978 809 1000 no-

109 1015 170 1047 bili
187 1025 312 1057 genere
327 1022 439 1048 natus.

152 1069 173 1098 8
189 1067 241 1098 Ad
250 1068 410 1109 cyathum]
429 1068 484 1099 De
501 1072 652 1100 veterum
669 1079 810 1101 consue·

109 1116 241 1157 tudine,
265 1128 332 1159 qua
359 1119 455 1159 pueri
482 1119 610 1150 nobiles
627 1120 669 1151 ad
688 1121 812 1160 pocula

109 1169 272 1200 divitibus
297 1169 523 1201 ministranda
549 1171 811 1212 adhibebantur,

109 1218 236 1251 Athen.
253 1229 290 1250 x.
307 1222 339 1251 7.
384 1221 571 1260 Eleganter
586 1230 669 1261 ergo
695 1226 729 1253 et
752 1222 811 1253 ab·

109 1271 231 1310 solute,
248 1273 258 1289 ‘
273 1282 394 1313 pueros
405 1273 447 1303 ad
465 1273 622 1313 cyathos'
637 1273 812 1313 dicebant,

108 1330 171 1361 pro
189 1322 375 1362 pincernis.
421 1322 508 1353 Vide
521 1323 672 1354 Turneb.
688 1332 743 1354 ιιι.
758 1326 811 1354 23.

108 1372 247 1404 Canter.
267 1373 394 1403 Novar.
409 1381 464 1403 ιιι.
481 1375 534 1403 20.
578 1372 632 1403 Ad
649 1373 810 1413 cyathum]

107 1421 162 1452 Ad
176 1421 432 1453 ministrandum
445 1421 506 1452 tibi
521 1422 653 1462 pocula.
680 1422 808 1463 Unctis]

107 1471 248 1513 Capillis
263 1476 438 1512 unguento
454 1471 623 1503 delibutis.
674 1509 678 1512 ¹

147 1525 170 1553 9
201 1522 340 1563 Sericas]
378 1522 513 1553 Doctus
545 1522 675 1562 optime
704 1522 808 1563 sagit-

106 1578 194 1613 tare,
211 1578 247 1604 ut
264 1573 378 1610 Seres,
405 1573 552 1614 populus
570 1572 708 1604 Parthis
725 1573 808 1604 vici-

105 1631 180 1654 nus.

149 1675 191 1704 10
215 1673 295 1709 Quis
319 1675 425 1714 neget,
449 1673 522 1714 ξιπ]
556 1673 666 1705 Recte
693 1677 808 1705 mouet

105 1722 334 1764 Porphyrion,
350 1723 384 1754 id
399 1733 440 1754 ex
456 1724 638 1764 proverbio
652 1723 734 1764 dici,
750 1724 809 1754 de·

106 1779 240 1814 sumpto
271 1783 313 1804 ex
343 1772 514 1813 Euripidis
547 1773 696 1811 Medea;
725 1772 828 1810 Ἄγιν,

106 1825 252 1862 ποταμῶν
273 1823 360 1863 ἱερῶν
374 1824 509 1864 χωροῦσι
523 1822 631 1861 ποι-γαί.
677 1823 810 1854 Sursum

105 1882 214 1904 oenus
225 1882 383 1903 sacrorum
395 1872 563 1912 fluminum
572 1872 809 1910 seruntur-fon·

105 1926 164 1954 tes.
187 1923 285 1963 cujus
310 1931 427 1953 versus
448 1922 596 1958 initium,
616 1921 699 1953 Ἀνω
713 1934 809 1954 ποτα-

104 1972 318 2013 pronominis
329 1973 477 2012 caeteris,
491 1971 669 2012 proferunt
681 1973 810 2012 Graeci,

104 2033 181 2055 cum
203 2023 365 2054 adversus
391 2028 524 2054 natura²
551 2023 704 2054 ordinem
733 2023 807 2054 fieri

103 2073 230 2114 aliquid
256 2072 459 2113 significant.
505 2073 609 2105 Quasi
639 2073 806 2104 Horatius

103 2121 305 2154 credidisset
341 2122 437 2162 prius
469 2121 660 2153 naturalem
691 2132 805 2154 rerum

101 2171 252 2204 ordinem
272 2172 422 2213 potuisse
438 2172 577 2211 inverti,
594 2182 692 2213 quam
707 2173 750 2204 ab
764 2182 805 2204 eo

102 2222 351 2264 philosophiam
366 2223 523 2264 relinqui.
541 2224 702 2254 Erasmus.
713 2224 804 2255 Tarr.

105 2271 201 2313 Quis]
235 2272 333 2304 Ordo
359 2278 433 2304 est:
460 2274 545 2307 Quis
570 2279 673 2315 neget
697 2274 804 2306 relabi

103 2331 202 2362 posse
229 2324 318 2355 rivos
343 2333 467 2365 pronos
492 2324 605 2355 arduis
621 2325 805 2363 montibus,

103 2378 139 2405 et
159 2374 312 2405 Tiberim
338 2384 439 2415 posse
467 2375 606 2414 reverti,
629 2385 730 2416 quum
755 2381 804 2412 tu,

103 2423 274 2464 pollicitus
297 2424 449 2460 meliora,
472 2424 586 2456 tendis
607 2430 739 2457 mutare
754 2426 803 2457 lo-

104 2473 184 2505 ricis
215 2473 327 2505 Iberis
355 2474 457 2506 libros
485 2475 619 2506 nobiles
646 2475 806 2518 Panaetii,

103 2523 254 2566 undique
270 2523 434 2565 coemtos,
457 2530 492 2555 et
507 2525 641 2557 domum
655 2526 805 2558 Socrati-

103 2574 204 2605 cam?

146 2625 205 2665 [13
223 2624 311 2655 Dum
325 2627 361 2655 tu
435 2623 550 2654 nobilis
566 2623 715 2665 Guelpb.
733 2625 805 2656 alii-

101 2683 168 2716 que
183 2673 285 2705 codd.
303 2683 359 2714 ap.
373 2673 511 2714 Jaeck.]

148 2727 187 2755 14
210 2723 323 2754 Libros
339 2722 482 2763 Panoeu]
505 2723 634 2755 Quales
657 2723 734 2755 libri
757 2725 804 2756 illi

103 2778 187 2813 tres,
203 2783 288 2815 quos
304 2772 372 2814 περὶ
395 2773 452 2805 τοῦ
467 2772 666 2815 καθήκοντος,
682 2774 753 2806 sive
767 2776 806 2807 de

103 2824 237 2866 Officiis,
262 2828 298 2855 ut
326 2824 430 2855 vertit
456 2824 591 2866 Cicero,
618 2825 804 2857 accuratis-

1458 271 1572 314 1383

868 367 952 398 sime
961 367 1112 409 scripsit.
1135 368 1419 411 Socraticam,85·c.]
1433 371 1572 413 Scripta

869 421 983 449 autem
999 418 1178 450 Socratica
1194 429 1294 460 paene
1309 419 1342 450 in
1355 421 1572 461 proverbium

868 467 1039 508 abierunt,
1067 469 1220 510 quamvis
1235 469 1317 501 nihil
1336 469 1410 511 ipse
1426 471 1571 512 scripse·

867 516 924 548 rit·
938 517 1082 549 Torrent-
1120 517 1263 560 Panoett]
1281 518 1482 560 Philosophi
1499 529 1571 552 sec-

866 571 910 598 tae
929 567 1052 599 Stoicae
1070 567 1284 600 nobilissimi.
1330 568 1482 609 Domum]
1507 570 1571 601 Fa-

865 617 988 648 miliam
1004 618 1230 657 Socraticam,
1243 619 1438 658 Platonem,
1454 619 1572 651 Xeno-

865 667 1040 708 phontem,
1061 672 1097 700 et
1119 669 1202 700 alios
1225 674 1362 701 veteres
1387 669 1571 701 Academi-

865 727 934 750 cos.
978 718 1092 759 [Libro
1108 719 1150 750 P.
1164 718 1200 750 S.
1215 722 1271 750 aut
1286 720 1408 750 domum
1423 719 1572 751 Schoen-

865 766 962 799 born.
999 770 1032 800 2.
1090 768 1204 799 Libros
1235 768 1279 801 P.
1313 772 1344 800 et
1378 767 1415 800 S.
1447 769 1570 800 domum

863 818 1027 859 Guelph.]

906 871 944 900 15
969 869 1114 912 Mutare]
1135 869 1366 911 Philosophiae
1391 870 1507 902 studio
1533 880 1570 901 o·

862 920 976 959 misso,
1002 929 1094 951 arma
1121 930 1260 961 capere.
1303 921 1428 952 Loricis
1450 920 1569 961 Iberis]

862 970 950 1003 Quae
974 980 1045 1012 prae
1068 971 1205 1002 caeteris
1226 971 1568 1011 commendabantur,

862 1019 906 1050 ob
930 1019 1027 1060 ferri,
1050 1026 1087 1052 ut
1109 1021 1268 1061 arbitror,
1287 1026 1569 1062 temperaturam.

864 1069 1008 1102 Torreat.
1063 1070 1181 1111 Iberis]
1205 1071 1336 1103 Loricis
1354 1072 1568 1112 Hispanicis.

908 1124 948 1152 16
972 1121 1140 1152 Pollicitus
1161 1122 1306 1162 meliora]
1341 1122 1453 1154 Quam
1480 1122 1568 1152 mili-

864 1170 946 1201 tiam
963 1172 1132 1211 persequi,
1156 1176 1192 1202 et
1208 1171 1256 1202 rei
1272 1171 1410 1203 militari
1426 1181 1566 1212 operam

863 1219 958 1250 dare.
1019 1220 1149 1260 Tendis]
1193 1221 1235 1252 P.
1271 1221 1448 1253 Victorius
1484 1222 1570 1254 Var-

863 1270 961 1301 Lect.
987 1279 1079 1302 xvu.
1101 1273 1154 1302 13.
1182 1271 1360 1311 legendum
1387 1280 1459 1302 esse
1485 1281 1567 1303 con-

864 1319 988 1358 tendit,
1018 1320 1142 1350 temnis.
1188 1321 1294 1353 Quasi
1324 1320 1468 1360 diceret,
1498 1331 1566 1353 non

860 1367 1011 1404 dubitas,
1038 1378 1105 1398 non
1131 1369 1237 1399 vertis
1259 1369 1429 1409 religioni,
1445 1370 1565 1402 audes.

861 1417 990 1457 Tendis]
1007 1417 1196 1448 Contendis
1211 1422 1246 1449 et
1262 1418 1295 1448 in
1312 1419 1426 1450 animo
1441 1419 1567 1451 habes?

859 1467 925 1498 Vel
943 1476 1056 1507 urges,
1073 1467 1210 1508 pergis?

859 1517 943 1548 Ona
959 1526 1052 1549 xxx.
1082 1517 1230 1558 Εὐκτικὴ,
1248 1519 1301 1549 vel
1318 1518 1464 1556 κλητική.
1506 1519 1565 1551 Αι)

903 1568 1103 1600 Venarum.
1151 1569 1263 1610 Rogat
1276 1569 1460 1610 Venerem,
1477 1574 1514 1601 ut
1530 1571 1564 1602 in

902 1618 1010 1650 aedem
1026 1619 1187 1660 Glycerae
1210 1619 1274 1651 sibi
1294 1620 1495 1653 dedicatam
1507 1631 1565 1654 ve-

902 1669 987 1702 niat.

904 1722 919 1749 1
948 1719 1059 1760 Cnidi]
1095 1721 1158 1751 Est
1181 1719 1311 1751 Cnidus
1335 1720 1414 1751 urbs
1439 1721 1563 1762 Caria,

859 1769 916 1800 ubi
928 1770 1041 1800 Venus
1049 1770 1264 1801 sanctissime
1274 1770 1464 1803 colebatur.
1497 1771 1563 1801 Pa-

859 1819 944 1859 phos
960 1819 1040 1850 urbs
1058 1819 1090 1849 in
1104 1820 1219 1860 Cypro
1233 1819 1354 1858 insula,
1369 1819 1411 1850 de
1425 1829 1491 1861 qua
1507 1830 1562 1852 su-

860 1878 921 1909 pra
938 1868 1016 1899 Ode
1035 1871 1085 1899 19.
1123 1868 1210 1899 Vide
1225 1868 1429 1900 Strabonem
1446 1869 1466 1899 1.
1483 1878 1562 1901 xiv.

860 1922 895 1950 et
914 1918 1005 1950 Pliu.
1022 1927 1156 1949 xxxvx.
1171 1922 1203 1949 5.

901 1971 922 1999 2
945 1967 1078 2009 Sperne]
1099 1968 1240 1999 Minoris
1254 1966 1373 2000 facito·
1402 1968 1563 2001 Dilectum

861 2018 1002 2061 Cypron]
1034 2019 1163 2050 Merito
1195 2017 1244 2049 illi
1275 2018 1436 2050 dilectam
1455 2030 1463 2050 :
1489 2024 1561 2051 tum

857 2071 946 2113 qnod
965 2071 1122 2102 universa
1146 2071 1202 2101 illa
1219 2070 1329 2101 insula
1344 2071 1415 2110 ejus
1432 2071 1562 2102 numini

856 2121 984 2153 devota
1000 2125 1111 2160 esset3
1133 2125 1203 2151 tum
1220 2119 1310 2161 quod
1329 2124 1379 2152 tot
1396 2122 1562 2161 praeclara

855 2172 890 2203 in
902 2181 943 2203 ea
959 2172 1089 2213 templa
1105 2170 1247 2202 diversis
1267 2171 1350 2202 locis
1366 2170 1535 2202 aedificata
1552 2182 1560 2201 :

856 2223 946 2254 unde.
963 2228 999 2255 et
1015 2222 1158 2263 Paphia,
1176 2221 1301 2261 Idalia,
1311 2223 1377 2252 διο.
1389 2221 1483 2252 dicta
1495 2226 1561 2258 est,

855 2283 875 2304 a
887 2267 1029 2305 totidem
1042 2272 1149 2314 Cypri
1164 2271 1312 2312 oppidis.
1325 2271 1470 2303 Torreat.
1500 2271 1560 2302 Vo-

853 2323 970 2364 cantis]
992 2323 1167 2364 Glycerae,
1182 2328 1216 2353 te
1230 2322 1432 2362 invocantis,
1446 2327 1483 2354 et
1495 2322 1558 2353 tibi

854 2374 1094 2406 sacrificantis.

896 2427 917 2455 4
943 2422 1107 2462 Transfer]
1138 2422 1252 2463 Migra
1276 2422 1311 2453 in
1336 2421 1514 2461 sacellum,
1540 2430 1559 2452 a

855 2473 1008 2514 Glycera
1022 2472 1083 2503 tibi
1100 2476 1352 2504 consecratum.

896 2529 915 2555 5
942 2523 1042 2563 Puer]
1064 2523 1209 2564 Cupido.

897 2577 919 2605 6
942 2573 1062 2604 Salutis
1074 2572 1201 2603 Gratiae
1215 2573 1316 2613 zonis]
1340 2572 1488 2603 Veneris
1503 2582 1558 2604 co·

853 2624 1010 2655 mitatum
1037 2622 1245 2662 describens,
1272 2626 1368 2652 recte
1394 2622 1443 2653 illi
1471 2622 1559 2654 Gra-

854 2675 919 2707 tias
936 2674 1104 2715 adjungst,
1119 2678 1156 2704 ut
1173 2683 1276 2713 supra
1293 2672 1361 2704 Od.
1375 2675 1408 2705 4.
1442 2673 1557 2713 Ipsius

853 2725 943 2757 enim
961 2728 995 2755 et
1015 2723 1128 2755 Liberi
1145 2721 1224 2753 filiae
1249 2726 1340 2762 sunt,
1359 2732 1424 2754 nec
1440 2723 1559 2754 imme-

855 2774 934 2806 rito.
980 2773 1111 2805 Gratiae
1134 2772 1222 2803 euim
1251 2781 1312 2812 per
1339 2773 1455 2804 horum
1484 2771 1556 2804 fere

854 2824 1026 2856 numinum
1042 2832 1181 2854 munera
1193 2821 1427 2854 conciliantur.
1471 2823 1555 2854 Tum
