1890 3230
0 0 161 178 F„-

414 328 622 360 nouA'rn
657 327 936 359 sannionum
974 328 1067 358 mn.
1101 328 1151 358 ιι.
1181 319 1224 359 7.

91 421 239 454 dicenda
252 422 372 462 habeo,
387 431 474 463 pace
491 427 549 455 tua
562 421 705 454 fortasse
719 420 788 452 dici

91 476 276 513 nequeunt.
332 471 422 503 'rum
452 471 615 503 Horatius
629 482 638 503 :
672 470 763 503 Quid
777 471 789 502 ?

91 522 255 553 Davusne
267 525 334 558 est,
352 521 408 562 qui
424 522 542 562 paucis
558 531 611 553 me
628 520 786 552 volebat?

92 570 148 603 Ita
161 571 346 613 respondet
359 580 490 609 servus,
504 571 576 611 ipse
589 571 703 602 Davus
718 570 787 607 ille,

91 628 193 662 quem·
208 625 244 652 tu
261 625 440 661 tantopere
453 620 584 660 diligis:
600 628 662 651 nec
676 619 711 651 id
727 619 786 650 im-

91 662 225 702 ru'erito.
271 669 333 702 Est
354 670 443 701 enim
466 669 557 710 frugi
585 669 619 700 in
644 673 788 708 tantum,

89 717 252 761 quantum
261 730 360 752 servo
371 729 511 751 necesse
521 724 584 751 est.
606 719 683 750 Non
696 719 787 758 dico,

89 769 200 802 nimis.
243 770 328 802 Cum
347 770 436 801 enim
454 773 549 800 vetus
565 765 705 809 quercla
729 769 786 807 sit,

89 819 250 851 maximas
266 819 412 851 virtutes
438 827 504 850 non
528 818 703 857 diurnare,
719 827 786 849 me·

90 872 163 908 tuo,
185 878 228 900 ne
255 873 292 900 et
315 873 365 908 tu,
390 869 417 899 si
443 877 496 899 me
523 877 626 908 supra
651 867 787 899 modum

88 916 178 958 frugi
193 917 324 956 dixero,
348 917 510 957 verearis,
534 927 578 949 ne
603 923 683 949 aute
699 917 788 949 diem

87 967 190 999 tantis
203 966 386 998 virtutibus
399 967 601 1007 mancipium
619 966 681 998 tibi
700 976 788 998 mors

87 1022 248 1058 ereptura
263 1017 318 1048 sit.
357 1015 435 1047 Hoc
450 1016 541 1047 enim
558 1017 676 1048 volunt
689 1016 787 1048 urba-

87 1065 222 1096 nissima
238 1065 315 1096 illa:
342 1065 386 1096 Et
401 1064 497 1105 frugi
521 1067 600 1106 quod
622 1067 665 1097 sit
684 1066 785 1098 sutis:

87 1115 144 1147 hoc
157 1119 214 1155 est,
234 1116 279 1147 Ue
294 1116 389 1147 vitale
400 1118 499 1155 putes.
523 1115 685 1155 Rutgers.

130 1168 151 1197 2
176 1164 370 1206 Refer-mido]
407 1165 483 1196 Nou
499 1165 680 1206 ignorabat
696 1166 784 1197 enim

88 1215 223 1247 domino
249 1225 309 1247 suo
332 1225 406 1246 eam
422 1215 502 1247 vitae
519 1219 555 1246 et
570 1225 700 1247 morum
718 1220 784 1246 tur-

87 1265 276 1306 pitudinem
301 1264 427 1297 auditu
442 1263 514 1296 fore
541 1265 784 1305 injucundam:

43 1346 46 1350 ,
86 1315 216 1347 idcirco
227 1316 276 1347 ait
285 1325 416 1354 servus,
427 1314 625 1347 reformido:
643 1315 786 1356 perinde

87 1377 126 1399 ac
142 1367 170 1398 si
182 1368 264 1399 velit
276 1365 469 1408 significare
483 1367 642 1398 libertate
655 1367 686 1398 ei
702 1377 786 1408 opus

87 1426 162 1449 esse
176 1416 218 1448 ad
236 1417 341 1448 libere
357 1417 573 1458 loquendum.
589 1418 685 1458 Cruq.
718 1418 787 1449 Da-

87 1467 198 1508 rame]
231 1469 321 1499 Num
338 1469 451 1500 Davus
465 1468 569 1500 audet
584 1468 658 1500 haec
672 1468 788 1510 loqui?

87 1517 198 1558 inquit
212 1517 366 1550 dominus
381 1528 471 1549 suus.
503 1519 569 1559 Itu,
583 1519 708 1559 Davus]
732 1518 787 1550 Ila

87 1572 152 1608 est,
167 1578 231 1609 ego
247 1570 362 1601 Davus
374 1579 490 1601 servus
506 1570 567 1601 tibi
583 1570 674 1601 utilis
685 1570 786 1610 cupio

87 1621 120 1648 te
138 1618 254 1657 paucis
270 1619 466 1650 convenire.

127 1669 148 1698 3
161 1667 357 1709 Mancipium
370 1668 492 1700 domino
505 1671 534 1699 et
542 1668 638 1708 frug-i
650 1670 730 1709 quod
744 1668 787 1699 sit

86 1717 165 1748 caete
174 1727 186 1748 .·
207 1717 264 1748 hoc
277 1721 338 1756 est,
349 1721 385 1748 at
398 1718 493 1748 vitale
506 1721 609 1757 putes,
621 1717 694 1756 Sym]
720 1718 788 1748 Hic

87 1766 294 1806 interpretes
307 1766 494 1806 mancipium
499 1766 596 1806 frugi
606 1778 616 1798 .-
633 1766 723 1808 quod
740 1777 788 1798 sa-

88 1816 132 1847 tis
146 1825 223 1847 esse
245 1816 351 1856 possit
365 1816 407 1847 ad
426 1816 698 1856 persuadendum
716 1817 789 1858 tibi,

88 1875 141 1898 me
157 1866 227 1897 vita
243 1865 377 1906 dignum
394 1875 481 1897 esse.
525 1867 610 1897 Erat
624 1867 716 1901 enim
730 1866 788 1898 do-

88 1917 253 1948 minorum
276 1918 309 1948 iu
326 1927 440 1949 servos
458 1917 534 1948 vitae
553 1917 711 1958 necisque
730 1927 788 1958 po-

89 1971 208 1998 testas.
253 1966 301 1998 At
316 1976 381 2007 ego
397 1967 491 2006 hero,
506 1976 571 1998 non
596 1975 707 2004 servo,
730 1967 787 1998 illa

90 2015 194 2048 verba
209 2021 292 2057 puto
308 2015 490 2048 tribuenda
504 2027 513 2047 ι
537 2017 591 2048 hoc
606 2020 664 2056 est,
682 2017 725 2048 Ut
740 2017 787 2048 vi-

88 2066 151 2097 tale
170 2069 262 2106 putes
274 2076 285 2098 .·
308 2075 379 2105 age,
401 2066 544 2098 libertate
559 2066 744 2099 Decembri.
756 2089 764 2098 .
778 2090 786 2098 .

87 2119 186 2148 utere.
215 2116 266 2148 Ut
289 2116 445 2147 conscius
459 2116 523 2148 sibi
545 2117 645 2148 herus
660 2121 787 2148 tracta-

90 2166 190 2198 tionis
205 2170 243 2198 et
254 2167 402 2208 querelae
419 2166 509 2198 servi
523 2167 587 2205 sui,
601 2166 784 2207 qnemjam

89 2215 122 2246 in
138 2225 266 2248 summa
277 2217 439 2257 temporis
455 2217 615 2248 libertate
626 2221 783 2257 expostu-

88 2266 158 2297 lare
186 2275 301 2296 secum
328 2266 415 2296 velle
442 2265 602 2305 videbat;
626 2266 783 2297 nimirum

89 2315 210 2355 inquit,
223 2314 258 2346 id
275 2315 342 2352 est,
359 2315 368 2332 ‘
381 2314 498 2345 vitalia
512 2315 591 2345 mihi
608 2319 784 2355 amputare

90 2363 199 2395 velle-¹
235 2363 519 2395 Commemoratio
534 2363 622 2394 enim
638 2367 704 2394 tuae
717 2363 787 2394 fru-

91 2412 255 2454 galitatis,
278 2416 440 2453 quantum
464 2411 547 2442 satis
571 2418 638 2452 est,
664 2417 701 2443 ut
725 2412 786 2452 ais,

91 2460 249 2494 beneficii
264 2461 340 2492 loco
357 2464 504 2502 servata,
520 2465 558 2492 ut
573 2466 608 2492 et
622 2462 710 2501 apud
723 2462 787 2493 Co·

93 2510 218 2542 micum
232 2518 348 2540 servus
364 2509 434 2548 ait3
457 2509 676 2550 exprobratio
697 2519 787 2551 quae-

92 2560 172 2591 dam
187 2562 248 2591 est.
283 2557 294 2575 ‘
307 2558 452 2590 Putare'
467 2565 579 2591 autem
595 2569 656 2600 pro
673 2569 787 2601 ampu-

96 2615 182 2649 tare,
203 2609 262 2641 ille
282 2607 374 2640 idem
397 2608 500 2650 poeta
515 2609 624 2641 dixit:
647 2609 681 2640 in
697 2609 787 2642 simi·

93 2659 179 2690 libus
196 2657 283 2689 enim
299 2666 391 2688 more
407 2657 543 2698 poetico
556 2668 616 2699 per
628 2657 789 2699 ἀφαίρεσιν

95 2708 224 2749 syllaba
235 2707 401 2749 perditur,
414 2711 451 2738 ut
465 2707 574 2744 Maro,
589 2709 599 2726 ‘
611 2708 706 2740 Pone
719 2718 788 2740 me·

95 2757 188 2796 tum,’
201 2767 260 2799 pro
272 2757 283 2775 ‘
292 2756 445 2798 depone!
456 2755 610 2790 Schottus.
634 2758 788 2798 Etsrugi,

96 2810 175 2848 qum!
189 2809 228 2838 sit
243 2806 338 2846 satis]
370 2807 516 2843 Servus,'
527 2807 675 2849 inquam,
691 2812 788 2840 tanta

180 2861 293 2899 Delph.
304 2865 335 2891 et
357 2860 429 2891 Var.
446 2861 534 2893 ctas.

757 2860 877 2893 Horat.

1422 300 1540 361 1745

843 421 1045 462 frugalitate
1061 416 1242 463 praeditusj
1262 425 1300 454 ut
1315 431 1367 453 me
1383 430 1458 453 meo
1474 432 1543 454 me-

842 471 906 503 rito
926 471 1086 512 judicare
1112 471 1218 512 possis
1244 471 1395 508 vitalem,
1420 471 1453 503 id
1476 476 1541 511 est,

841 522 979 552 meliore
994 522 1064 552 vita
1074 522 1227 563 dignum,
1238 531 1359 563 nempe
1372 522 1544 553 libertate.

842 570 947 610 Frugi
959 572 1039 611 quod
1054 571 1096 602 sit
1106 571 1202 611 satis]
1220 572 1278 602 Sic
1291 570 1397 611 frugi,
1408 574 1447 602 ut
1459 570 1542 602 nihil

841 620 1026 658 nimis‚nec
1040 620 1220 652 immodice
1233 621 1407 662 sejactet:
1421 624 1457 652 et
1465 622 1545 662 quia

843 670 943 710 vulgo
959 671 1124 710 creditur,
1150 671 1308 711 insignite
1335 670 1460 712 probos
1483 670 1544 701 im·

841 725 974 752 matura
998 721 1072 752 fere
1098 726 1208 753 morte
1229 723 1382 762 extingui
1398 733 1407 760 ;
1423 722 1544 762 jocose

841 770 952 806 addit,
974 774 1009 802 ut
1023 771 1119 802 vitale
1142 775 1253 811 putes.-
1276 772 1339 803 hoc
1357 776 1421 811 est,
1435 776 1474 803 ut
1490 782 1545 804 su-

842 820 1020 859 perstitem
1046 830 1177 860 speres,
1201 830 1264 852 nec
1288 821 1347 851 tali
1372 821 1544 861 mancipio

842 873 922 900 ante
948 869 1036 900 diem
1068 870 1223 910 priveris.
1280 870 1398 910 Frugi]
1431 869 1545 901 Sobrii

844 919 1054 959 potissimum
1070 929 1110 950 ac
1124 920 1232 961 parci,
1245 924 1280 951 et
1293 920 1350 961 qui
1364 928 1471 960 opera
1482 929 1544 950 sua.

842 969 944 1000 utiles
960 974 1052 1008 sunt,
1065 969 1210 1000 maxime
1224 978 1299 1000 cum
1313 968 1356 1000 de
1373 968 1479 1000 servis
1493 969 1543 1000 lo-

842 1018 988 1059 quimur,
1012 1028 1053 1050 eo
1077 1018 1242 1050 vocabulo
1258 1022 1431 1050 notantur.
1448 1037 1457 1046 .
1475 1017 1542 1049 Ta-

841 1069 906 1099 lem
923 1078 959 1099 se
979 1069 1096 1100 Davus
1113 1069 1177 1099 iste
1190 1068 1367 1109 praedicat.
1391 1067 1543 1099 Turneb-

842 1127 954 1150 xvni.
969 1122 1022 1151 27.
1048 1120 1192 1151 Tor-rene.

897 1172 917 1200 4
947 1169 1030 1210 Age,
1061 1169 1205 1201 libertale
1235 1169 1418 1209 Decembri]
1462 1168 1542 1200 Hoc

840 1227 954 1250 mense
971 1219 1166 1255 Decembri,
1185 1229 1260 1250 cum
1278 1219 1471 1250 Saturnalia
1487 1228 1543 1250 ce-

840 1269 1027 1310 lebrentur,
1050 1269 1162 1311 inquit
1185 1270 1352 1308 dominus,
1369 1269 1477 1300 servis
1494 1269 1542 1299 lo-

838 1320 897 1360 qui
925 1319 1018 1356 licet‚
1043 1319 1202 1360 quicquid
1231 1319 1325 1351 libet.
1380 1318 1544 1350 Libertate

842 1369 1021 1409 Decembri]
1054 1370 1258 1405 Saturnalia,
1285 1369 1374 1411 quod
1400 1379 1443 1400 ex
1469 1370 1544 1401 Ma-

841 1419 958 1451 crobio
975 1421 1118 1461 aliisque
1135 1421 1331 1451 auctoribus
1346 1427 1462 1451 notum
1479 1425 1545 1459 est,

841 1470 873 1501 in
899 1468 1123 1502 Decembrem
1150 1481 1298 1502 inensem
1320 1470 1541 1501 incidebant:

841 1520 976 1561 quibus,
990 1521 1079 1562 quod
1097 1530 1145 1552 sei
1155 1522 1184 1551 vi
1205 1530 1265 1561 pro
1278 1520 1421 1551 dominis
1434 1530 1469 1551 se
1485 1529 1544 1559 ge-

840 1575 967 1606 rerent,
991 1576 1027 1602 et
1049 1571 1083 1601 hi
1106 1571 1251 1601 vicissim
1274 1569 1455 1601 servilibus
1471 1579 1544 1600 mu-

840 1619 978 1651 neribus
1010 1618 1249 1659 fungerentur,
1288 1624 1338 1655 nt,
1376 1628 1542 1651 memores

841 1668 959 1700 iisdem
976 1678 1053 1699 sese
1069 1673 1164 1699 ortos
1181 1678 1255 1699 esse
1269 1669 1466 1706 seminibus,
1479 1678 1543 1700 nec

841 1721 976 1756 natura,
992 1716 1051 1747 sed
1066 1716 1261 1748 conditione
1272 1717 1418 1756 distare,
1430 1717 1544 1749 mode-

843 1765 947 1796 ratius
979 1766 1209 1805 imperarent;
1244 1771 1338 1797 reete
1366 1766 1543 1806 Horatius,

842 1815 932 1856 Age,
945 1815 1068 1856 inquit,
1083 1817 1149 1846 &c-
1185 1816 1231 1847 Et
1247 1815 1290 1846 de
1306 1816 1542 1848 Saturnalibus
1601 1827 1606 1832 ⁴

843 1866 975 1906 quidem
1002 1865 1107 1896 muita
1134 1866 1248 1896 dicere
1275 1866 1373 1897 otiosi
1400 1866 1543 1897 hominis

842 1914 899 1954 sit,
922 1914 1108 1945 adscribam
1130 1919 1264 1946 tantum
1286 1914 1405 1945 Diouis
1431 1915 1541 1946 locum

840 1963 884 1994 de
910 1963 1069 1995 Narcisso
1092 1963 1226 1995 Claudii
1244 1964 1391 1995 Caesaris
1418 1963 1542 1996 liberto

841 2013 900 2044 lib.
917 2021 976 2045 tx·
1020 2013 1088 2044 Hic
1113 2013 1202 2044 enim
1228 2013 1270 2045 ad
1292 2013 1481 2045 exercitum
1498 2014 1542 2046 A.

841 2063 968 2094 Plautii
984 2062 1116 2103 missus,
1132 2072 1207 2094 cnm
1221 2073 1362 2095 ascenso
1374 2063 1467 2095 ducis
1482 2064 1542 2096 tri-

842 2113 966 2149 bunali.
988 2113 1113 2154 alloqui
1130 2113 1254 2144 milites
1269 2112 1540 2154 aggrederetur;

840 2163 888 2194 illi
919 2163 1164 2204 indignabundi
1199 2164 1391 2196 acclamare
1419 2163 1539 2196 tritum

838 2212 938 2245 illud:
953 2214 964 2231 ⁴
978 2213 1019 2244 Io
1034 2213 1253 2244 Saturnalia?
1280 2214 1290 2231 ‘
1304 2213 1412 2244 Moris
1427 2212 1542 2249 enim:

838 2262 960 2304 inquit,
986 2263 996 2280 ‘
1012 2267 1103 2300 erat,
1131 2266 1169 2293 ut
1200 2263 1395 2294 Saturnalia
1421 2262 1540 2295 habitu

838 2312 1050 2343 dominorum
1062 2313 1218 2344 colerent
1231 2311 1344 2344 servi.’
1367 2312 1444 2344 Nec
1458 2306 1538 2344 ‘vero

839 2361 945 2392 servis
970 2365 1103 2392 tantum
1131 2361 1241 2401 major
1266 2365 1347 2392 tunc
1375 2362 1539 2400 permissa

839 2409 1000 2441 licentia:
1026 2409 1086 2440 sed
1102 2409 1210 2440 ceteri
1228 2418 1362 2450 quoque
1388 2409 1539 2440 homines

842 2462 916 2490 toto
944 2467 1059 2489 mense
1099 2457 1284 2489 Decembri
1318 2456 1538 2491 feriabantur.

844 2509 986 2540 Tor-rent.

883 2561 904 2589 6
921 2559 1004 2590 Pars
1017 2557 1188 2598 hominum]
1204 2557 1389 2589 Exorditur
1402 2556 1446 2588 ab
1457 2557 1539 2589 alio-

841 2617 913 2639 rum
931 2608 1032 2645 vitiis,
1047 2612 1085 2639 ut
1099 2608 1204 2639 tutius
1224 2608 1442 2648 securiusque
1467 2613 1541 2638 tan·

841 2657 919 2688 dem
934 2657 976 2688 ad
994 2657 1110 2688 herum
1126 2657 1249 2687 veniat.
1266 2657 1407 2688 Torreat.
1443 2656 1541 2697 Pars]

840 2707 956 2744 Verba
974 2706 1076 2737 servi.
1121 2705 1324 2755 Constant-er]
1349 2705 1540 2737 Pertinaci·

840 2762 905 2789 ter.
943 2757 989 2788 Et
1003 2756 1110 2798 urget]
1128 2756 1336 2788 Perseverat
1348 2754 1382 2787 in
1398 2755 1539 2789 consilio

841 2811 1012 2847 suscepto.

1385 2862 1403 2889 5
1427 2858 1450 2889 S
