1930 3204
501 280 710 314 HoRA'rn
740 280 1013 310 οΑΒΜιΝυΜ
1048 279 1142 309 ms.
1174 278 1240 308 lv.
1269 269 1311 309 9.

178 375 213 407 in
241 374 424 408 Germania
450 378 594 415 accepts
618 371 748 409 clades,
774 379 875 412 quam

175 427 186 444 ‘
204 424 413 457 Lollianam'
450 425 599 466 appellat
634 422 772 452 sueton.
804 418 876 450 Au-

176 478 279 514 gusto
295 483 373 514 cap.
388 476 443 505 23.
486 472 575 504 Vide
597 468 812 502 Torrentium
841 468 874 498 iu

177 523 266 555 hunc
279 524 407 562 locum,
417 526 452 554 et
464 522 606 554 Dionem
621 520 645 550 1.
658 527 731 550 mv.
756 518 874 558 [Bam-

175 572 273 614 berg.
298 573 351 604 De
371 571 607 604 immortalitate
619 568 790 600 carminum
804 576 874 598 suo-

174 622 274 663 rum]

221 674 239 703 1
265 671 318 702 Ne
332 671 422 709 sorte
445 669 568 710 credas]
599 667 696 700 Ordo
718 671 793 698 est:
818 667 874 699 Ne

175 724 214 753 tn
229 720 320 753 forte
332 720 467 758 credas,
482 720 516 751 id
530 724 598 759 est,
614 723 652 750 nt
668 727 735 749 non
752 717 874 749 credas

173 770 356 802 interitura
371 780 414 802 ea
427 770 544 806 verba,
569 778 642 809 quae
669 778 734 808 ego
760 767 872 799 Hora-

173 821 255 860 tius,
276 823 377 852 natus
401 821 442 851 ad
457 818 617 851 Aufidum
632 818 734 859 longe
751 826 872 849 sonan-

171 873 257 910 tem,
269 869 400 910 loquor,
415 871 480 901 διε.

214 921 236 950 2
258 919 423 961 Aufidum]
446 919 587 950 Flumen
605 917 752 958 Apuliae.

212 971 234 1000 3
258 969 335 1000 Non
346 972 420 1000 onte
433 968 592 1008 vulgatas]
617 968 686 998 Per
702 976 820 1002 novas,
836 970 872 998 et

168 1018 351 1050 inusitatas
361 1023 465 1058 artes,
476 1018 607 1049 scilicet
617 1017 706 1057 apud
720 1017 872 1055 Latinos;

171 1068 300 1108 primns
315 1068 404 1100 enim
420 1073 494 1100 erat
511 1066 615 1108 poeta
629 1066 755 1107 lyricus
777 1066 870 1098 Lati-

171 1126 247 1149 nus.

212 1169 235 1198 4
260 1166 409 1207 Chordis]
430 1165 546 1198 Verba
560 1166 681 1207 loquor
695 1165 780 1206 151·ae
795 1163 871 1196 fidi-

172 1215 236 1247 bus
251 1216 414 1256 aptanda.

215 1269 235 1296 5
258 1267 333 1297 Non
344 1265 372 1296 si
382 1264 518 1306 priores]
533 1264 658 1296 Lollius
669 1272 712 1295 ne
723 1264 871 1306 dubitet,

170 1315 253 1357 quin
267 1315 369 1347 etiam
385 1314 522 1346 Horatii
544 1314 693 1346 carmina
715 1314 747 1344 in
771 1324 871 1346 omne

171 1374 280 1396 aivum
296 1365 461 1395 duratura
475 1363 542 1394 sint
558 1373 567 1394 τ
590 1372 668 1395 cum
683 1371 795 1403 neque
810 1373 870 1394 ex·

169 1414 329 1445 cellentia
345 1413 500 1453 Homeri,
516 1412 671 1448 aliorum,
687 1412 743 1454 qui
759 1413 868 1444 secuti

167 1470 260 1500 sunt,
282 1462 464 1495 luminibus
487 1462 536 1493 ita
556 1461 724 1497 obstruat,
747 1467 786 1493 ut
800 1472 867 1494 nou

168 1518 205 1545 et
219 1513 283 1554 ipsi
300 1522 377 1544 cum
392 1512 491 1544 laude
502 1513 671 1552 legantur.
695 1512 866 1553 Maeonius]

167 1562 312 1595 Homeri
326 1562 448 1602 patriae
471 1562 679 1593 incertitudo
693 1563 868 1603 complura

166 1613 242 1654 ejus
266 1613 470 1653 cognomina
492 1611 664 1653 conflavit,
685 1613 776 1644 inter
790 1623 866 1654 quae

166 1663 272 1695 etiam
303 1663 314 1680 ⁴
329 1662 521 1694 Maeonides
534 1661 544 1676 '
576 1667 612 1693 et
645 1662 655 1680 ‘
671 1661 868 1699 Maeonius:

165 1722 232 1754 pro
247 1712 413 1748 Homero.
439 1713 583 1744 Tor-rent.
629 1713 717 1752 Non,
731 1712 760 1742 si
781 1713 867 1751 prio-

164 1762 231 1803 res]
255 1762 418 1796 Quamvis
433 1761 605 1793 Homerus
621 1760 750 1801 priores
767 1761 867 1792 sedes

166 1811 203 1842 in
218 1811 306 1843 Arte
327 1810 474 1845 Poetica
495 1810 643 1849 obtinet,
665 1818 729 1839 nou
754 1814 867 1840 tamen

167 1859 354 1899 Pindarus,
379 1859 584 1898 Simonides,
610 1861 675 1890 ὅτε.
702 1862 781 1889 sunt
808 1858 866 1889 ob-

167 1909 270 1942 scuri.
316 1908 476 1939 Moeonius
491 1907 591 1948 tenet]
611 1907 700 1938 Vide
712 1916 737 1939 1.
753 1907 822 1938 Od.
835 1910 867 1938 6.

210 1961 231 1990 7
251 1957 396 1999 Cooeque]
411 1957 453 1989 Id
469 1962 534 1998 est,
550 1956 731 1989 Simonidis
744 1957 816 1996 Cei,
832 1957 867 1987 in

166 2008 286 2042 Julide
301 2007 404 2039 nobili
420 2007 510 2039 illius
525 2007 658 2046 insnlae,
679 2016 755 2047 quae
774 2007 866 2037 Lati-

166 2059 220 2089 nis
236 2058 307 2089 Cea
322 2061 358 2089 et
378 2057 478 2098 Ceos,
503 2057 637 2089 Graecis
662 2056 759 2096 Κέως,
779 2056 867 2089 Κόως

166 2112 204 2139 et
219 2109 288 2139 Κῶς
301 2106 442 2146 dicitur,
457 2107 584 2148 oppido
607 2107 700 2138 nati:
726 2106 813 2138 unde
830 2111 866 2138 et

165 2156 380 2189 Bacchilides
396 2155 499 2197 poeta
514 2156 646 2188 nobilis.
670 2156 761 2188 Hinc
775 2158 866 2189 Κεῖυς

165 2210 202 2238 et
232 2205 340 2245 Κήῒος,
366 2206 487 2238 Latine
519 2207 600 2238 Ceus
627 2211 663 2238 et
692 2207 776 2238 Cous
786 2217 797 2238 .·
826 2211 865 2238 ut

165 2255 284 2288 ‘eea’
296 2260 334 2288 et
347 2256 357 2273 ‘
370 2255 452 2288 Coae
469 2254 606 2287 vestes?
623 2257 766 2288 Tor-rent.
793 2256 865 2287 Ceoe

169 2303 340 2344 Cmoenoe]
357 2304 529 2336 Camaenae
540 2305 756 2337 Simonideae.
774 2305 865 2337 Vide

165 2362 209 2385 ιι.
235 2354 304 2386 od.
334 2357 364 2384 l.
419 2353 519 2384 Alcaei
546 2354 696 2393 minaces]
729 2354 866 2387 Alcaeus

165 2404 253 2436 adeo
267 2412 404 2436 amarus
418 2409 507 2440 erat,
533 2404 723 2444 praesertim
738 2405 866 2445 Tyran-

167 2452 232 2490 nis,
254 2456 293 2483 ut
306 2450 439 2483 acribus
454 2452 522 2482 suis
538 2452 690 2484 versibus
707 2453 830 2485 multos
846 2464 865 2485 e

169 2501 312 2532 civitate
322 2501 483 2542 ejiceret:
495 2502 644 2532 minaces
653 2502 758 2542 igitur
767 2508 866 2536 erant

169 2551 244 2592 ejus
256 2550 440 2582 Camaenae.
483 2549 604 2590 [Alceoe
615 2551 780 2591 Guelph.]

212 2604 233 2633 8
249 2601 478 2642 Stesichorique
485 2609 600 2640 graves
610 2601 779 2641 Comoenoe]
790 2602 866 2633 Ste-

170 2651 320 2683 sichorus
346 2650 449 2691 poeta
473 2649 540 2681 fuit
556 2659 599 2681 ex
615 2649 769 2690 Himera,
784 2651 866 2682 civi-

169 2706 242 2733 tate
256 2700 394 2740 Siciliae,
405 2701 461 2742 qui
475 2700 622 2731 maxima
634 2700 736 2739 bella,
747 2705 783 2732 et
798 2701 866 2733 cla-

170 2751 320 2782 rissimos
342 2750 470 2782 cecinit
489 2749 615 2781 duces:
637 2759 759 2790 graves
782 2759 865 2790 ergo

169 2805 267 2834 erant
277 2801 348 2842 ejus
359 2800 540 2833 cnmaenae.
564 2799 654 2832 Vide
666 2800 756 2832 Plin.
766 2808 802 2832 x.
812 2802 866 2834 29.

1512 269 1624 311 1517

967 373 989 401 9
1010 369 1103 400 Lusit
1114 369 1297 409 Anacreon]
1318 369 1409 400 Vere
1427 370 1528 401 lusit:
1546 381 1624 403 nam

926 422 962 450 et
976 419 1119 450 materia
1133 418 1242 449 omnis
1258 418 1348 448 illius
1364 417 1476 458 poe'tae
1494 419 1625 451 ludicra

925 478 965 501 ac
990 478 1079 509 pene
1104 468 1248 500 ridicula
1273 473 1338 507 est,
1363 477 1504 508 eamque
1530 473 1625 500 tanta

922 518 1089 551 facilitate
1105 528 1144 550 ac
1158 519 1346 550 securitate
1359 522 1497 557 tractat,
1513 522 1550 549 ut
1565 528 1624 559 po-

924 569 990 600 tius
1006 569 1141 610 quidvis
1156 568 1248 600 aliud
1265 577 1378 608 agere,
1394 578 1491 609 quam
1508 578 1623 599 versus

923 619 1076 651 scribere
1084 619 1254 651 videatur.
1268 620 1384 652 Quare
1397 618 1507 660 Epod.
1519 628 1625 651 xxiv.

923 669 934 687 ‘
945 679 1011 700 non
1025 669 1238 701 elaboratum
1255 669 1297 700 ad
1314 668 1436 709 pedem
1447 668 1458 683 '
1473 678 1550 700 eum
1567 677 1624 700 ce·

921 719 1048 751 ciuisse
1068 720 1128 752 ait.
1173 720 1288 752 Graeci
1314 719 1506 760 hujusmodi
1532 720 1625 751 lusus

921 770 1049 810 παίγνια
1078 775 1215 810 vocant,
1249 775 1285 802 et
1314 770 1501 810 scriptores
1530 769 1624 809 ipsos

920 819 1196 863 ταιγνιογράφους,
1216 821 1308 852 inter
1324 829 1408 861 quos
1428 819 1480 850 vel
1503 819 1623 859 praeci-

922 881 1008 912 puus
1024 873 1217 903 Anacreon.
1241 872 1384 903 Torreat.
1428 869 1522 900 Lusit
1536 869 1625 900 Ano-

921 921 1026 962 creon]
1038 921 1201 954 Cantavit
1212 920 1407 953 Anacreon.
1422 919 1519 952 Lusit
1530 927 1623 955 vero,

921 971 1002 1011 quia
1016 980 1071 1002 res
1087 971 1267 1003 amatorias
1282 970 1433 1011 scripsit.

963 1024 1006 1052 10
1020 1021 1147 1053 Delevie
1159 1020 1253 1062 oetas]
1270 1018 1494 1059 Consumpsit
1505 1021 1622 1050 vetus-

921 1074 985 1102 tas.
1021 1071 1132 1112 Spirat
1145 1072 1245 1103 adhue
1258 1070 1362 1110 amor]
1380 1068 1469 1101 Nam
1485 1067 1623 1108 Sappho

920 1119 1094 1152 Phaonem
1124 1129 1267 1160 puerum
1294 1119 1328 1150 in
1353 1117 1503 1150 Siciliam
1529 1117 1622 1148 navi-

920 1174 1057 1209 gantem
1095 1169 1345 1211 elegantissimo
1384 1168 1532 1199 carmine
1570 1170 1625 1199 est

921 1224 1127 1260 prosecuta:
1153 1219 1275 1251 amoris
1293 1217 1430 1250 tandem
1451 1217 1501 1249 ita
1516 1217 1624 1258 impa-

922 1270 1011 1301 tiens
1025 1270 1129 1302 fuisse
1139 1270 1280 1310 dicitnr,
1291 1272 1330 1300 ut
1341 1276 1416 1299 sese
1430 1276 1450 1298 e
1460 1265 1622 1298 Leucade

920 1319 954 1350 in
968 1329 1062 1350 mare
1075 1319 1290 1360 praecipitem
1301 1317 1410 1348 daret.
1428 1316 1526 1355 Cruq.
1550 1315 1624 1355 Spi-

918 1372 973 1399 rat
999 1369 1098 1399 adhuc
1127 1368 1229 1407 amor]
1266 1366 1402 1397 Recens
1429 1368 1482 1395 est
1511 1363 1622 1395 adhuc

919 1426 1026 1457 amor,
1049 1426 1149 1457 quern
1172 1415 1308 1456 Sappho
1332 1412 1475 1445 Poetria
1490 1411 1558 1443 suis
1573 1412 1623 1453 ly-

919 1467 998 1498 ricis
1013 1466 1169 1498 versibus
1184 1463 1366 1497 commisit.

962 1519 1000 1548 11
1028 1515 1194 1547 Commissi
1209 1514 1343 1554 calores]
1371 1513 1465 1545 Quos
1480 1511 1620 1552 Sappho

918 1565 1074 1597 versibus
1105 1566 1174 1597 suis
1210 1562 1450 1596 commendare
1480 1561 1622 1602 dignata

917 1620 994 1647 est:
1018 1622 1057 1647 ut
1080 1620 1090 1635 ⁸
1104 1614 1341 1648 committere'
1365 1612 1455 1644 idem
1469 1611 1514 1642 sit
1529 1611 1619 1652 quod

917 1666 1070 1698 credere.
1116 1665 1173 1697 Ita
1188 1666 1295 1706 ipsius
1314 1664 1471 1703 Sapphus
1485 1666 1521 1692 et
1536 1670 1618 1701 quo-

917 1725 1127 1756 rumcunque
1152 1716 1295 1746 aliorum
1323 1721 1456 1744 amores
1488 1710 1619 1750 spirare

917 1764 1028 1794 adhuc
1045 1768 1082 1794 et
1103 1763 1218 1794 vivere
1234 1762 1385 1793 mulieris
1400 1760 1499 1791 unius
1515 1759 1619 1790 bene-

915 1812 1007 1850 ficio,
1030 1821 1105 1853 quae
1121 1811 1305 1843 immortali
1319 1810 1468 1842 carmine
1485 1817 1543 1840 eos
1563 1816 1618 1840 ce-

916 1861 1076 1893 lebravit.
1100 1862 1245 1892 Torreat.

960 1913 1003 1942 12
1026 1911 1140 1943 AEoliae
1156 1909 1293 1952 fidibus]
1324 1907 1462 1949 Sappho
1484 1905 1552 1939 fuit
1574 1917 1617 1939 ex

915 1961 1038 2002 AEofia,
1061 1962 1094 1992 in
1121 1970 1186 2002 qua
1213 1959 1354 1995 Lesbos,
1378 1956 1468 1989 uude
1496 1957 1618 1990 Lesbia

916 2020 1010 2052 saepe
1027 2011 1233 2052 appellatur.

959 2062 1000 2091 13
1024 2060 1100 2091 Non
1113 2060 1178 2090 sola
1193 2056 1342 2098 comptos]
1367 2056 1447 2087 Non
1463 2057 1534 2087 sola
1545 2056 1618 2088 He·

914 2110 993 2141 lena
1005 2110 1153 2141 Lacaena
1164 2109 1258 2147 arsit,
1271 2107 1305 2139 id
1322 2110 1388 2145 est,
1399 2107 1617 2137 vehementer

914 2159 1039 2190 amavit
1054 2158 1189 2190 Paridis
1200 2157 1312 2189 crines
1326 2159 1487 2188 accurate
1501 2165 1618 2196 pexos,

914 2210 979 2240 &c.
1038 2208 1206 2249 Intelligit
1236 2207 1350 2238 Poeta
1379 2206 1504 2237 multas
1535 2210 1615 2237 ante

916 2258 1083 2290 Helenam
1098 2267 1245 2298 amasse,
1268 2266 1344 2298 quae
1372 2256 1453 2287 belli
1476 2265 1615 2287 causam

915 2308 1150 2349 praebuerant,
1161 2314 1196 2339 et
1211 2317 1333 2348 magna
1346 2307 1425 2338 olim
1439 2306 1529 2337 bella
1540 2315 1615 2336 esse

915 2363 1012 2398 gesta
1023 2358 1186 2389 memoria
1200 2358 1314 2397 digna,
1335 2357 1393 2387 sed
1410 2356 1485 2387 haec
1501 2356 1615 2386 omnia

914 2406 1019 2437 fuisse
1037 2407 1198 2438 oblivioni
1215 2406 1356 2444 tradita,
1381 2405 1470 2446 qnod
1487 2405 1618 2445 poetae,

915 2457 970 2488 vel
984 2455 1172 2495 scriptores
1187 2456 1360 2494 deessent,
1385 2455 1441 2495 qui
1461 2459 1614 2493 postero-

915 2516 988 2537 rum
1001 2506 1170 2536 memoriae
1181 2515 1222 2536 ea
1232 2504 1523 2537 commendarent.
1548 2503 1614 2534 Ar-

913 2556 958 2587 sit
984 2555 1118 2586 adulteri
1143 2554 1267 2594 Crines]
1296 2554 1385 2584 Vide
1414 2562 1438 2583 1.
1465 2551 1534 2583 Od.
1562 2554 1613 2583 15.

915 2605 925 2622 ‘
941 2603 1124 2635 Adulteros
1149 2604 1259 2634 crines
1283 2603 1424 2643 pulvere
1446 2601 1614 2632 colunes!

915 2655 1011 2686 Bene
1027 2658 1141 2685 autem
1164 2652 1282 2684 Paridi
1297 2656 1470 2692 comptum
1485 2651 1614 2692 capilli-

915 2704 998 2735 tium
1023 2702 1153 2737 tribuit,
1177 2711 1276 2743 quem
1300 2701 1390 2732 inter
1404 2701 1524 2732 heroas
1541 2709 1611 2732 om-

914 2762 975 2784 nes
997 2753 1103 2784 solum
1128 2751 1309 2792 unguentis
1324 2750 1511 2782 delibutum
1538 2749 1610 2782 Ho-

913 2811 1026 2834 merus
1043 2801 1241 2843 descripsit,
1256 2805 1346 2833 teste
1360 2799 1539 2832 Athenaeo.
