1930 3204
360 281 470 323 1516

351 385 531 426 justitiam,
553 386 667 417 Poiitae
685 388 760 426 post
783 388 923 416 mortem
937 385 1037 416 etiam

357 434 446 475 apud
462 434 586 466 inferos
603 444 760 466 exercere
781 433 921 474 judicia,
936 433 1040 464 tradi·

356 483 448 514 dere.
493 484 668 515 Quomodo
686 483 737 514 hic
760 483 886 513 Noster
902 482 1037 513 AEacum

354 531 388 562 in
406 531 519 571 Elysio
534 531 699 562 collocat?
732 531 804 569 Ego
822 529 971 569 Elysium
984 539 1039 561 vo-

355 579 423 609 cari
439 579 653 618 crediderim,
675 579 834 620 quicquid
850 579 937 619 apud
953 577 1038 610 infe-

354 637 408 658 ros
424 632 521 659 extra
535 628 647 659 sedem
659 629 747 659 illam
759 629 967 668 sceleratam,
981 628 1038 659 ubi

353 680 464 708 sontes
480 678 676 717 plectuntur
691 679 823 718 animae,
833 678 938 718 jacet.
963 678 1037 708 Tor-

353 729 435 757 rent.

394 776 436 804 26
454 774 577 815 Virtus]
597 774 655 805 Vis
671 775 806 814 ingenii.
842 775 1035 815 Potentiam]

350 821 414 852 The
427 825 538 862 tangue
554 833 588 853 or
600 833 659 863 pen
673 823 709 861 os
717 825 864 864 power-sul
880 827 974 864 poets.

393 871 435 900 27
458 871 617 902 Divitibus
642 868 788 913 insulisJ⁰
811 871 961 912 Μακάρων
983 872 1034 908 νή-

352 927 424 949 σους
440 919 553 950 Graeci
571 925 702 952 vocant.
729 922 738 938 ‘
753 921 884 952 Divites
895 921 903 934 '
919 922 1036 961 appel-

351 966 414 1005 lat,
431 967 572 1007 perinde
587 978 626 999 ac
641 969 670 999 si
691 969 778 1000 idem
795 974 886 1001 esset
905 970 913 986 ‘
925 969 1036 1001 dives’

350 1017 387 1044 et
401 1015 412 1031 ‘
427 1014 567 1047 beatus!
586 1017 725 1048 Torrent-
761 1018 890 1058 [usalis]
912 1018 1033 1050 Insulis

348 1060 540 1101 fortunatis,
557 1065 608 1095 vel
625 1065 745 1105 Elysiis
760 1067 899 1107 campis,
921 1067 955 1097 id
969 1072 1033 1107 est,

349 1115 527 1142 consecrat
543 1111 797 1145 immortalitati.

390 1161 433 1190 28
458 1160 599 1199 Dignum
613 1162 701 1193 laude
715 1162 829 1202 virum]
858 1164 945 1195 Nam
961 1164 1034 1195 abs-

350 1216 416 1247 que
453 1208 634 1241 Poetarum
676 1212 896 1243 monumentis
931 1217 1034 1253 esset,

347 1255 435 1287 idem
452 1258 610 1297 tumulus,
630 1259 687 1300 qui
709 1269 841 1300 corpus,
857 1260 960 1292 etiam
976 1270 1034 1292 no-

347 1313 424 1335 men
441 1305 610 1336 obrueret.
642 1307 804 1338 Nimirum
815 1309 922 1340 virum
938 1318 1033 1349 egre-

346 1353 436 1391 gium
451 1358 485 1384 et
501 1355 676 1386 immortali
693 1356 791 1387 laude
807 1356 954 1396 dignum,
967 1366 1032 1388 non

347 1401 451 1433 virtus
467 1405 502 1433 et
515 1404 651 1443 egregia
673 1403 776 1442 facta,
793 1414 865 1445 quae
881 1406 961 1436 alias
983 1405 1031 1437 fa-

345 1449 411 1481 cile
435 1451 621 1491 ignorantia
645 1453 797 1489 involvit,
822 1454 881 1485 sed
908 1454 1030 1486 Poeta-

345 1507 418 1529 rum
433 1500 580 1530 carmina
595 1505 630 1531 et
644 1502 743 1532 Musa
763 1501 796 1532 in
818 1502 937 1533 coelum
962 1504 1030 1535 lau-

345 1546 443 1578 dibus
458 1550 596 1589 attollit‚
617 1555 652 1580 et
667 1551 742 1580 coeli
759 1551 967 1583 habitatione
982 1552 1030 1584 fe·

343 1595 440 1627 licem
456 1601 491 1627 et
503 1597 636 1628 beatum
650 1599 774 1630 reddit.
797 1600 908 1631 hubin.

385 1646 428 1674 29
451 1645 532 1675 Coelo
557 1646 648 1677 Musa
671 1646 753 1687 beat]
783 1649 858 1678 Duo
881 1649 1027 1680 Deorum

344 1700 470 1732 genera
498 1691 645 1724 faciebat
671 1695 864 1734 antiquitas,
886 1706 942 1727 eos
972 1698 1028 1738 qui

343 1750 475 1781 semper
487 1741 534 1772 dii
548 1742 655 1773 habiti
671 1742 822 1783 fuissent,
834 1745 950 1776 selecti
966 1746 1029 1777 sci-

342 1789 421 1820 licet
437 1795 472 1820 et
488 1791 646 1831 majorum
662 1791 820 1831 gentium,
839 1801 901 1823 nec
917 1793 1027 1832 plures

343 1847 411 1870 xu.
439 1849 588 1878 numero,
614 1849 673 1870 sex
698 1850 805 1871 mares
830 1846 866 1872 et
885 1842 1026 1873 totidem

341 1886 498 1919 feminae:
520 1896 642 1928 eosque
659 1889 715 1929 qui
736 1898 796 1928 per
810 1888 979 1921 ἀποθέωσιν
993 1891 1026 1921 in

342 1936 462 1966 coelum
480 1936 662 1968 venissent.
690 1937 810 1968 Cicero
823 1937 864 1968 de
881 1939 1025 1978 Legibus

339 1982 398 2014 lib.
414 1992 455 2014 u.
476 1985 486 2002 ‘
500 1985 620 2024 Divos,
642 1989 678 2016 et
704 1986 777 2016 illos
801 1987 857 2027 qui
873 1988 1026 2019 coelestes

339 2039 472 2070 semper
495 2031 612 2069 habiti,
628 2034 783 2063 colunto:
807 2039 842 2065 et
857 2035 929 2065 illos
945 2046 1025 2075 quos

341 2079 428 2108 endo
442 2079 527 2108 coelo
544 2080 664 2110 merita
678 2083 880 2121 vocaverint,
894 2084 1023 2114 Hercu-

340 2127 419 2165 lem,
445 2127 614 2166 Liberum,
640 2129 879 2169 AEsculapium,
907 2131 1023 2162 Casto-

339 2185 422 2214 rem,
435 2177 622 2216 Pollucem,
633 2178 835 2210 Quirinum!
877 2181 1022 2212 Eosdem

338 2224 475 2264 dempto
487 2224 679 2264 AEsculapio
693 2230 865 2258 enumerat
879 2228 931 2259 bic
952 2228 1021 2259 Ho-

335 2274 453 2313 ratius,
469 2275 752 2306 consecrationem
777 2276 922 2316 ipsorum
944 2279 1020 2310 Mu-

336 2332 443 2354 sarum
461 2323 623 2354 beneficio
645 2324 808 2364 tribuens,
830 2325 954 2366 quippe
978 2326 1021 2357 ob

337 2371 522 2403 Poetarum
539 2372 677 2412 scripta,
704 2373 821 2413 quibus
844 2374 876 2404 in
901 2375 1020 2405 coelum

335 2429 440 2460 usque
453 2419 604 2451 laudibus
617 2420 665 2450 illi
677 2419 871 2453 efferuntur.
897 2422 1020 2454 Verum

334 2467 573 2508 Tertullianus,
602 2468 808 2510 Lactantius,
842 2470 1021 2511 Arnobins,

336 2517 504 2556 Clemens,
527 2517 695 2556 Justinus,
723 2523 759 2548 et
785 2518 840 2549 alii
863 2523 1019 2551 auctores

335 2566 513 2597 Christiani
534 2576 659 2606 omnes,
681 2567 713 2597 in
731 2567 918 2598 universum
935 2569 1020 2608 pris·

334 2623 447 2645 corum
462 2616 569 2654 Deos,
592 2616 644 2646 vel
672 2616 715 2646 ob
740 2616 938 2656 potentiam,
965 2618 1019 2648 vel

335 2661 378 2691 ob
394 2663 547 2693 meritum
569 2663 704 2704 aliquod
728 2663 875 2695 divinum
899 2674 1018 2696 nomen

334 2710 475 2750 adeptos
491 2721 560 2742 esse
578 2712 723 2744 tradunt.
766 2714 811 2744 Et
826 2723 906 2746 sane
921 2714 947 2745 si
964 2724 1018 2745 ve—

334 2768 407 2790 rum
428 2757 606 2800 fateamur,
627 2762 698 2792 sola
721 2762 812 2802 ipsos
840 2762 958 2795 Poesis
983 2763 1017 2794 in

815 290 950 321 No'rAE
983 290 1239 321 VARIORUM
1273 292 1319 321 IN

1086 386 1205 417 coelum
1220 385 1352 417 evexit:
1376 394 1574 425 quamquam
1597 394 1639 416 ne
1653 386 1767 420 Poenis

1086 433 1216 474 quidem
1231 445 1238 463 :
1255 442 1330 464 nam
1343 433 1369 463 si
1385 432 1478 463 fucos
1491 433 1521 462 ei
1534 437 1570 463 et
1583 434 1767 474 praestigias

1086 481 1282 521 auferamus,
1297 490 1396 511 unum
1413 485 1542 512 tantum
1559 481 1681 518 Deum,
1695 484 1767 514 nul-

1085 530 1117 561 lo
1133 534 1226 562 certo
1239 531 1382 570 nomine,
1398 530 1487 561 nullo
1500 539 1596 570 sexu,
1606 534 1768 563 aeternum

1086 583 1187 619 atque
1202 578 1398 609 immobilem
1416 578 1609 618 reperimus.
1626 579 1766 612 Torreat.

1087 627 1169 658 Coelo
1183 626 1291 666 Musa]
1321 627 1362 658 In
1388 628 1472 658 coelo
1496 628 1663 659 collocans
1688 629 1766 660 bea-

1085 680 1155 706 tum
1182 674 1296 708 efficit.
1338 675 1390 706 Sic
1415 676 1503 706 Jovis
1527 676 1671 717 interest]
1696 676 1767 708 Per

1084 725 1240 755 carmina.

1125 775 1163 804 31
1191 773 1315 804 Clarum
1329 772 1528 813 Tyndaridae]
1551 773 1764 815 Tyndaride,

1083 819 1116 850 id
1133 825 1193 860 est,
1209 822 1330 852 Castor
1344 826 1380 852 et
1395 822 1529 860 Pollux,
1546 819 1683 861 fratres,
1705 821 1766 853 filii

1082 869 1246 908 Tyndari,
1255 870 1345 900 clara
1355 870 1487 910 sydera,
1498 869 1681 902 Poetarum
1692 879 1766 902 car·

1083 917 1228 948 minibus
1253 917 1492 957 dignoscuntur
1516 927 1588 950 esse
1614 919 1686 960 Dii,
1709 919 1765 960 qui

1082 974 1185 996 naves
1210 968 1409 1004 tempestate
1430 970 1598 1005 quassatas
1622 967 1665 998 ab
1689 967 1763 998 imis

1083 1013 1272 1053 aequoribus
1286 1012 1442 1052 eripiunt.

1124 1064 1164 1093 33
1190 1063 1328 1093 Ornatus
1349 1061 1444 1092 viridi
1461 1064 1596 1101 tempor-a
1606 1061 1765 1103 pan-pion]

1081 1111 1136 1142 Sic
1163 1121 1224 1151 per
1248 1110 1395 1141 carmina
1415 1110 1596 1142 Poetarum
1611 1111 1764 1143 Bacchus

1082 1159 1206 1191 habens
1226 1169 1286 1191 sua
1310 1163 1464 1199 tempora
1485 1159 1582 1190 viridi
1607 1159 1765 1200 pampino

1082 1213 1212 1248 ornata,
1227 1213 1306 1239 vota
1320 1212 1355 1239 et
1370 1216 1487 1248 preces
1506 1207 1672 1239 bominum
1688 1217 1765 1248 per-

1082 1256 1173 1288 ducit
1189 1257 1230 1288 ad
1248 1257 1351 1288 bonos
1366 1256 1488 1288 exitus.
1521 1255 1764 1296 [Schoenborn.

1081 1307 1112 1336 2.
1127 1308 1270 1345 tympana
1282 1304 1452 1346 pampino]

1122 1356 1163 1385 34
1183 1353 1279 1384 Liber
1293 1357 1364 1384 vota
1377 1353 1476 1388 bonos,
1490 1354 1560 1394 qm]
1586 1353 1675 1385 Hinc
1687 1354 1762 1385 Sui-

1080 1401 1132 1432 dae
1152 1402 1261 1433 dictus
1283 1406 1335 1433 est
1355 1401 1515 1441 Διόνυσος,
1539 1401 1621 1442 παρὰ
1635 1401 1674 1432 τὸ
1699 1403 1762 1433 δια-

1079 1448 1158 1480 uben*
1185 1449 1327 1481 ἑκάστοις
1353 1448 1409 1481 τὸν
1435 1449 1542 1490 ἄγριον
1566 1449 1636 1486 βίον
1659 1449 1760 1489 ζὸσιν·

1078 1500 1156 1538 quod
1171 1499 1341 1530 viventibus
1363 1499 1438 1530 vita
1449 1499 1614 1536 feritatem
1626 1500 1760 1539 mitiget.

1079 1548 1179 1588 Cruq.
1222 1548 1319 1588 [Tres
1334 1548 1444 1579 Vand.
1465 1558 1519 1588 ap.
1542 1549 1666 1588 Bothe,
1689 1550 1760 1580 alii·

1077 1605 1142 1635 que
1157 1605 1211 1636 ap.
1227 1596 1344 1635 Jaeck,
1358 1595 1449 1626 dimit
1462 1597 1502 1627 ad
1515 1595 1646 1636 exitum]

1079 1643 1159 1674 Ona
1174 1652 1226 1674 1x.
1250 1643 1464 1683 Εὐχαριστυιή.
1507 1643 1565 1675 An
1581 1646 1758 1677 Losuuu.

1119 1693 1253 1732 Scripta
1279 1701 1338 1722 sua
1358 1701 1526 1732 nunquam
1551 1693 1757 1725 interibunt:

1118 1741 1235 1779 virtus,
1243 1740 1312 1770 sine
1319 1740 1499 1771 carminum
1510 1749 1587 1780 ope,
1595 1741 1760 1773 oblivione

1118 1789 1260 1821 deletur.
1288 1789 1383 1819 Lollii
1398 1788 1513 1819 laudes
1529 1788 1584 1819 ille
1598 1789 1759 1831 cantabit,

1117 1837 1211 1878 cujus
1228 1837 1369 1868 virtutes
1385 1837 1486 1867 etiam
1502 1836 1663 1868 celebrat.

1117 1885 1278 1918 Quoniam
1295 1884 1336 1915 ad
1360 1885 1410 1915 Μ.
1432 1885 1572 1915 Lollium
1597 1890 1632 1916 et
1649 1885 1759 1918 ouum
1813 1890 1817 1895 ‘

1074 1934 1158 1964 lianc
1173 1938 1206 1964 et
1221 1934 1386 1974 Epistolas
1399 1933 1492 1964 binas
1504 1933 1639 1973 scripsit
1651 1934 1760 1965 Hora-

1074 1983 1154 2022 tius,
1170 1983 1253 2013 libet
1270 1982 1343 2022 quis
1357 1981 1410 2012 hic
1425 1981 1552 2012 Lollius
1570 1980 1674 2013 fuerit
1689 1982 1758 2014 lec-

1074 2032 1139 2062 tori
1155 2031 1338 2062 declarare.
1382 2031 1431 2062 M.
1448 2030 1590 2061 Lollium
1605 2031 1706 2069 igitur
1717 2030 1758 2060 C.

1073 2080 1197 2111 Caesari
1208 2078 1423 2118 Augustifilio
1433 2078 1467 2108 in
1475 2077 1667 2108 Armeniam
1678 2085 1756 2116 pro-

1072 2127 1233 2157 ficiscenti
1256 2126 1498 2156 moderatorem
1519 2125 1632 2155 datum
1653 2123 1753 2156 fuisse

1073 2180 1189 2206 auctor
1204 2179 1255 2205 est
1275 2173 1490 2211 Paterculus,
1514 2177 1606 2208 tunc.
1631 2177 1669 2203 ut
1694 2173 1753 2212 ait,

1069 2223 1236 2255 Tribunus
1261 2223 1401 2253 militum
1428 2226 1463 2252 et
1487 2221 1559 2261 ipse
1585 2221 1753 2252 Caesarem

1069 2278 1214 2303 secutus.
1256 2271 1351 2302 Idem
1378 2280 1420 2301 ex
1445 2269 1596 2300 Suetonii
1618 2269 1753 2300 Tiberio

1070 2320 1257 2360 colligimus
1283 2328 1357 2359 cap.
1377 2321 1429 2349 13.
1473 2317 1632 2355 Magnum
1657 2322 1752 2349 certe

1070 2370 1176 2400 virum
1193 2367 1292 2398 fuisse
1317 2370 1464 2407 oportet,
1487 2366 1581 2405 cujus
1606 2364 1687 2396 fidei
1713 2375 1754 2397 ac

1068 2417 1227 2448 custodiae
1241 2415 1518 2456 prudentissimus
1528 2414 1582 2445 ille
1593 2414 1753 2454 princeps

1067 2466 1171 2497 filium
1197 2466 1408 2498 commiserit.
1452 2463 1627 2494 Maximum
1654 2467 1753 2495 vocat

1069 2516 1209 2546 Flaccus
1227 2518 1338 2546 noster
1354 2513 1462 2553 priore
1474 2513 1515 2543 ad
1531 2513 1640 2552 ipsum
1655 2513 1753 2553 Epis-

1069 2565 1150 2603 tola,
1175 2573 1236 2595 uec
1252 2563 1385 2604 quidem
1398 2561 1608 2601 cognomine,
1620 2565 1659 2592 ut
1669 2570 1752 2592 non-

1068 2615 1145 2645 nulli
1162 2621 1336 2654 perperam
1355 2611 1503 2649 voluere,
1517 2610 1576 2641 sed
1591 2610 1636 2641 ob
1649 2609 1750 2642 animi

1067 2662 1312 2703 praestantiam:
1330 2660 1417 2691 sicut
1428 2662 1463 2690 et
1475 2659 1582 2689 altera
1596 2658 1749 2698 Epistola

1067 2713 1077 2729 ‘
1089 2708 1318 2743 liberrimum.'
1359 2707 1517 2740 Dubitari
1535 2716 1616 2738 vero
1630 2705 1747 2738 monuo

1067 2761 1182 2801 possit,
1204 2769 1246 2790 an
1267 2758 1321 2789 liic
1345 2756 1434 2788 idem
1451 2755 1588 2795 Lollius,
1603 2753 1665 2784 sub
1679 2760 1744 2793 quo
