1916 3262
383 279 494 320 1490

385 390 477 412 stiam
492 379 645 418 naniam,
662 379 755 420 quasi
783 377 862 408 velit
887 377 921 408 in
941 377 1066 418 gremio

383 429 490 470 Lydae
516 430 608 460 velut
635 429 666 459 in
694 427 788 458 cuuis
814 427 928 466 vagire
949 426 1066 467 sopiri-

383 487 448 520 que
461 489 469 509 :
495 483 531 509 et
541 478 653 509 nescio
667 486 708 508 an
721 486 784 506 non
795 476 922 506 alludat
935 475 976 506 ad
993 484 1066 506 eam

385 527 585 561 cantionem,
610 535 675 566 qua
698 524 842 555 nutrices
869 523 919 555 uti
945 524 1066 559 solent,

382 574 566 607 infantibus
581 573 750 614 sopiendis
775 577 811 604 et
827 572 1066 604 demulcendis.

386 625 480 664 Cruq.
516 622 674 662 Olor-ibus]
696 621 829 654 Junctis
844 621 982 661 Cygnis‚
995 620 1068 661 qui·

383 672 447 703 bus
462 672 503 702 ad
519 681 652 703 currum
677 681 769 702 suum
790 670 988 701 trahendum
1005 670 1066 700 uti-

384 725 439 752 tur
453 722 579 752 Venus.
623 719 702 750 Vid.
719 729 767 750 lv.
783 719 851 750 Od.
867 721 898 750 1.

425 772 466 800 16
490 767 618 807 Noem'a]
642 769 718 799 Nox
744 768 845 798 eliam
875 766 1066 798 cantabitur

383 819 532 851 carmine
558 818 684 859 debito,
699 818 788 848 tristi
804 817 946 855 scilicet,
967 822 1002 848 et
1017 818 1066 847 lu-

384 869 495 909 gubri,
511 867 600 909 quod
619 875 745 905 somno,
762 871 796 897 et
813 866 959 897 tenebris
975 865 1064 906 (quoe

381 922 460 948 sunt
475 917 592 948 mortis
617 915 745 955 imago)
760 915 886 955 optime
901 914 1067 946 convenit.

383 965 472 998 Quid
497 965 620 1000 Noenia,
645 968 724 995 ante
740 964 880 994 vidimus
898 972 937 994 11.
953 963 1020 993 Od.
1037 965 1066 993 1.

383 1013 580 1053 [Bamberg.
594 1013 710 1053 neuim]

383 1061 468 1092 Ome
482 1070 586 1092 xxix·
611 1060 822 1101 Παραινετική.
866 1060 922 1091 An
938 1061 1066 1091 Mases-

423 1118 561 1140 NATEM.
612 1110 742 1140 Invitat
769 1118 843 1139 eum
871 1108 913 1139 ad
940 1117 1067 1139 coenam

423 1157 574 1196 hilarem,
608 1157 753 1197 publicis
797 1156 885 1187 curis
929 1157 1069 1189 omissis.

422 1206 617 1247 [Bamberg.
633 1206 871 1246 Prosplwnetice
884 1209 920 1236 ut
938 1215 1067 1245 parane-

423 1255 496 1294 tice,
509 1253 701 1293 Maecenate]

425 1306 442 1333 1
468 1303 626 1343 Tyrrhena
661 1312 768 1341 regum
796 1304 976 1344 progenies]
1011 1305 1067 1335 Ab

382 1350 558 1382 Hetruscis
593 1350 728 1390 regibus
765 1351 915 1382 oriuudc.
956 1352 1012 1382 Sic
1043 1361 1066 1383 ι.

377 1399 451 1435 od.
476 1403 506 1430 1.
531 1399 626 1430 Ordo
652 1404 725 1430 est:
752 1399 783 1430 O
801 1400 970 1431 Maecenas
984 1401 1067 1441 Tyr-

380 1450 485 1480 rhena
512 1449 688 1489 progenies
715 1458 841 1488 regum,
867 1450 1064 1489 jamdudum

379 1497 469 1537 apud
499 1506 552 1528 me
578 1501 629 1527 est
655 1496 716 1527 tibi
741 1497 816 1527 lene
840 1506 979 1537 merum,
1001 1507 1065 1529 non

381 1550 460 1579 ante
477 1555 573 1576 verso
598 1545 695 1583 cado,
718 1554 792 1584 cum
808 1545 889 1576 flore
906 1555 1067 1586 rosarum,

381 1602 417 1626 et
432 1595 570 1626 balanus
592 1603 706 1634 pressa
727 1593 793 1624 tuis
809 1595 949 1634 capillis.
976 1595 1062 1636 Tibi]

380 1643 422 1673 In
439 1648 532 1673 tuum
547 1642 717 1672 honorem.

421 1695 442 1722 2
467 1692 539 1721 Non
553 1694 625 1721 ante
639 1700 723 1721 verso
739 1691 827 1729 cado]
853 1691 935 1721 Cadi
953 1696 1063 1723 autem

379 1741 451 1771 sive
474 1739 639 1780 ampliorae
669 1748 705 1769 os
743 1747 888 1778 superne
915 1744 1001 1778 erat,
1027 1745 1065 1771 ut

380 1789 466 1820 verti
481 1797 618 1819 necesse
644 1792 745 1826 esset,
773 1797 838 1828 quo
854 1787 1004 1827 depromi
1020 1789 1064 1819 vi-

379 1847 457 1868 num
473 1842 606 1878 posset;
629 1841 666 1868 et
681 1840 774 1867 tanto
799 1836 932 1876 quidem
956 1837 1065 1876 altius,

379 1897 445 1928 quo
457 1887 531 1927 plus
545 1886 625 1917 inde
640 1886 906 1927 depromeretur.
945 1886 993 1917 Ut
1008 1895 1064 1916 au-

378 1942 447 1969 tem
471 1939 481 1955 ‘
493 1937 612 1969 cadum
628 1942 762 1968 vertere
773 1936 793 1975 3’
815 1937 863 1967 sic
879 1940 913 1967 et
934 1937 944 1954 ⁴
957 1941 1063 1967 crate-

377 1996 431 2017 ras
455 1985 609 2017 vertere'
633 1985 803 2019 dicebant,
831 1994 892 2024 pro
912 1983 1062 2022 ebibere,

377 2035 465 2075 quod
497 2035 569 2074 pari
597 2033 727 2064 ratione
755 2033 867 2064 viuum
896 2033 1062 2063 ebibendo

378 2083 540 2123 scyphum
568 2083 788 2112 inverterent.
843 2081 932 2112 Hinc
962 2089 1061 2119 porro

378 2131 516 2171 factum,
540 2134 578 2161 ut
599 2133 752 2160 ‘vertere
780 2127 906 2159 fundo'
937 2128 1062 2158 dixerit

375 2179 471 2218 virg.
486 2187 546 2217 pro
571 2176 723 2208 funditus
743 2176 925 2214 destruere,
949 2175 1060 2209 ducta,

376 2232 415 2257 ut
431 2226 586 2260 arbitror,
610 2225 652 2255 ab
676 2224 817 2255 inversis
838 2223 928 2254 cadis
951 2223 1061 2254 Meta-

377 2275 495 2315 phora.
523 2275 662 2305 Tam-ent.
706 2273 778 2303 Non
789 2275 859 2303 ante
873 2272 975 2311 verso]
997 2273 1060 2303 Ca-

376 2323 421 2354 do
458 2332 523 2354 non
554 2326 631 2352 ante
661 2325 828 2361 prompto,
854 2321 887 2351 in
916 2329 1059 2360 eumque

376 2371 464 2402 diem
479 2373 666 2408 asservato;
687 2368 769 2400 cado
782 2377 846 2398 non
861 2371 938 2398 ante
953 2368 1060 2398 inver-

376 2429 414 2451 so
429 2419 470 2450 ad
487 2419 597 2450 vinum
610 2416 884 2457 depromendum.

419 2470 440 2498 4
470 2468 583 2498 Pressa
606 2467 670 2496 tuis
693 2464 834 2503 balanus]
864 2463 968 2495 Glans
999 2472 1059 2494 un-

377 2515 553 2556 guentaria
569 2523 696 2554 pressa,
714 2513 747 2543 id
763 2518 825 2548 est,
845 2512 954 2544 oleum
971 2511 1060 2542 bala-

375 2564 488 2594 ninum
504 2572 547 2593 ex
571 2573 612 2594 ea
628 2571 821 2602 expressum
850 2571 908 2602 pro
931 2561 1058 2601 capillis

376 2613 455 2642 tuis.
486 2611 640 2651 Bolanus]
656 2609 795 2641 Βάλανον
802 2614 922 2641 vocant
932 2609 1059 2648 Graeci,

378 2668 475 2698 quam
493 2659 603 2690 Latini
620 2660 776 2698 glandem,
795 2668 908 2690 earum
929 2658 1060 2689 scilicet

377 2707 529 2737 arborum
544 2707 701 2748 fructum,
715 2717 795 2748 quas
819 2708 830 2725 ‘
843 2706 1059 2748 glandiferas'

377 2755 454 2787 inde
490 2757 706 2795 appellamus,
734 2757 840 2797 qualis
871 2756 1059 2798 ‘quercus‚’

835 286 973 317 NOTAE
1004 284 1259 316 VARIORUM
1300 285 1350 314 1N

1114 383 1122 396 ‘
1136 378 1260 414 robur-‚¹
1274 380 1338 410 διο.
1355 377 1478 409 Verum
1490 377 1553 408 hoc
1566 371 1640 408 loco
1656 375 1791 409 Βάλινος

1113 426 1258 467 μυρεψικὴ
1273 426 1491 466 intelligenda
1504 429 1568 464 est,
1580 425 1613 456 id
1625 431 1690 461 est,
1703 426 1793 464 glans

1114 477 1328 515 unguentaria,
1344 486 1442 516 «quam
1465 485 1530 506 uno
1545 475 1646 506 verbo
1659 472 1790 514 μυροβά-

1115 531 1209 556 λανον
1219 530 1317 556 vocat
1327 525 1415 555 Plin.
1430 533 1496 555 xn.
1509 527 1562 555 21.
1596 524 1646 554 Ea
1662 531 1760 563 porro
1774 533 1794 554 a

1115 574 1254 604 diversis
1279 573 1467 613 regionibus
1494 573 1551 604 ubi
1577 573 1740 610 nascitur,
1759 575 1794 603 et

1116 621 1311 662 Aithiopion,
1323 627 1358 653 et
1371 621 1571 660 Arabica,et
1586 620 1723 661 Syriaca
1735 629 1791 652 no-

1114 670 1271 701 minatur.
1313 671 1380 702 Sed
1396 670 1635 705 laudatissima.
1646 678 1667 699 a
1678 669 1794 704 Petra,

1113 719 1239 758 oppido
1250 719 1347 759 juxta
1360 719 1382 751 J
1387 719 1526 756 udaeam,
1542 719 1686 757 Petraea,
1707 718 1795 750 unde

1113 776 1305 807 expressum
1329 770 1337 786 ‘
1351 769 1458 799 oleum
1475 768 1670 798 Balaninum
1681 766 1690 782 ’
1713 761 1795 798 diei·

1115 819 1180 855 tur,
1192 817 1224 846 in
1238 817 1414 857 unguentis
1426 817 1606 847 laudatum.
1637 816 1719 847 Tale
1735 816 1796 855 igi-

1115 868 1169 894 tur
1184 874 1221 895 se
1244 866 1421 896 Maecenati
1442 875 1500 896 suo
1524 874 1656 895 servare
1678 864 1731 895 luc
1746 865 1795 895 ait

1113 911 1285 943 Horatius.
1328 913 1413 943 Vide
1439 918 1475 944 et
1496 913 1585 944 Pliu.
1608 922 1689 944 xm.
1714 915 1743 944 1.
1758 916 1794 944 et

1115 969 1224 991 xxm.
1236 964 1269 992 4.
1292 961 1432 993 Torrent.

1155 1013 1173 1039 5
1195 1011 1382 1040 Jamdudum
1402 1012 1484 1050 apml
1505 1020 1552 1041 me
1565 1010 1627 1049 est]
1646 1010 1722 1042 Jam
1737 1010 1795 1042 diu

1114 1058 1201 1088 domi
1218 1067 1302 1089 meae
1317 1063 1381 1090 est.
1426 1059 1521 1098 Eripe
1542 1062 1573 1089 te
1587 1057 1694 1097 more]
1719 1058 1796 1090 Hoc

1115 1111 1178 1145 est,
1193 1108 1232 1137 iis
1247 1107 1358 1147 rebus,
1383 1116 1458 1148 quae
1475 1107 1535 1138 tibi
1554 1112 1633 1138 sunt
1647 1106 1679 1137 in
1694 1116 1797 1142 mora,

1115 1166 1190 1197 quae
1205 1160 1239 1187 te
1260 1161 1479 1191 remorantur,
1499 1159 1534 1187 et
1548 1155 1716 1195 detinent,
1729 1166 1795 1198 quo

1115 1206 1222 1235 minus
1239 1205 1280 1235 ad
1296 1214 1356 1235 nos
1370 1205 1493 1236 venias.
1517 1205 1612 1244 Cruq.
1656 1205 1752 1245 Eripe
1765 1208 1797 1237 te

1113 1253 1220 1293 moroe]
1242 1255 1290 1285 Te
1316 1254 1399 1285 nihil
1411 1253 1585 1295 impediat,
1607 1263 1674 1295 quo
1689 1254 1795 1286 minus

1114 1302 1156 1333 ad
1173 1312 1232 1333 nos
1249 1303 1373 1334 venias.
1405 1320 1407 1323 .
1675 1321 1678 1323 Δ

1154 1354 1175 1382 6
1191 1352 1242 1382 Ne
1251 1361 1368 1390 semper
1379 1351 1510 1390 AEsuloe]
1529 1351 1624 1382 Libb.
1637 1350 1671 1381 M
1676 1360 1718 1382 ss.
1726 1361 1795 1383 om-

1113 1410 1171 1431 nes
1186 1400 1309 1431 babent
1324 1401 1391 1430 Nec
1411 1409 1537 1439 semper,
1559 1404 1617 1430 aut
1632 1400 1704 1430 Nou
1715 1410 1794 1431 sem-

1109 1458 1174 1488 per.
1217 1449 1300 1479 Tum
1329 1449 1431 1478 Esuloe
1459 1449 1557 1478 etiam
1584 1452 1643 1479 aut
1665 1447 1794 1488 Effuloe.

1111 1496 1177 1526 Sed
1201 1496 1280 1526 nihil
1308 1501 1411 1527 muto.
1437 1496 1575 1527 Torreat.
1623 1495 1724 1526 Udum
1741 1497 1794 1528 Ta·-

1112 1544 1182 1584 bur]
1205 1544 1316 1575 Udum
1334 1548 1470 1584 propter
1481 1544 1612 1583 copiam
1621 1553 1795 1584 aquarum,

1113 1603 1186 1633 quae
1199 1592 1327 1623 faciunt
1336 1593 1442 1623 Tibur
1457 1592 1638 1623 insalubre.
1672 1592 1795 1631 Ξενία]

1114 1642 1227 1672 AEsula
1247 1647 1299 1672 est
1323 1640 1481 1681 oppidum
1505 1641 1539 1670 in
1554 1641 1659 1671 latere
1674 1641 1795 1671 montis

1113 1692 1322 1726 collocatum,
1333 1690 1449 1720 Tiburi
1464 1690 1697 1730 propinquum.
1813 1728 1816 1731 Ι

1155 1739 1190 1779 [7
1214 1739 1354 1769 Proelive
1379 1739 1589 1778 contempleris
1610 1739 1721 1770 Vand.
1741 1748 1796 1780 ap.

1113 1787 1234 1825 Bothe,
1248 1787 1371 1827 aliique
1388 1786 1488 1817 codd.
1505 1796 1558 1826 ap.
1573 1786 1712 1826 Jaeck.]

1154 1839 1174 1866 8
1199 1836 1340 1874 Telegoni
1351 1835 1447 1875 juga]
1469 1836 1513 1866 Et
1527 1835 1720 1874 Tusculum,
1742 1845 1796 1866 ur-

1112 1885 1187 1916 bem
1203 1885 1372 1915 conditam
1388 1894 1407 1914 a
1421 1884 1589 1923 Telegono
1608 1883 1736 1923 Ulyssis
1752 1891 1796 1914 ex

1113 1935 1209 1965 Circe
1221 1933 1289 1965 filio
1302 1944 1311 1972 ;
1334 1933 1391 1974 qui
1404 1938 1532 1974 patrem
1542 1932 1731 1972 imprudens
1746 1933 1795 1964 in-

1111 1982 1262 2014 terfecit.

1153 2033 1174 2061 9
1206 2030 1413 2061 Fastidiosam
1437 2031 1540 2060 desere
1567 2027 1699 2068 copiam]
1730 2029 1793 2060 eo-

1111 2079 1211 2117 piam,
1248 2087 1322 2117 quae
1355 2077 1527 2107 fastidium
1564 2075 1661 2114 parit.
1704 2074 1790 2106 Nam

1110 2125 1207 2164 copia
1218 2125 1419 2161 satietatem,
1441 2123 1579 2153 satietas
1595 2122 1685 2162 parit
1698 2121 1792 2154 fasti-

1110 2173 1212 2204 dium.

1138 2224 1192 2255 „10
1216 2221 1328 2251 Molem
1341 2220 1540 2260 propinquam
1551 2218 1696 2259 nubibus]
1708 2219 1792 2250 Tur-

1111 2270 1172 2300 rim
1187 2270 1220 2299 iu
1241 2269 1346 2299 hortis
1362 2269 1426 2299 tuis
1441 2269 1474 2298 in
1489 2268 1627 2298 sublime
1642 2273 1790 2299 exstmc-

1110 2322 1190 2357 tam,
1207 2317 1292 2347 unde
1305 2320 1409 2348 totam
1424 2315 1496 2346 fere
1510 2315 1650 2346 Romam
1663 2316 1791 2356 prospi-

1109 2366 1167 2397 cis.
1209 2366 1415 2405 Quamquam
1431 2364 1571 2395 divitum
1586 2365 1731 2396 omnium
1746 2374 1790 2396 ω-

1109 2414 1168 2445 des
1185 2415 1324 2445 turrium
1340 2414 1444 2443 instar
1460 2418 1569 2449 erant,
1586 2416 1622 2443 ut
1638 2421 1662 2443 ι.
1678 2411 1745 2445 od.
1758 2415 1791 2444 4.

1108 2463 1322 2494 ostendimus.
1364 2461 1511 2492 Tandem
1540 2470 1620 2492 vero
1655 2461 1698 2493 ob
1726 2461 1791 2492 fre-

1109 2516 1249 2553 quentes
1277 2512 1387 2542 ruinas
1409 2511 1451 2542 ab
1471 2509 1624 2550 Augusto
1643 2514 1789 2550 cautum,

1108 2571 1150 2592 ne
1165 2562 1253 2593 aedes
1275 2562 1374 2592 altius
1389 2560 1493 2601 pedes
1506 2562 1560 2590 70.
1578 2559 1697 2590 tollere
1711 2559 1788 2591 lice-

1108 2614 1172 2642 ret.
1200 2610 1293 2641 Suet.
1309 2619 1384 2649 cap.
1404 2611 1457 2640 89.

1150 2661 1189 2689 12
1212 2657 1358 2697 Fumum]
1381 2657 1505 2688 Auram
1517 2656 1723 2698 popularem,
1733 2654 1785 2686 vel

1109 2706 1335 2746 ambitionem,
1353 2715 1412 2746 per
1427 2704 1581 2746 Metapa.

1151 2758 1189 2787 13
1216 2755 1319 2795 Vices]
1342 2755 1531 2786 Varietates
1553 2761 1628 2795 quoe
1648 2749 1782 2783 taedium
