1930 3204
500 311 707 343 HORA'ru
741 311 1011 343 cARmNum
1051 315 1143 344 mu.
1179 316 1244 344 ιν.
1274 308 1315 346 6.

179 404 288 436 miscet
301 404 430 445 numen]
442 405 567 436 Posset
581 408 617 436 et
630 404 693 436 boc
706 403 748 435 ad
765 403 876 444 publi-

179 463 255 485 cam
272 454 469 495 religionem
485 453 606 486 referri
619 452 732 495 ;(nam
748 457 784 483 et
799 462 874 484 aras

177 503 288 535 Genio
303 503 452 545 Augusti
466 503 647 544 inscriptas
669 502 822 542 legimus,
837 507 873 534 et

177 553 362 586 verisimile
396 558 462 593 est,
489 554 649 595 populum
685 553 872 585 Romanum

176 602 322 634 eundem
338 602 415 643 ipsi,
428 612 526 644 quem
542 602 696 642 Laribus,
709 612 770 643 per
781 613 872 635 com-

175 652 246 692 pita
257 652 420 684 honorem
443 652 600 684 habuisse
614 650 642 693 ς)
666 653 802 684 mallem
820 658 871 684 ta·

173 710 252 734 men
277 701 320 734 de
335 702 471 743 privato
495 702 617 734 civium
635 702 727 733 cultu
748 702 870 734 iutelli-

173 751 221 791 gi,
242 751 332 793 quod
355 760 432 784 eum
456 751 579 793 passim
607 760 723 782 omnes
749 752 783 783 in
809 761 869 784 suo

171 810 303 843 quoque
325 801 448 832 larario
467 806 725 833 venerarentur.
770 802 868 834 Lares

169 855 297 890 autem,
318 854 459 882 auctore
483 851 602 887 Festo,
629 851 748 882 animae
767 857 867 892 puta-

168 900 296 932 bantur
326 909 402 932 esse
429 900 614 941 homiuum,
644 901 794 934 redactae
832 902 866 934 iu

167 958 344 983 numerum
359 951 525 982 Deorum.
543 950 686 982 Tor-rent.

208 1002 251 1031 85
277 1000 336 1032 Uti·
359 1000 487 1032 Groecia
513 1000 669 1040 castoris]
695 998 864 1033 Quemad-

166 1049 302 1081 modum
327 1050 469 1082 Groecia
494 1050 694 1089 Herculem,
711 1051 866 1093 Castora,

167 1104 204 1132 et
218 1099 395 1134 Pollucem
410 1102 503 1134 inter
517 1103 612 1134 Deos
629 1106 770 1143 penates
785 1113 864 1135 enu-

165 1153 288 1186 merat,
303 1151 354 1182 sic
369 1154 492 1195 noste.

207 1202 250 1232 86
274 1200 397 1232 Memor
426 1201 590 1242 Herculis]
613 1201 670 1234 Ob
698 1201 864 1234 beneficia

163 1248 208 1281 ab
223 1249 290 1281 illis
304 1255 461 1290 accepta.

206 1301 249 1331 ⁸⁷
271 1299 398 1340 Fer-ios]
419 1300 505 1332 Dies
519 1298 638 1341 festos,
649 1299 683 1331 id
698 1304 764 1340 est,
776 1301 862 1333 otio·

161 1358 233 1382 sam
250 1359 382 1390 pacem.
591 1371 595 1376 .

203 1401 248 1430 38
268 1398 447 1438 fleam-ia]
472 1398 596 1430 Italiae.
640 1399 772 1438 Integra
794 1401 860 1441 die]

158 1447 250 1479 Vide
272 1455 298 1479 1.
323 1447 391 1480 od.
418 1450 448 1479 1.
474 1451 511 1480 et
538 1448 684 1480 Turneb.
710 1447 858 1482 Advers.

157 1504 262 1528 xxw.
277 1499 330 1530 86.
374 1497 504 1537 Integra
523 1496 590 1537 die]
611 1497 727 1528 Primo
748 1507 859 1539 mane,

157 1545 296 1588 quando
308 1546 390 1578 nihil
406 1547 550 1579 bibitum
566 1550 630 1587 est,
646 1546 729 1578 nihil
745 1553 858 1588 gusta-

155 1598 243 1678 ‘⁸¹:²⁹-
264 1646 352 1679 Sicca·
378 1656 468 1679 mone
499 1647 572 1678 die.-
603 1647 751 1688 dicimus]
775 1648 853 1680 Non

156 1697 310 1738 poti‚sed
323 1697 438 1729 sobrii.
466 1696 579 1737 Uvidi]
600 1697 793 1737 Madidi,et
806 1699 854 1729 vi-

155 1754 201 1778 no
210 1747 315 1788 pleni.
330 1747 530 1788 [Bamberg.
537 1746 684 1777 dicemus.
704 1747 853 1788 Guelph.

154 1796 343 1876 ⁸⁰⁸3·qu„
373 1845 419 1875 sol
443 1843 584 1883 Oceano]
608 1845 693 1875 Cum
722 1845 772 1876 sol
800 1851 854 1877 est

156 1893 220 1924 sub
236 1892 393 1931 Oceano,
408 1893 442 1924 id
458 1899 524 1932 est,
538 1893 685 1933 vesperi.

157 1942 240 1975 Ome
263 1951 316 1974 vi.
345 1941 570 1983 Προσευκτική.
613 1942 671 1974 An
700 1942 852 1975 Arom-

198 2001 279 2024 κως
302 1996 338 2024 et
354 1993 524 2024 Duum.
569 1992 714 2024 Carmen
738 1994 851 2024 Saecu-

193 2043 438 2132 {gzharistica
481 2090 523 2123 In
549 2091 726 2131 Apollinem
750 2092 849 2123 Bam-

151 2140 262 2181 berg]

193 2194 211 2222 1
235 2190 331 2231 Dite,
360 2190 464 2231 quem]
496 2190 528 2222 Ο
559 2189 695 2231 Apollo.
740 2190 849 2222 Proles

149 2240 297 2281 Nioboea]
334 2240 446 2273 Niobe
477 2241 610 2272 Tantali
639 2239 723 2279 filia,
753 2250 847 2272 soror

146 2289 301 2331 Pelopis,
325 2289 528 2330 Amphionis
546 2290 734 2321 Thebarum
757 2290 846 2330 regis

147 2347 245 2378 uxor,
260 2339 402 2370 Latonae
419 2339 463 2371 ob
479 2339 603 2371 sobolis
619 2344 655 2370 et
669 2348 843 2371 numerum

147 2392 182 2418 et
196 2388 457 2428 pulcritudinem
473 2398 549 2419 sese
564 2388 727 2428 praeferre
741 2398 820 2419 ausa
833 2400 842 2420 :

147 2437 307 2468 masculis
317 2437 360 2468 ab
374 2436 544 2477 Apolline,
555 2435 690 2467 feminis
704 2447 722 2468 a
732 2438 845 2468 Diana

146 2484 271 2525 sagitta
277 2485 512 2525 eonfixis,ipsa
521 2495 664 2517 moerore
673 2485 842 2528 confecta,

147 2539 251 2575 atque
266 2534 300 2565 in
315 2544 432 2565 saxum
444 2543 549 2572 versa,
561 2536 761 2574 arrogantiae
776 2547 843 2577 poe-

146 2594 206 2616 nas
232 2584 338 2616 dedit.
379 2585 469 2616 Vide
496 2592 531 2616 et
557 2585 707 2616 Gellium
733 2595 797 2619 xx.
811 2590 844 2620 7.

146 2639 184 2666 et
206 2634 310 2666 Ovid.
327 2635 414 2667 Met.
429 2643 479 2666 vi.
525 2635 655 2673 Magnae
684 2635 844 2668 Vindicem

144 2683 277 2724 linguoe]
314 2684 467 2723 Magnam
484 2690 596 2723 vocat,
616 2684 706 2725 quod
731 2685 842 2718 Niobe

144 2735 188 2766 de
205 2734 306 2766 rebus
320 2734 400 2773 suis,
417 2734 631 2775 quantumvis
649 2744 710 2774 per
730 2745 767 2766 se
784 2736 842 2768 bo-

142 2785 197 2816 nis
225 2788 329 2825 atque
351 2783 542 2823 laudandis,
567 2784 714 2825 superbe
742 2786 840 2817 nimis

143 2843 184 2867 ac
207 2833 387 2875 magnifice
411 2835 629 2876 toqueretur:
654 2838 692 2867 ut
715 2834 758 2866 de
786 2845 840 2867 ea-

1520 310 1627 351 1509

929 403 1004 435 dem
1033 404 1184 436 Statius:
1214 406 1224 425 ⁴
1240 405 1442 446 Magnificos
1473 407 1535 438 luit
1566 409 1627 440 im-

927 454 1033 493 proba
1055 453 1156 485 flatus
1172 455 1350 487 Tantalis.'
1375 456 1517 487 Torrent-
1547 457 1626 488 Pro-

925 503 968 533 les
987 503 1129 544 Niobaea]
1150 503 1217 535 sex
1230 504 1288 535 filii
1307 505 1447 536 Niobes.
1479 506 1626 548 Magnoe]

924 553 1105 585 Vindicem
1122 554 1323 595 magnificae,
1340 559 1375 586 et
1391 556 1546 596 superboe
1564 556 1626 587 lin-

924 613 1011 644 guae,
1031 604 1135 645 quod,
1159 604 1343 636 liberorum
1361 605 1579 638 multitudine
1594 612 1630 638 et

922 653 1192 695 pulchritudine,
1217 655 1331 687 Niobe
1359 656 1524 688 Latonam
1551 666 1623 698 prae

922 713 958 735 se
975 708 1224 737 contemneret.

963 756 983 784 2
1009 754 1174 795 Tityosque
1198 756 1320 797 raptor]
1342 755 1416 787 Lib.
1443 756 1528 787 Mss.
1548 756 1622 788 fere

924 802 1048 843 Tyrium
1067 807 1102 835 et
1127 804 1246 836 ficium
1261 809 1394 836 vocant.
1440 805 1556 837 Graeci
1571 805 1622 836 Tt-

918 863 991 884 rvos
1002 852 1168 886 scribunt.
1216 854 1322 886 Titius
1337 859 1451 886 autem
1463 855 1562 888 Jovis
1578 865 1622 887 ex

919 902 1021 933 Elara
1038 903 1199 944 Nympha
1221 903 1326 943 tilius,
1352 909 1460 936 matre
1475 904 1621 936 Junonis

918 957 1012 983 metu
1030 953 1122 984 intra
1149 958 1252 986 terrae
1277 954 1411 986 viscera
1434 955 1619 994 occultata,

918 1002 1012 1034 miroe
1023 1003 1264 1043 magnitudinis
1272 1003 1384 1035 infans
1397 1003 1526 1044 prodit,
1536 1004 1619 1035 Ter-

918 1060 965 1083 rae
981 1051 1026 1083 ob
1042 1052 1075 1083 id
1094 1053 1273 1093 progenies
1288 1053 1450 1084 creditus.
1474 1053 1618 1084 Torreat.

919 1102 1082 1143 Tityosque
1092 1102 1217 1142 raptor]
1238 1103 1358 1144 Tityus
1371 1107 1525 1143 stuprum
1536 1102 1617 1133 Dia·

916 1160 968 1183 nae
985 1150 1111 1183 inferre
1126 1152 1245 1183 voluit.
1267 1151 1356 1182 Vide
1371 1160 1429 1183 111.
1442 1151 1511 1182 Od.
1525 1154 1559 1183 4.

959 1203 977 1231 3
1002 1201 1106 1242 Prope
1119 1201 1219 1232 uictor
1230 1201 1319 1241 oltae]
1342 1202 1411 1233 cur
1426 1210 1534 1242 prope
1546 1201 1616 1233 vic·

916 1251 996 1282 tor?
1019 1251 1097 1292 quia
1124 1251 1315 1282 Hectorem
1339 1250 1527 1291 interfecit,
1546 1260 1614 1292 quo

915 1304 1018 1339 pacto
1032 1299 1168 1332 facilius
1183 1301 1286 1341 Troja
1302 1301 1380 1341 capi
1393 1301 1516 1341 potuit.

954 1353 975 1381 4
1000 1350 1134 1381 Phthius
1169 1350 1324 1390 Achilles]
1363 1351 1448 1381 Erat
1485 1349 1612 1382 Phthia

911 1399 1052 1430 Achillis
1069 1400 1193 1439 patria,
1205 1399 1393 1430 Thessali-cn
1409 1399 1502 1430 urbs.

952 1453 972 1479 6
1009 1449 1081 1479 Tibi
1106 1449 1195 1480 miles
1223 1447 1341 1488 impar]
1378 1448 1457 1479 Tibi
1486 1448 1610 1488 impar,

909 1497 990 1538 quia
1002 1507 1021 1528 a
1039 1502 1086 1536 te,
1101 1498 1164 1528 sub
1180 1497 1285 1537 figura
1294 1497 1442 1536 Paridis,
1457 1497 1611 1529 Achilles

909 1545 974 1578 fuit
987 1547 1139 1579 occisus:
1163 1546 1316 1589 vel,quia
1332 1551 1392 1578 tuo
1407 1547 1549 1579 consilio
1565 1547 1610 1579 ab

907 1596 982 1636 ipso
1007 1597 1132 1628 Paride
1155 1597 1223 1628 fuit
1239 1598 1486 1638 interemptus:
1506 1598 1611 1638 juxta

905 1645 987 1677 illud
1003 1647 1098 1687 Virg.
1120 1646 1130 1664 ‘
1151 1646 1316 1678 Dardana
1330 1647 1387 1688 qui
1405 1646 1542 1678 Paridis
1557 1647 1608 1678 di-

906 1696 994 1727 rexti
1011 1698 1081 1728 tela
1098 1706 1284 1738 manusque
1301 1697 1434 1737 Corpus
1447 1696 1480 1726 in
1497 1696 1607 1728 AEaci-

905 1745 984 1776 daz!

946 1797 968 1825 6
992 1794 1096 1826 Filius
1113 1795 1266 1835 quamuis]
1287 1795 1452 1826 Meliores
1469 1794 1606 1826 codices

902 1853 1086 1883 quamquam
1114 1846 1248 1876 liabent.
1293 1844 1448 1884 Morinoe]
1471 1844 1604 1880 Thetis,

904 1894 983 1924 Dea
1007 1893 1150 1934 marina,
1173 1893 1239 1925 fuit
1263 1893 1333 1925 filia
1354 1894 1474 1932 Nerei,
1497 1898 1605 1926 mater

904 1942 1057 1973 Achillis.

943 1995 964 2022 8
989 1991 1125 2032 Cuspide
1148 1991 1293 2032 pugnax]
1325 1992 1467 2031 Pugnax
1491 1993 1603 2029 hasta,

901 2052 1001 2082 quam
1017 2052 1117 2074 nemo
1134 2046 1259 2082 praeter
1273 2041 1440 2073 Achillem
1466 2046 1603 2083 poterat

901 2092 1046 2123 vibrare.

942 2145 963 2173 9
986 2142 1057 2182 Ille,
1074 2140 1226 2180 mordaci]
1249 2140 1399 2171 Achilles
1421 2140 1490 2171 ruit
1507 2140 1602 2171 velut

898 2191 1000 2222 arbor
1036 2191 1176 2222 cadens.
1221 2191 1367 2222 Mordaci
1398 2190 1483 2221 velut
1518 2190 1599 2231 icta]

898 2241 1110 2282 Frequenter
1127 2240 1295 2271 Homerus
1312 2240 1431 2270 heroas
1444 2239 1533 2270 bello
1543 2248 1599 2270 ca-

897 2290 1017 2321 dentes
1033 2299 1109 2321 cum
1122 2290 1245 2321 excisis
1260 2289 1438 2321 arboribus
1450 2288 1597 2320 confert.

896 2340 942 2370 Et
951 2339 1086 2380 Virgilii
1099 2341 1204 2370 nostri
1216 2338 1259 2369 de
1272 2338 1410 2370 Entello
1426 2342 1600 2378 prostrato

896 2398 1014 2419 versus
1026 2397 1217 2428 apponam:
1242 2387 1251 2404 ‘
1263 2387 1483 2426 Concidit,ut
1494 2396 1599 2428 quou-

895 2437 973 2468 dam
996 2446 1083 2467 cava
1106 2436 1267 2475 concidit,
1289 2442 1348 2467 aut
1372 2436 1597 2476 Erymantho,

895 2487 967 2518 Aut
998 2486 1062 2516 Ida
1087 2486 1119 2516 in
1150 2494 1285 2525 magna,
1307 2485 1473 2516 radicitus
1497 2490 1597 2516 eruta

895 2534 1020 2576 pinus?
1062 2534 1245 2575 Ictuserro]
1268 2535 1372 2566 Velut
1387 2535 1457 2565 icta
1472 2533 1596 2570 securi,

894 2597 970 2627 quae
988 2585 1086 2626 quasi
1101 2584 1248 2624 mordet,
1269 2588 1304 2614 et
1316 2583 1478 2623 paulatim
1495 2586 1594 2613 exest

893 2636 1046 2667 arborem
1064 2634 1213 2664 incisam.

939 2688 976 2716 ll
1001 2683 1146 2714 Procidit
1161 2681 1239 2721 late]
1261 2680 1459 2712 Prociditin
1475 2680 1592 2720 latum,

894 2734 984 2766 uude
997 2733 1182 2764 denotatur
1195 2731 1362 2761 violentus
1372 2739 1469 2761 casus
1478 2729 1594 2761 Achil-

892 2784 947 2823 lis,
962 2789 998 2815 et
1013 2781 1165 2822 corporis
1186 2780 1258 2820 ejus
1281 2778 1490 2819 magnitudo.
1525 2778 1591 2809 Po—

889 2835 1012 2873 suitque
1024 2830 1156 2871 conum]
1169 2830 1320 2870 Vulgata
1334 2829 1440 2861 editio
1454 2838 1519 2860 nou
1531 2829 1590 2860 ha-
