1916 3262
319 301 339 342 1
346 301 430 343 390

319 404 409 434 luctu
436 401 637 434 constitutos
668 402 864 444 reliquerit:
901 412 997 444 quem

319 452 483 483 mutanda!
506 452 606 483 vestis
637 460 760 483 morem
787 461 883 483 nemo
906 453 997 493 igno-

320 508 383 535 rat.
410 503 548 534 Torrent-

359 555 398 582 25
420 552 531 592 Retro]
555 552 750 583 Retrocedit
765 556 800 583 et
815 550 948 591 diffugit
962 561 998 582 re

318 604 446 631 mutata
460 605 494 631 et
510 601 660 631 adversa.

360 652 401 679 26
416 650 509 679 Gadis
523 650 690 689 cumsoece]
708 649 897 681 Amicitiam
907 659 999 680 nem-

319 708 360 738 pe
391 698 532 738 tingunt,
562 699 719 739 quamdiu
749 699 800 728 vel
831 698 999 729 minimum

317 747 440 788 aliquid
458 749 719 788 superest,quod
735 748 919 779 absumant.
941 748 1000 778 At-

317 796 375 837 qui
391 797 480 828 nltra
503 797 633 827 modum
659 797 732 827 vino
756 797 905 827 deditum
929 805 1000 827 esse

319 850 466 885 oportet,
497 846 552 886 qui
576 846 768 885 amphoram
793 846 941 876 exsiccat
967 849 1002 875 et

319 894 438 925 faecem
455 905 587 935 quoque
603 896 770 926 exsorbet.
807 895 906 925 Tales
924 904 1003 925 vero

320 952 407 974 nunc
437 940 587 975 ‘Mensae
612 944 750 974 amicos’
775 944 1002 983 appellamus:

322 991 409 1022 unde
430 992 563 1031 elegans
579 992 704 1023 dictum
728 991 807 1022 illud
831 991 882 1031 ζεῖ
893 990 1004 1032 χύτρα,

319 1038 360 1080 ζῇ
379 1039 479 1079 φιλία.
524 1041 637 1071 Fervet
660 1041 730 1080 olla,
753 1041 830 1071 vivit
851 1041 1003 1072 amicitia.

321 1088 477 1118 Erasmus
494 1089 635 1120 Chiliad.
661 1091 801 1120 Torreat.

361 1139 402 1167 28
425 1137 522 1167 Ferre
535 1137 660 1176 jugum,
675 1138 743 1177 ssa]
766 1139 855 1169 Puto
873 1138 1004 1169 dolosos

320 1185 576 1224 paritet-jugum
591 1184 693 1221 ferre,
712 1186 767 1226 qui
785 1195 849 1216 nou
865 1195 1005 1226 syncere

319 1243 355 1263 se
384 1238 556 1265 consortes
587 1235 752 1274 praebent,
786 1245 894 1276 neque
919 1235 1007 1266 bona

319 1282 399 1322 fide,
421 1283 562 1324 ideoque
577 1283 610 1314 in
630 1284 730 1314 rebus
746 1284 895 1314 adversis
911 1284 1006 1314 dese-

321 1337 411 1362 runt.
438 1332 565 1363 Turneb.
581 1341 634 1363 lx.
655 1335 706 1363 14.
729 1332 895 1363 Pulmann.
941 1334 1006 1364 Do-

321 1380 392 1419 losi]
426 1379 537 1411 Amici
561 1381 667 1412 dolosi
688 1386 724 1412 et
747 1380 953 1412 fraudulenti
973 1382 1005 1412 in

321 1428 461 1459 ferendo
478 1429 605 1468 pariter
620 1430 706 1469 jugo
722 1439 795 1460 cum
815 1429 930 1459 amicis
952 1438 1006 1460 ca·

322 1477 474 1508 lamitate
490 1477 618 1509 affectis
631 1477 820 1518 diffugiunt,
835 1487 1007 1518 consump-

324 1527 367 1558 tis
383 1527 562 1558 amicorum
579 1528 715 1558 divitiis.

363 1578 405 1606 29
426 1575 535 1607 Serves
557 1576 686 1616 iturum]
708 1577 739 1608 Ο
766 1577 853 1607 Diva
877 1580 1007 1617 gratum

322 1634 395 1664 quae
426 1624 513 1664 regis
552 1624 702 1664 Antium,
731 1635 845 1656 serves
882 1626 1006 1656 iturum

323 1673 504 1710 Caesarem,
517 1674 580 1704 διε.

365 1725 406 1753 30
430 1723 474 1753 Et
493 1723 659 1762 juvenum]
695 1724 742 1754 Et
769 1732 863 1754 serva
887 1731 1008 1753 novum

323 1771 520 1810 exercitum,
531 1772 758 1812 exjuvenibus
770 1771 1011 1810 conscriptum,

323 1820 414 1858 Eois,
441 1820 475 1850 id
504 1826 568 1856 est,
597 1820 815 1852 orientalibus
845 1819 1010 1860 partibus,

324 1869 447 1907 Medis,
463 1868 588 1907 Persis,
603 1870 666 1900 &c-
687 1868 891 1900 horribilem.

365 1921 406 1949 32
441 1919 634 1958 Oceanoque]
681 1918 724 1948 Et
758 1917 1008 1948 formidolosum

323 1968 506 2006 Britannis,
518 1968 573 2007 qni
589 1967 740 1998 incolunt
755 1969 884 2006 partem
897 1965 1008 1995 mnndi

323 2017 410 2047 Solis
433 2017 564 2047 occasui
588 2016 822 2056 propinquam,
837 2014 933 2053 cujus
957 2023 1008 2044 ra-

323 2064 389 2094 diis
406 2064 562 2095 Oceanus
578 2063 672 2103 qnasi
687 2062 842 2093 rubescit.

365 2115 404 2142 33
433 2111 631 2150 cicatricum]
655 2111 766 2141 Pudet
789 2111 958 2140 vulnerum
975 2110 1008 2139 in

324 2161 412 2192 bello
427 2161 519 2194 civili
531 2164 758 2200 acceptorum.

366 2211 406 2240 34
434 2209 648 2249 Fratrnmque]
680 2209 830 2238 Fratrum
853 2205 1009 2238 interfec-

323 2263 445 2298 torum,
468 2259 523 2299 qni
550 2257 789 2288 contrariarum
814 2259 910 2285 erant
936 2264 1008 2294 par-

325 2309 417 2340 tium.
464 2308 564 2348 Quid]
592 2307 621 2339 A
645 2317 709 2348 quo
732 2306 860 2337 scelere
888 2304 1009 2345 refugi-

326 2367 396 2390 mus
410 2367 482 2396 nos,
497 2358 551 2398 qui
567 2366 678 2388 sumus
690 2356 774 2386 dura
790 2358 884 2388 astas,
898 2353 932 2384 id
946 2357 1009 2392 est,

324 2407 471 2438 homines
486 2406 584 2446 hujus
601 2406 722 2445 aetatis,
737 2405 806 2435 sine
825 2402 1011 2433 misericor-

326 2456 402 2487 dia?

366 2506 406 2535 35
431 2502 573 2544 Nesasti]
589 2501 728 2534 Nefarii.
749 2500 910 2541 [Guelpli.
926 2499 1010 2539 quic-

325 2553 397 2592 quid
423 2553 585 2584 intactum.
646 2550 875 2582 Sclioenborn.
899 2551 931 2580 2.
961 2557 1012 2580 ne·

319 2601 442 2641 fandi.]

326 2666 329 2669 η
367 2652 406 2679 37
424 2649 528 2689 Metu]
545 2649 717 2689 Religione
733 2647 892 2678 adversus
912 2646 1013 2676 Deos.

329 2696 463 2735 Quibus]
497 2699 582 2730 Quae
611 2698 735 2737 templa
772 2697 918 2727 Deorum
947 2702 1012 2724 non

331 2744 466 2774 violavit
482 2745 656 2777 Juventus.

370 2794 411 2823 38
436 2793 612 2834 Outinam]
645 2795 674 2826 Ο
701 2795 861 2832 Fortuna,
888 2792 1012 2824 utinam

771 312 910 342 NOTAE
943 312 1159 344 VARIORU
1171 313 1202 342 M
1237 313 1286 342 er

1046 413 1133 434 nova
1148 404 1267 435 incude
1282 403 1447 444 diffingas,
1463 403 1495 434 id
1513 406 1574 438 est,
1590 402 1631 435 de
1645 411 1730 436 novo

1046 452 1154 493 fingas
1179 459 1214 484 et
1236 453 1417 484 refabrices
1440 451 1560 483 ferrum
1585 458 1732 484 retusum

1048 503 1082 532 in
1099 502 1184 532 bello
1198 503 1298 537 civili,
1314 502 1399 542 quod
1411 511 1473 531 non
1490 501 1522 532 in
1538 501 1640 537 cives,
1651 507 1689 532 nt
1700 501 1734 532 in

1049 551 1155 590 prima
1191 551 1424 589 fabricatione,
1464 550 1523 580 sed
1553 551 1586 581 in
1621 550 1732 582 hostes

1051 600 1259 638 Massagetas
1290 605 1324 630 et
1359 599 1485 630 Arabes
1513 599 1648 630 formari
1676 600 1733 630 de-

1048 647 1139 677 beat.
1183 648 1254 687 Ego
1269 653 1360 679 certe
1377 648 1460 678 hauc
1478 648 1734 686 explicationem

1050 698 1141 737 (cum
1158 697 1244 728 bona
1261 698 1409 729 Lambini
1423 698 1534 738 venia)
1546 707 1653 738 neque
1665 698 1736 737 pin·

1051 755 1147 785 gueni
1164 755 1236 777 esse
1253 752 1345 786 puto,
1362 756 1469 786 neque
1482 747 1650 786 elegantia
1665 745 1735 777 Ho-

1051 795 1180 825 ratiana
1207 795 1386 835 indignam,
1411 795 1469 826 sed
1495 805 1568 826 curn
1591 796 1735 835 genuino

1051 853 1148 874 sensu
1167 844 1268 874 totius
1285 843 1371 875 Odae
1388 844 1512 883 optime
1533 844 1735 875 consentire.

1093 894 1134 922 39
1167 892 1319 933 Drffingas
1358 893 1508 932 retusum]
1558 892 1736 923 Lambinus

1052 941 1162 981 priore
1178 941 1325 971 editione
1335 941 1507 980 destringas
1515 951 1651 972 recusum
1662 942 1736 972 sub-

1052 990 1179 1020 stituit:
1219 994 1338 1028 postea
1368 994 1496 1020 mutata
1524 990 1692 1022 sententia
1717 1000 1737 1020 a

1053 1038 1144 1070 Guil.
1168 1039 1313 1069 Cautero
1325 1047 1390 1070 vn.
1405 1041 1456 1069 30.
1472 1039 1629 1074 monitus,
1655 1039 1737 1069 illud

1055 1097 1148 1118 suum
1163 1088 1339 1125 «restringas
1359 1088 1392 1118 in
1408 1088 1523 1127 defigas
1544 1087 1657 1126 vertit,
1679 1087 1739 1118 sed

1054 1145 1189 1166 recusum
1207 1136 1355 1167 retinuit.
1381 1136 1509 1167 Turneb.
1526 1146 1566 1167 ιι.
1582 1139 1634 1168 14.

1095 1186 1151 1226 40]
1173 1185 1380 1224 Massagetas]
1420 1186 1583 1226 Populum
1608 1185 1739 1226 Scythi-

1056 1243 1129 1264 cuni
1147 1235 1234 1264 ultra
1251 1244 1339 1265 mare
1355 1234 1524 1274 Caspium.

1057 1283 1137 1314 ODE
1166 1292 1296 1314 xxxvr.
1318 1283 1532 1324 Εὖχαριστική.
1565 1282 1621 1314 An
1642 1283 1742 1315 POM-

1099 1341 1240 1363 pomum
1258 1333 1454 1364 Numnam.
1498 1333 1554 1364 Ob
1579 1333 1672 1373 cnjus
1697 1341 1740 1363 ex

1102 1380 1265 1419 Hispania
1291 1380 1434 1410 reditum
1461 1380 1583 1419 gaudio
1597 1380 1740 1417 exultat,

1100 1432 1135 1459 et
1149 1429 1303 1459 hortatur
1318 1438 1392 1458 eum
1409 1428 1448 1458 ad
1466 1429 1628 1459 loetitiam.

1099 1480 1115 1507 l
1131 1477 1174 1506 Et
1185 1476 1272 1507 thure
1282 1476 1450 1517 etfidibus]
1477 1477 1558 1507 Haec
1567 1475 1740 1508 sacrificiis

1057 1525 1206 1556 omnibns
1216 1525 1418 1563 communia3
1436 1526 1560 1556 nullum
1573 1526 1658 1556 enim
1671 1525 1741 1556 sine

1059 1575 1154 1604 tliure
1168 1583 1206 1604 ac
1228 1573 1363 1604 musica.
1408 1573 1494 1604 lllud
1513 1583 1591 1604 vero
1614 1575 1741 1614 peculi·

1058 1632 1126 1662 are,
1139 1628 1187 1662 ut,
1201 1623 1254 1653 vel
1275 1632 1335 1663 pro
1351 1623 1418 1653 voti
1442 1623 1580 1661 ratione,
1607 1623 1661 1653 vel
1685 1632 1742 1654 cu·

1049 1672 1173 1711 jusque
1186 1672 1251 1702 Dei
1269 1672 1375 1710 cultu,
1387 1672 1503 1703 hostiae
1520 1678 1741 1703 mutarentur.

1061 1719 1202 1751 Torreat.
1226 1719 1370 1759 Fidibus]
1393 1720 1546 1750 Carmine
1563 1720 1678 1760 lyrico.

1099 1771 1119 1798 2
1141 1767 1299 1807 Sanguine
1311 1768 1425 1808 debito]
1446 1769 1508 1798 Vel
1527 1769 1569 1800 ob
1585 1770 1655 1800 voti
1671 1770 1746 1800 reli·

1061 1817 1203 1856 gionem,
1232 1817 1283 1846 vel
1311 1817 1355 1847 ob
1377 1816 1533 1848 amicitiae
1564 1818 1743 1856 pietatem:

1061 1871 1097 1896 ut
1110 1866 1260 1896 omittam
1277 1875 1455 1897 consuesse
1472 1871 1602 1897 veteres
1622 1866 1745 1898 amieos

1062 1925 1199 1956 peregre
1219 1916 1379 1946 abeuntes
1405 1916 1650 1957 redeuntesque
1665 1926 1746 1947 con-

1060 1964 1155 1995 viviis
1172 1964 1342 2005 excipere,
1365 1974 1438 2005 quae
1467 1965 1682 1997 ‘adventitia’
1705 1975 1746 1997 ac

1058 2013 1067 2029 ‘
1082 2013 1213 2044 viatica’
1229 2014 1404 2048 vocabant,
1419 2015 1516 2053 quale
1532 2015 1685 2045 nimirum
1702 2015 1746 2046 ob

1059 2061 1213 2092 Numida·
1230 2062 1280 2091 sni
1295 2062 1437 2092 reditum
1454 2063 1502 2092 liis
1514 2063 1663 2094 celebrat
1677 2063 1744 2094 Ho-

1060 2110 1174 2140 ratius.
1219 2109 1312 2140 Inter
1326 2111 1418 2141 Deos
1435 2119 1513 2141 vero
1531 2111 1745 2150 peregrinan-

1059 2158 1140 2188 tium
1157 2158 1323 2196 custodes,
1333 2159 1383 2188 vel
1395 2159 1565 2198 praecipue
1572 2159 1746 2190 colebatur

1059 2207 1269 2238 Mercurius:
1309 2206 1396 2237 unde
1427 2211 1462 2237 et
1499 2206 1621 2247 εὐόδιος,
1659 2212 1744 2238 teste

1062 2256 1241 2296 Hesychio.
1261 2256 1347 2286 Torr.
1383 2255 1513 2296 Debito]
1539 2256 1676 2293 Debito,
1692 2258 1744 2287 vel

1060 2305 1143 2343 voti,
1159 2305 1211 2334 vel
1226 2303 1325 2335 officii
1345 2314 1455 2335 causa.

1102 2356 1121 2383 3
1145 2353 1243 2393 Deos]
1266 2353 1437 2384 Castorem
1454 2358 1490 2384 et
1502 2354 1672 2385 Pollucem
1689 2364 1745 2386 na-

1061 2403 1240 2442 vigationis
1278 2403 1453 2442 praesides,
1491 2404 1594 2434 iratos
1632 2403 1746 2435 forsan

1059 2449 1202 2487 futuros,
1232 2451 1293 2481 nisi
1321 2450 1484 2482 sacrificia
1511 2453 1558 2483 eis
1588 2453 1748 2493 promissa

1060 2500 1280 2539 persolveret.

1103 2551 1122 2578 4
1148 2549 1210 2584 Qui
1225 2548 1318 2588 nunc]
1346 2549 1441 2580 Ordo
1464 2551 1536 2580 eat:
1562 2549 1629 2581 Qui
1659 2558 1745 2580 nunc

1062 2606 1176 2636 sospes
1195 2606 1346 2628 reversus
1366 2598 1407 2628 ab
1427 2598 1543 2629 ultima
1568 2597 1746 2638 Hesperia,

1062 2645 1182 2676 dividit
1199 2647 1299 2676 multa
1313 2646 1427 2678 oscula
1442 2646 1550 2678 charis
1566 2646 1745 2683 sodalibus,

1062 2695 1144 2725 nulli
1158 2700 1270 2726 tamen
1286 2695 1392 2735 plura,
1404 2705 1501 2735 quam
1512 2695 1600 2726 dulci
1613 2694 1745 2731 Lamiae,

1063 2752 1187 2774 memor
1203 2743 1356 2783 pueritiae
1374 2747 1457 2774 actae
1479 2751 1543 2773 non
1565 2742 1632 2773 alio
1655 2738 1743 2780 rege,

1063 2796 1097 2823 et
1113 2801 1238 2823 memor
1253 2792 1349 2822 simul
1365 2796 1502 2822 mutata!
1519 2795 1618 2829 togae.
1662 2789 1742 2821 Hes-
