1916 3262
335 252 354 291 1
362 251 445 293 3238

337 362 409 385 rum
425 353 582 393 origines.
627 352 746 390 Sucroe]
771 351 914 380 Pulchre
930 349 1018 380 enini

335 402 464 435 Seneca
485 401 595 441 Epist.
623 408 692 432 xm.
726 402 734 416 ‘
748 400 944 439 Magnorum
961 397 1019 428 flu-

335 450 460 483 minum
477 450 591 490 capita
609 457 819 480 veneramur:
845 447 956 478 subita
978 457 1019 477 ex

335 498 451 532 abdito
475 498 558 530 vasti
581 498 685 528 onmis
708 495 842 536 eruptio
864 504 938 526 aras
960 496 1019 525 ha·

334 547 417 580 bet:
453 547 609 578 coluntur
641 554 800 585 aquarum
837 544 1019 575 calentium

334 594 467 629 fontes.’
513 596 633 626 Verum
657 594 812 635 quoniam
833 603 869 623 se
884 592 1021 623 flumina.

332 643 404 676 fere
420 645 452 674 in
468 653 575 674 ramos
591 646 764 683 spargunt,
780 651 842 673 nec
856 651 920 672 tino
935 651 1020 672 sem-

334 702 395 733 per
409 693 496 724 ostio
511 693 544 723 iu
562 701 653 723 mare
674 690 834 727 defluunt,
849 690 927 721 hinc
949 689 1018 721 fac-

335 747 407 774 tum
430 747 492 780 est,
512 748 561 780 ut,
586 751 660 773 cum
684 740 816 771 diversa
838 749 913 770 esse
940 749 1020 779 quo-

333 791 510 823 dammodo
534 791 721 829 videantur,
737 795 787 820 tot
817 789 931 829 capita
957 789 1018 826 eis,

334 845 417 880 quot
433 840 553 878 exitus,
568 839 794 871 attribuantur
809 847 1019 877 καταχρηστι·

334 890 402 921 κῶς.
449 890 539 920 Hinc
555 889 660 920 Rheni
677 888 786 928 capita
803 886 891 926 apud
909 888 1020 918 Caesa·

334 948 417 977 rem,
443 941 507 970 &m
549 940 687 970 Torrent-
745 937 866 976 Sacrae]
902 936 1020 967 Omnis

332 986 405 1018 fons
422 988 454 1018 in
469 987 596 1026 origine
610 996 704 1017 sacer
720 990 784 1024 est,
797 995 921 1025 suoque
934 994 1019 1016 mur·

332 1045 427 1066 mure
444 1045 574 1066 somnos
590 1036 703 1066 allicit.

375 1087 415 1115 24
439 1085 587 1124 Bellaque
611 1085 774 1124 matribus]
810 1084 937 1115 Matres
960 1092 1020 1122 pro

332 1133 447 1172 nuptis
475 1134 630 1174 accipio:
669 1143 742 1174 quae
773 1134 896 1165 bellum
923 1142 1020 1163 omne

332 1182 452 1213 merito
480 1187 693 1221 execrantur,
721 1182 764 1213 ob
798 1182 932 1214 crebras
962 1192 1021 1222 pa·

332 1236 464 1263 rentum
494 1232 742 1274 liberorumque
773 1237 806 1263 et
837 1232 1018 1272 conjugum

332 1285 466 1311 mortes.
490 1281 630 1313 Torreat.

375 1332 414 1360 25
441 1329 622 1368 Detestata]
655 1329 802 1368 Propter
813 1328 956 1359 filiorum
973 1329 1018 1359 in-

333 1378 482 1409 teritum.
540 1379 652 1409 Manet
679 1378 744 1416 sub,
771 1377 843 1416 &cd
876 1378 1020 1408 Venatio

333 1436 399 1457 non
424 1427 521 1458 modo
540 1427 692 1467 jucunda
717 1432 752 1458 et
775 1427 864 1458 utilis
887 1427 1021 1467 corpori

333 1476 532 1514 exercendo,
558 1485 669 1507 verum
697 1476 797 1507 etiam
821 1476 935 1507 multis
962 1485 1020 1505 no-

333 1525 477 1556 minibus
494 1534 627 1564 semper
645 1524 888 1554 commendata.
932 1523 1020 1555 vide

333 1573 590 1612 Xenophontem
620 1573 662 1602 de
690 1573 892 1603 Venatione.
955 1573 1020 1604 Sub

331 1622 410 1652 Jove
417 1621 556 1660 frigido]
582 1621 656 1652 ‘Tiro
676 1621 760 1662 Δὸς,
774 1622 828 1652 sub
848 1622 910 1652 dio.
955 1623 1019 1653 Pe-

331 1670 494 1709 riphrasis
521 1669 607 1700 ae’ris
621 1671 787 1705 nocturni,
817 1671 874 1710 qui
898 1676 936 1701 ut
961 1670 1020 1700 hu-

334 1719 453 1749 midior
469 1723 532 1755 est,
547 1719 596 1749 ita
612 1723 648 1750 et
667 1718 831 1758 frigidior.
878 1719 922 1748 Et
944 1718 1021 1749 vide

334 1773 459 1808 qiianta
471 1768 515 1799 sit
526 1767 708 1799 assuetudo
724 1767 801 1798 vitae
819 1776 894 1798 cum
910 1767 1022 1798 delec-

333 1817 471 1855 tatione,
492 1827 564 1856 quae
594 1817 803 1848 inconuuoda
827 1816 1022 1857 commodis,

333 1867 418 1899 dura
433 1867 587 1899 mollibus
603 1866 783 1898 anteferat.
808 1867 901 1907 Cruq.

374 1920 416 1948 26
437 1918 560 1948 Tenerae
582 1918 721 1957 conjugis
740 1917 909 1957 immemor]
933 1918 1020 1949 Con·

327 1967 417 2006 jugis
435 1966 602 1997 delicatae.

375 2018 416 2047 27
440 2016 618 2055 Fidelibus]
641 2015 729 2045 Mira
743 2018 794 2046 est
804 2024 924 2046 canum
939 2013 1020 2045 fide-

334 2063 413 2095 litas
429 2064 463 2094 in
479 2064 642 2094 dominos.

375 2115 418 2144 28
440 2111 501 2142 Seu
525 2112 610 2151 rupit
639 2112 764 2152 teretes]
805 2111 873 2142 Seu
903 2110 1020 2150 effugit

334 2171 417 2202 aper
431 2161 540 2200 ruptis
556 2161 697 2200 retibus,
718 2170 760 2191 ex
785 2161 898 2198 tereti,
921 2166 954 2191 et
971 2171 1020 2192 ro-

335 2211 440 2242 tundo
463 2208 543 2241 fune
568 2210 747 2241 contextis.
797 2210 926 2240 Morsus
949 2219 1022 2250 aper

331 2259 455 2299 plagas]
476 2258 642 2296 Sabellus,
659 2268 720 2298 pro
736 2259 853 2299 quovis
870 2269 964 2299 apro.

377 2311 420 2340 29
443 2308 497 2339 Me
521 2307 694 2347 doctarum]
733 2308 832 2339 Nunc
859 2317 918 2348 per
943 2317 1020 2339 con·

336 2358 518 2389 tentionem
545 2357 718 2398 describit,
747 2367 812 2398 quo
840 2358 942 2389 studii
965 2367 1021 2398 ge-

335 2416 415 2438 nere
431 2407 502 2447 ipse
525 2407 730 2447 potissimum
751 2412 933 2440 recreetur.
981 2409 1022 2438 E-

335 2456 431 2496 deroe]
455 2456 595 2496 Daphne
615 2455 894 2495 Apolliuidilecta
907 2458 937 2487 in
954 2457 1022 2487 lau-

336 2516 419 2541 rum,
447 2506 559 2536 Cissus
588 2514 608 2535 a
630 2505 763 2536 Baccho
792 2505 965 2536 adamatus
988 2506 1022 2537 in

337 2555 472 2586 ederam
497 2553 559 2584 sibi
582 2554 812 2594 cognominem
838 2553 929 2594 (nam
949 2564 1022 2585 eam

337 2603 450 2634 Graeci
465 2601 574 2633 κισσὸν
595 2602 730 2642 vocant)
750 2603 903 2634 conversi
918 2602 1023 2634 fuere.

337 2653 465 2683 Merito
481 2653 584 2692 igitur
601 2652 730 2690 Poetae,
745 2653 799 2692 qui
813 2652 846 2682 in
856 2651 1023 2692 Apollinis

338 2706 373 2731 et
407 2700 532 2730 Bacchi
563 2702 668 2731 tutela
691 2706 780 2739 sunt,
809 2701 893 2731 lauri
922 2705 1023 2742 atque

337 2749 447 2780 ederae
458 2747 632 2780 frondibus
643 2754 857 2781 coronantur.
884 2749 1023 2782 Torreat.

789 260 924 290 NOTAE
955 253 1217 291 vARmRUM
1252 262 1298 290 IN

1068 350 1199 381 Heriem
1212 351 1514 390 praemiasremlium]
1549 351 1664 382 Poeta*
1683 353 1750 384 vic..

1069 408 1157 433 tores
1171 404 1299 435 coronis
1315 403 1485 434 ederaceis
1508 403 1729 434 donabantur.

1109 453 1150 481 30
1173 451 1246 483 Diis
1267 453 1391 484 miscent
1416 451 1547 491 superis]
1578 451 1632 482 Ad
1658 451 1752 482 illum

1068 499 1168 530 animi
1184 506 1308 532 motum
1324 501 1497 541 refer‚quo
1509 501 1670 533 divinitus
1684 501 1754 542 agi-

1067 549 1129 580 tati
1147 549 1274 589 Poe'tae,
1297 551 1377 581 talia
1399 549 1566 581 interdum
1590 549 1753 589 mysteria

1067 596 1252 636 proferunt,
1267 603 1304 629 ut
1317 599 1502 630 coelestium
1519 598 1690 630 consortio
1705 597 1752 628 in-

1067 645 1223 677 terfuisse
1255 647 1443 680 videantur.
1487 647 1578 678 Hinc
1606 651 1643 678 et
1671 645 1753 678 illud

1068 700 1119 726 est
1148 696 1250 728 Ovid.
1278 706 1328 728 vn.
1358 698 1450 728 Fast.
1478 698 1564 728 ‘Est
1591 698 1687 728 Deus
1717 697 1751 727 in

1069 744 1174 784 nobis,
1191 745 1339 785 agitante
1355 747 1550 777 calescimus
1564 746 1631 781 illo,
1644 746 1754 786 tmpe-

1068 798 1122 824 tus
1147 793 1201 824 hic
1226 803 1326 825 sacrm
1351 797 1478 827 semina
1494 796 1614 827 mentis
1628 794 1753 826 habet!

1069 844 1124 874 Me
1140 844 1275 882 gelidum
1292 846 1408 885 nemas]
1445 845 1659 884 Umbrosnm,
1675 854 1755 885 opa-

1068 902 1155 923 cum.
1199 894 1322 924 Nemus
1345 899 1456 924 autem
1479 894 1532 925 hic
1555 894 1670 934 accipe
1693 902 1754 933 per·

1068 943 1304 982 metonymiam
1342 952 1401 982 pro
1438 943 1689 975 Diis‘Silvanis
1718 947 1755 973 et

1069 992 1203 1030 Faunis,
1230 992 1269 1022 iis
1296 991 1384 1022 enim
1409 1000 1483 1022 cum
1507 992 1672 1031 Nymphis
1694 991 1754 1021 im-

1070 1042 1223 1080 mixtum,
1251 1041 1332 1072 dicit
1354 1050 1389 1072 se
1420 1041 1612 1072 conversari
1641 1045 1676 1071 et
1702 1049 1756 1071 ca-

1070 1099 1150 1121 nere
1166 1090 1322 1120 carmina.

1111 1143 1149 1170 31
1175 1140 1271 1171 Lei-es
1284 1149 1352 1171 cum
1366 1139 1490 1180 Satyris
1502 1139 1602 1179 chori]
1635 1139 1675 1170 In
1691 1139 1756 1170 sal-

1070 1188 1172 1220 tando
1189 1190 1328 1219 celeres.

1111 1241 1152 1269 32
1174 1238 1345 1269 Secernunt
1367 1237 1493 1278 populo]
1528 1238 1593 1269 Vel
1627 1238 1675 1269 ita
1703 1246 1756 1268 me

1069 1287 1232 1325 alliciunt,
1250 1292 1287 1318 ut
1303 1287 1379 1318 nihil
1398 1297 1571 1319 commune
1591 1287 1668 1318 mihi
1681 1296 1756 1317 esse

1069 1336 1171 1366 velim
1187 1345 1261 1366 cum
1275 1337 1409 1375 populo.
1431 1336 1580 1375 Stephon.
1623 1336 1686 1366 Vel
1703 1345 1755 1366 me

1069 1388 1240 1414 semovent
1257 1384 1299 1414 ab
1314 1383 1450 1414 urbanis
1471 1384 1571 1414 rebus
1587 1384 1756 1423 populari-

1070 1441 1133 1472 que
1149 1431 1272 1462 stndio.
1296 1432 1399 1462 Turn.
1416 1441 1466 1463 xr.
1480 1435 1532 1463 26.
1584 1432 1755 1463 secernunt

1067 1481 1191 1520 populo]
1214 1481 1271 1510 Me
1287 1480 1423 1520 dignum
1440 1479 1582 1520 faciunt,
1604 1485 1640 1511 ut
1656 1490 1757 1521 prop-

1070 1534 1123 1559 ter
1149 1529 1383 1559 excellentiam
1414 1538 1433 1559 a
1462 1529 1561 1569 vulgo
1584 1538 1754 1569 segregor.

1069 1578 1118 1618 Si,
1138 1588 1231 1618 neque
1256 1577 1364 1617 tibias]
1401 1577 1442 1608 ld
1466 1583 1530 1616 est,
1553 1578 1629 1618 quia
1650 1578 1758 1609 Musis

1069 1627 1116 1658 ita
1134 1628 1238 1658 visum
1255 1632 1321 1665 est,
1348 1636 1486 1667 quarum
1508 1626 1620 1657 favore.
1636 1630 1671 1658 et
1686 1636 1757 1656 niu-

1070 1685 1150 1706 nere
1166 1676 1277 1706 divina
1292 1676 1364 1705 haec
1381 1674 1545 1706 beneficia
1559 1680 1758 1707 consecutus

1070 1734 1153 1756 sun).
1179 1725 1272 1764 Cruq.
1316 1723 1353 1754 Si
1379 1733 1475 1763 neque
1501 1723 1608 1764 tibias]
1630 1724 1670 1755 Id
1693 1731 1759 1764 est,

1070 1773 1148 1813 quia
1177 1773 1224 1803 sic
1255 1773 1367 1812 placet
1395 1771 1514 1811 Musis,
1543 1781 1682 1812 qrtarnm
1709 1772 1757 1803 fn-

1071 1830 1151 1852 vore
1162 1822 1232 1853 haec
1250 1820 1414 1852 beneficia
1429 1827 1626 1853 consecutus
1640 1831 1726 1852 sum.

1112 1873 1152 1902 33
1176 1871 1326 1911 Euterpe]
1357 1871 1477 1901 Dulcis
1497 1871 1586 1902 euim
1602 1871 1757 1902 tibiarum

1071 1924 1268 1958 concentus,
1283 1919 1499 1949 vehementer
1513 1919 1639 1950 animos
1655 1918 1759 1950 afficit

1071 1977 1110 1998 ac
1126 1967 1286 1998 delectat.
1331 1967 1448 1998 Innuit
1462 1973 1574 1998 autem
1585 1969 1758 2006 Euterpen

1070 2016 1202 2046 Musam
1225 2015 1380 2046 carminis
1402 2015 1603 2045 suavitatem
1625 2021 1659 2046 et
1682 2025 1757 2055 gra·

1071 2064 1150 2095 tiam
1172 2063 1233 2094 sibi
1259 2072 1324 2093 non
1348 2062 1527 2102 denegare.
1553 2063 1648 2102 Cruq.
1695 2063 1759 2094 En·

1070 2116 1155 2152 ter-pe
1176 2111 1310 2151 cohibet]
1344 2112 1418 2142 Una
1441 2120 1483 2141 ex
1507 2111 1628 2149 Musis,
1648 2120 1756 2152 eaque

1064 2162 1226 2202 jucunda.
1270 2161 1490 2202 Polyhymnia]
1512 2162 1622 2201 Hanc,
1642 2162 1757 2193 Musa-

1071 2220 1142 2241 rum
1158 2220 1256 2242 unam
1269 2211 1382 2248 etiam,
1395 2210 1630 2251 Polyhymniam
1643 2211 1758 2252 nppel-

1071 2260 1154 2299 lant,
1176 2260 1227 2290 vel
1253 2259 1295 2290 ob
1316 2259 1537 2298 multiplicem
1561 2269 1670 2290 rerum
1689 2268 1756 2290 me-

1071 2310 1221 2348 moriam,
1246 2307 1300 2338 vel
1327 2307 1370 2338 ob
1399 2307 1592 2338 Harmoniae
1614 2307 1774 2345 facultas

1071 2362 1150 2388 tem.
1167 2356 1306 2387 Torrent.
1351 2353 1572 2395 Polyhymnia]
1584 2355 1758 2386 Musarum

1072 2406 1191 2442 altera,
1212 2404 1265 2435 cui
1283 2404 1366 2435 bene
1391 2404 1523 2434 dicendi
1539 2403 1684 2436 facultas
1700 2405 1758 2435 ad-

1072 2453 1240 2485 scribitur.

1115 2505 1154 2533 34
1177 2500 1340 2540 Lessbomn]
1371 2500 1400 2532 A
1416 2501 1490 2532 loco
1509 2501 1661 2533 nimirum
1681 2503 1758 2533 Les-

1071 2552 1114 2582 bo
1137 2551 1252 2589 insula,
1275 2550 1374 2591 idque
1398 2554 1539 2590 propter
1554 2549 1706 2582 Alcaeum
1722 2555 1758 2582 et

1073 2602 1207 2642 Sappho
1222 2599 1374 2640 egregios
1395 2599 1596 2639 Lyricos‚ex
1617 2609 1658 2631 en
1673 2600 1759 2631 insn-

1072 2651 1105 2681 la
1119 2650 1287 2682 oriundos.
1330 2649 1476 2679 Lesboum
1489 2649 1606 2687 rqliigt’t
1620 2649 1755 2688 tendere]

1073 2699 1182 2731 Quale
1211 2698 1364 2729 barbiton
1394 2697 1530 2736 Sappho
1559 2701 1596 2727 et
1620 2695 1755 2727 Alenus

1073 2748 1202 2789 egregii
1228 2746 1343 2778 Poetae
1369 2746 1402 2776 in
1425 2745 1530 2776 insula
1553 2743 1660 2776 Lesbo
1682 2749 1754 2776 ten-
