1916 3262
435 299 642 333 noasrn
675 290 1290 332 GARM1NUR¹1AB.1H.13.

130 398 187 427 tae.
202 393 283 426 'sed
299 393 362 426 hoc
377 394 453 425 loco
467 393 549 424 illud
566 392 722 433 insolens,
732 391 824 433 quod

130 453 208 476 curn
241 445 325 476 nitor
355 444 458 476 Hebri
482 443 619 482 dixerit,
650 442 825 484 sequitur:

131 494 237 535 Eques
261 494 330 536 ipso
348 495 456 528 melior
478 493 735 535 Bellerophonte5
757 502 825 525 non

131 553 229 576 secus
256 553 297 576 ac
319 544 348 576 si
372 544 510 578 Hebrus
525 543 690 583 dixisset3
715 543 824 584 qualis

129 603 212 626 sane
243 594 374 626 locutio
398 594 553 634 exemplo
579 597 686 625 caret.
732 593 824 624 Libri

131 649 245 676 autem
260 644 344 677 Mas.
361 653 420 676 sex
436 648 512 685 post
527 643 710 676 dictionem
722 643 827 675 Hebri

130 704 264 726 versum
290 697 324 727 9.
348 687 452 726 Simul
471 697 591 735 unctos,
604 695 658 734 &c-
680 694 826 727 interse-

132 749 225 776 runt.
236 744 308 778 ‚Qui
319 744 402 775 ordo
412 744 548 776 omnino
559 745 746 777 servandus
760 750 827 787 est,

129 803 196 826 non
211 794 261 830 ob.
269 794 434 826 sermonis
449 798 581 826 tantum
597 795 826 837 insolentiam,

127 843 188 874 sed
200 843 278 885 quia
293 843 394 875 aliter
406 844 579 876 sententia
590 854 658 877 non
673 850 823 878 constat.

127 892 270 925 Torreat.
312 892 463 934 Lyparoei
483 894 568 925 nitor
595 894 713 935 Hebri]
742 897 825 927 Pul-

127 941 286 974 chritndo
301 941 413 974 Hebri
429 943 672 985 adolescentis,
687 945 744 986 qui
759 944 825 978 fuit

125 1001 169 1023 ex
185 992 293 1024 insula
307 993 444 1034 Lipara,
469 1003 576 1035 eques
600 1003 679 1026 sane
706 996 826 1027 melior

127 1042 203 1081 ipso
225 1042 507 1084 Bellerophonte,
534 1052 644 1085 neque
666 1049 740 1076 arte
763 1054 824 1086 pu-

128 1092 200 1132 gili,
215 1101 326 1134 neque
350 1102 450 1125 cursu
465 1094 617 1134 pedestri
637 1095 758 1127 victus.

170 1143 190 1172 7
215 1141 602 1184 ΜειίονΒεΙὶετ-ορὴοηεε]
624 1144 691 1178 Qui
711 1145 823 1186 Pega-

128 1199 202 1223 sum
218 1191 372 1233 Neptuni
397 1192 566 1226 beneficio
592 1199 725 1235 nactus,
753 1195 823 1227 ae‘ri

127 1251 262 1284 quoque
278 1251 318 1274 ac
339 1243 486 1274 nubibus
507 1244 672 1276 insultare
696 1250 823 1286 posset.

127 1290 197 1323 Sed
226 1292 347 1323 coelum
373 1297 510 1324 tentans
544 1293 685 1325 fulmine
711 1296 826 1336 periit.

127 1340 365 1382 Equossautem
389 1341 452 1380 uti,
475 1342 749 1383 Bellerophontis
776 1344 825 1375 in·

130 1393 266 1420 ventum
281 1398 356 1420 esse
376 1390 483 1421 tradit
497 1391 588 1423 Plin.
602 1400 669 1422 vn.
684 1395 737 1423 56.

169 1440 192 1468 9
213 1437 333 1479 Simul]
355 1438 579 1481 Simulatque,
593 1450 670 1472 mox
687 1440 757 1472 ubi.

169 1490 210 1519 10
249 1488 349 1519 Catus
383 1489 481 1530 idem]
519 1489 734 1531 Ingeniosus,
769 1491 823 1522 vel

125 1538 257 1578 peritus
274 1537 465 1579 jaculandi,
482 1539 516 1571 id
544 1545 608 1577 est,
630 1540 824 1581 configendi

126 1596 244 1619 cervos
269 1588 407 1629 jaculis.
466 1590 531 1621 Per
555 1590 715 1632 apertum]
753 1590 824 1621 Per

125 1646 283 1678 campum
314 1647 381 1670 non
418 1639 596 1671 arboribus
639 1640 822 1672 consitum.

127 1685 297 1728 [Guelph.
316 1692 506 1729 peraperta.
550 1690 734 1729 Bamberg.
761 1689 823 1720 Fu·

122 1737 252 1775 g-ientis.
297 1738 447 1778 Gnelph.
456 1739 608 1778 jaculari,
624 1740 695 1770 sine
711 1739 771 1778 et.]

169 1789 212 1818 12
236 1787 326 1819 Celer
336 1788 416 1828 auo]
438 1789 562 1821 Bland.
580 1790 759 1831 antiquiss.
775 1791 824 1822 le-

127 1836 179 1875 git
191 1839 261 1868 arlo
276 1846 338 1877 pro
352 1837 471 1876 denso,
484 1838 574 1879 quod
595 1838 747 1870 fortassis
771 1845 825 1873 est

127 1885 250 1925 aptius.
269 1886 364 1927 Cruq.
400 1886 577 1928 Fruticelo]
599 1888 666 1920 Ubi
680 1889 825 1922 frutices

128 1941 300 1968 crescunt.
344 1937 499 1978 Excipere
512 1939 636 1980 aprum]
663 1939 766 1971 Celer
781 1941 823 1972 ad

128 1986 367 2027 excipiendum
392 1997 521 2028 aprum.
566 1990 732 2030 Excipere,
748 2000 822 2022 ver-

127 2036 206 2067 bum
221 2041 272 2068 est
288 2038 460 2078 proprium
476 2043 688 2079 venatorum,
704 2041 760 2081 qui
779 2051 823 2072 ex

125 2084 256 2117 insidiis
293 2095 411 2126 aprum
456 2088 598 2129 capiunt
637 2089 822 2122 incautum.

125 2135 214 2166 Vide
231 2135 394 2178 Nonium,
406 2137 440 2167 in
457 2137 468 2153 ‘
483 2138 676 2178 Excipere?

129 2186 214 2219 Ona:
226 2195 308 2219 xm.
334 2189 559 2229 Προσευκτική,
588 2189 646 2222 An
665 2191 820 2222 Fowram

168 2237 428 2270 ΒιΛΝυυειΑΜ.
488 2239 702 2272 Sacrificium
733 2240 822 2271 fonti

169 2287 355 2328 promittit,
404 2289 543 2331 ejusque
590 2290 821 2322 amoenitatem

170 2346 384 2378 summopere
418 2339 646 2372 commendat.
705 2341 823 2381 [Bam-

167 2386 263 2427 berg.
307 2387 361 2418 Aa
385 2388 509 2425 sontem
537 2389 747 2431 Rammium,
761 2391 825 2431 *qui

170 2439 218 2466 eat
231 2436 266 2467 in
281 2435 435 2477 Sabinis]

171 2487 188 2516 1
214 2485 244 2516 Ο
270 2485 355 2517 Fons
379 2486 581 2528 Blandusioe]
610 2489 765 2520 Dicimus
788 2494 825 2521 et

127 2533 256 2566 fontem
277 2533 500 2566 Blandusium
516 2546 525 2567 z
549 2541 586 2568 et
600 2536 727 2569 fontem
740 2539 823 2570 Cas-

127 2584 247 2616 talium
263 2588 300 2615 et
314 2584 499 2616 Castaliam
514 2585 668 2618 absolute
682 2598 692 2627 ;
714 2592 753 2619 ut
768 2597 824 2620 eo·

131 2634 207 2665 dem
227 2633 286 2666 lib.
306 2633 375 2664 Od.
389 2635 423 2665 4.
445 2637 454 2651 ⁸
468 2634 535 2667 Qui
549 2644 624 2666 rore
641 2645 726 2676 puro
741 2637 824 2669 Cas-

130 2684 220 2715 taliae
234 2683 318 2718 lavit
341 2683 461 2715 Crines
471 2685 622 2717 solutos:
665 2686 758 2717 Male
771 2696 824 2718 er·

129 2744 174 2775 go
196 2734 254 2776 qui
283 2733 503 2766 Blandusiam
525 2735 696 2776 regionem
717 2736 825 2776 ipsam

129 2785 163 2816 in
187 2783 324 2815 Sabinis
345 2784 393 2815 sic
419 2784 549 2816 dictam
574 2785 706 2825 volunt,
733 2787 826 2818 nullo

130 2833 253 2866 idoneo
266 2837 415 2866 auctore.
445 2834 614 2877 Cruquius
630 2835 713 2876 legit
730 2836 825 2868 Blan-
866 2881 870 2884 .

1461 293 1571 334 1461

874 391 983 422 dusioe.
1032 392 1062 422 0
1077 391 1163 422 Fons
1179 391 1381 433 Blandusiae]
1410 391 1494 424 Erat
1516 394 1572 426 bic

875 438 951 471 fons
966 440 1001 471 in
1016 448 1099 480 agro
1121 449 1182 472 suo
1196 440 1334 473 Sabino.
1377 440 1575 481 splendidior

874 489 972 531 vitro]
994 490 1052 522 Sic
1073 490 1299 531 ‘pellucidior
1320 490 1437 532 vitro,’
1458 500 1483 524 1.
1506 491 1575 525 Od.

877 542 927 572 18.
973 541 1017 571 Et
1040 540 1119 572 vide
1147 550 1223 582 quae
1248 540 1440 572 notavimus
1455 550 1481 572 1.
1505 540 1573 573 Od.

878 592 929 621 1⁷.
958 591 968 607 ‘
987 590 1208 631 vitreamque
1238 590 1386 622 Circen!
1433 590 1576 623 Torrent.

876 640 1093 681 Splendidior]
1117 640 1209 672 Fons
1224 640 1372 672 lucidior
1386 640 1490 673 vitro.

917 692 939 721 2
963 690 1058 721 Dulci
1080 689 1177 730 digne
1195 690 1296 731 mero]
1331 690 1478 722 Veteres
1507 699 1575 722 uon

874 739 1063 772 bominibus
1084 740 1185 772 modo
1210 741 1363 782 singulis,
1385 740 1446 772 sed
1462 746 1499 773 et
1513 739 1576 773 flu-

875 790 1019 822 minibus
1041 795 1077 823 et
1092 789 1257 827 fontibus,
1281 790 1476 832 regionibus
1492 800 1574 832 quo-

875 850 941 883 que
958 846 1062 883 atque
1087 841 1239 883 urbibus,
1265 851 1341 874 suos
1360 841 1484 884 cuique
1506 842 1574 874 Ge·

874 891 948 923 nios
964 892 1208 930 attribuerunt.
1222 896 1326 934 atque
1346 891 1432 924 adeo
1445 892 1574 924 nullam

875 950 974 982 poene
997 951 1080 983 rem,
1094 943 1129 974 in
1155 952 1224 984 qua
1247 942 1488 984 perspicerent
1514 942 1574 973 ali-

874 992 955 1033 quid
970 993 1142 1034 eximium,
1162 993 1235 1024 sine
1257 993 1395 1024 numine
1410 1002 1485 1024 esse
1499 1002 1576 1024 cre-

874 1042 1046 1075 diderunt.
1089 1043 1131 1074 Id
1148 1052 1250 1084 porro
1266 1052 1402 1079 numen,
1419 1043 1492 1075 sive
1507 1042 1577 1074 Ge·

873 1093 979 1131 nium,
995 1094 1074 1124 vino
1090 1097 1126 1125 et
1140 1092 1280 1125 floribus
1297 1092 1550 1125 venerabantur
1564 1102 1573 1123 :

875 1143 954 1175 vino
976 1148 1090 1175 autem
1104 1148 1140 1175 et
1155 1142 1296 1175 floribus
1315 1143 1497 1184 peculiaris
1513 1143 1575 1174 ali-

876 1202 944 1234 qua
965 1193 1077 1225 hostia
1105 1193 1303 1233 accedebat,
1338 1198 1377 1224 ut
1404 1193 1458 1225 bic
1486 1192 1574 1225 fonti

874 1242 1016 1275 hoedus:
1040 1249 1077 1276 et
1098 1244 1232 1276 0d.22.
1246 1244 1340 1285 pinui
1355 1244 1483 1284 arbori,
1499 1254 1575 1276 ver-

875 1301 942 1325 res.
964 1293 1043 1325 vide
1073 1298 1108 1325 et
1132 1294 1314 1326 Plin.xv1·
1342 1303 1418 1334 cap.
1444 1295 1576 1326 ultimo.

876 1342 1019 1373 Torreat.
1077 1343 1174 1374 Dulci
1194 1343 1290 1382 digne
1320 1342 1420 1383 mero]
1458 1344 1574 1384 Digne

875 1401 968 1423 mero
984 1393 1019 1423 in
1042 1392 1218 1424 sacrificiis
1242 1394 1415 1434 exhibito,
1439 1398 1574 1426 veteres

875 1443 963 1473 enim
978 1441 1131 1474 fontibus
1146 1443 1388 1475 sacrificabant
1411 1448 1574 1485 tanquam

874 1492 962 1524 Diis.
984 1493 1074 1524 Vide
1090 1502 1114 1524 r.
1132 1492 1201 1524 Od.
1213 1495 1244 1523 1.
1288 1493 1450 1534 Floribus]
1466 1494 1574 1526 Flori-

874 1541 949 1582 bus,
971 1542 1091 1583 quibus
1114 1547 1251 1575 veteres
1275 1543 1486 1584 spargebant
1501 1543 1574 1576 fon-

876 1597 941 1629 tes,
955 1593 1020 1633 vel,
1036 1592 1159 1634 quibus
1175 1593 1304 1624 hostias
1321 1593 1545 1626 coronabant.

917 1644 936 1673 3
962 1643 1042 1674 Cras
1055 1643 1235 1683 donaberis]
1259 1644 1343 1675 Cras
1367 1643 1429 1674 tibi
1454 1643 1574 1676 boedus

874 1694 1112 1725 immolabitur.

916 1746 938 1774 4
964 1744 1104 1783 Turgida
1113 1744 1270 1785 cornibus]
1282 1745 1389 1776 Frons
1401 1744 1491 1776 haedi
1506 1749 1577 1776 tur-

875 1798 946 1833 get,
963 1793 1021 1824 ubi
1044 1794 1078 1824 in
1092 1793 1208 1826 fronte
1226 1794 1363 1835 quidam
1385 1794 1482 1835 quasi
1506 1795 1576 1834 glo-

875 1841 947 1872 buli
959 1847 1139 1883 apparent,
1147 1843 1237 1874 unde
1248 1848 1326 1884 post
1338 1845 1452 1885 paullo
1463 1854 1575 1876 erum-

875 1896 962 1931 punt
973 1901 1122 1923 cornua:
1146 1893 1264 1934 quales
1287 1898 1367 1925 sunt
1381 1903 1522 1934 gemmae
1540 1895 1575 1926 in

875 1940 1002 1972 vitibus
1025 1941 1285 1984 arboribusque,
1300 1943 1390 1974 unde
1417 1944 1576 1984 palmites

874 1995 1079 2022 enascuntur
1103 1996 1140 2023 et
1170 1992 1266 2031 rami,
1287 1996 1340 2029 ut,
1363 1993 1372 2010 ‘
1387 1997 1525 2034 turgent
1541 1993 1575 2024 in

875 2040 1016 2080 palmite
1042 2041 1207 2081 gemmae.’
1249 2041 1345 2082 Cruq.
1391 2042 1473 2083 [Cui
1498 2042 1576 2082 fons

873 2089 1105 2122 Schoenborn.
1122 2090 1172 2130 2.]

915 2143 934 2170 5
954 2139 1074 2170 Primis
1096 2143 1127 2170 ee
1151 2139 1317 2180 Venerem]
1331 2141 1500 2173 Cornibus
1516 2151 1575 2173 nu-

873 2199 935 2231 per
950 2189 1051 2229 natis,
1062 2195 1099 2221 et
1115 2190 1387 2231 erumpentibus.
1426 2191 1575 2224 Venerem

872 2241 903 2270 et
915 2239 1028 2280 praelia
1052 2239 1205 2280 destinat]
1227 2240 1310 2271 Tale
1326 2240 1408 2271 illud
1433 2240 1502 2273 od.
1518 2245 1573 2274 22.

873 2289 883 2307 ‘
901 2289 1019 2321 Verris
1048 2289 1222 2331 obliquum
1248 2289 1445 2322 meditantis
1467 2291 1575 2322 ictum

871 2339 1046 2380 Sanguine
1062 2338 1211 2370 donem.’
1232 2339 1242 2358 ‘
1257 2339 1440 2371 Destinare
1455 2339 1466 2354 ’
1483 2341 1574 2372 enim

873 2390 930 2422 bic
959 2390 1056 2431 dicit,
1083 2391 1174 2431 quod
1199 2391 1247 2422 ibi
1269 2392 1278 2409 ‘
1293 2391 1476 2423 meditari)
1499 2393 1575 2423 Tor-

873 2443 956 2471 rent-
1002 2439 1049 2471 Et
1064 2440 1122 2480 qni
1144 2440 1217 2480 jam
1234 2444 1336 2480 aptus
1359 2441 1401 2472 ad
1426 2451 1573 2481 pugnam

875 2494 912 2521 et
936 2490 1106 2521 Venerem
1129 2499 1204 2521 esse
1225 2490 1362 2530 incipit.
1405 2489 1573 2529 Destinat]

875 2540 1011 2573 Hoedus
1027 2541 1122 2582 qnasi
1135 2540 1304 2572 deliberat
1320 2550 1448 2582 secum,
1462 2547 1498 2573 et
1513 2541 1572 2573 de*-

874 2590 952 2631 ligit
962 2591 1145 2630 Venerem,
1157 2590 1212 2621 cui
1222 2599 1361 2630 operam
1373 2589 1574 2629 det‚alium-

874 2651 942 2683 que
967 2640 1101 2672 hoedum
1124 2639 1304 2671 constituit
1330 2639 1573 2678 adversarium,

875 2700 951 2722 cum
965 2700 1031 2731 quo
1047 2689 1155 2730 possit
1168 2689 1328 2730 praeliari,
1350 2689 1411 2721 sed
1427 2689 1548 2723 frustra
1562 2702 1572 2730 ς

873 2750 952 2772 nam
965 2745 1074 2771 morte
1098 2739 1340 2780 praevenietur,
1362 2745 1399 2772 et
1422 2741 1572 2773 immola-

875 2790 978 2822 bitur.
999 2788 1246 2830 [Scboenborn.
1258 2791 1290 2821 2.
1303 2789 1464 2832 destinet-J

919 2843 940 2871 ὓ
958 2838 1081 2880 Inficiee
1103 2837 1177 2879 tibi]
1197 2838 1319 2879 'ringet
1347 2838 1422 2875 tibi,
1448 2839 1481 2872 id
1506 2845 1572 2880 est,
