1982 3230
422 297 528 338 1166

887 309 928 345 Q.
961 305 1164 335 HoRA'rll
1199 305 1370 336 mace!

415 404 426 422 ‘
444 401 564 440 Tene
586 400 723 451 magis
744 380 910 439 salvum
933 397 1124 450 populus
1145 395 1259 444 velit,
1278 408 1330 436 un
1350 396 1558 449 populum
1577 399 1638 444 tu,

415 465 565 506 Sei-vet
584 465 626 504 in
648 465 866 516 ambiguo,
888 463 962 516 qui
984 462 1173 503 consulit
1193 466 1239 501 et
1258 461 1334 503 tibi
1357 471 1402 502 et
1422 462 1535 510 urbi,

414 530 590 583 Jupiter
603 530 627 571 ε’
658 529 846 581 Augusti
866 528 1019 569 laudes
1039 539 1266 578 agnoscere
1287 528 1446 580 possis.

416 595 526 635 Cum
546 596 703 648 pateris
725 595 901 647 sapiens
921 593 1260 645 emendatusque
1281 595 1444 642 vocari,

1778 590 1836 630 :30

415 659 733 713 Respondesne
753 664 846 709 tuo,
865 660 936 701 dic
959 659 1103 706 sodes,
1125 659 1293 699 nomine
1307 659 1326 698 'l
1382 658 1417 706 ῚῙ
1442 658 1613 711 Nempe

416 725 497 766 Vir
515 727 655 766 bonus
675 730 717 766 et
737 725 924 778 prudens
944 725 1032 765 dici
1052 723 1242 764 delector
1260 735 1339 775 ego
1361 736 1413 763 ac
1435 727 1494 764 tu.

415 789 450 837 ἿῘ
474 790 562 840 Qui
585 791 705 831 dedit
724 791 805 831 hoc
827 790 972 839 hodie,
994 801 1106 838 craS,
1128 789 1166 828 si
1187 788 1317 837 volet,
1339 788 1527 839 auferet3
1557 791 1604 828 ut
1625 788 1663 828 si

418 857 632 896 Detulerit
650 857 794 897 fasces
815 855 1005 907 indigno,
1027 853 1224 894 detrahet
1242 853 1370 894 idem.

415 921 553 970 Pone,
574 934 719 961 meum
737 925 818 968 est,
838 921 1004 974 inquit:
1035 932 1168 972 pono,
1187 919 1411 972 tristisque
1431 918 1599 959 recedo.

416 985 540 1026 Idem
559 986 597 1026 si
619 986 780 1026 clamet
800 986 951 1035 furem,
969 989 1094 1038 neget
1114 997 1214 1026 esse
1232 984 1455 1037 pudicum,

412 1115 465 1154 qui
481 1118 510 1145 te
522 1115 683 1154 urbemque
698 1115 816 1153 diligit,
825 1116 976 1145 incertum
987 1125 1103 1154 semper
1119 1118 1230 1150 teneat,
1246 1118 1347 1145 utrum
1361 1116 1486 1154 populus
1501 1118 1531 1145 te
1542 1115 1643 1153 magis
1653 1118 1775 1154 exoptet
1790 1115 1838 1145 in-

413 1157 568 1193 columem,
582 1165 622 1185 an
637 1159 671 1185 tu
683 1157 846 1195 populum.-
868 1157 1012 1194 numquid
1027 1157 1197 1189 discernere
1206 1156 1320 1194 poteris
1329 1155 1468 1193 Augusti
1483 1154 1710 1186 laudationem?
1733 1155 1839 1190 Quan-

414 1197 452 1225 do
467 1204 537 1226 vero
551 1196 630 1226 sinis
643 1199 674 1226 te
687 1196 834 1234 appellari
847 1197 1015 1235 sapientem
1035 1200 1066 1226 et
1084 1197 1263 1234 perfectum,
1276 1205 1378 1235 quoeso
1391 1196 1454 1234 dic,
1466 1206 1506 1227 an
1525 1197 1684 1235 respondes
1696 1196 1765 1226 huic
1778 1200 1840 1226 tuae

414 1235 634 1276 appellationi?
677 1236 802 1267 Scilicet
816 1246 872 1275 ego
885 1237 996 1275 probus
1009 1239 1039 1267 et
1053 1237 1174 1275 sapiens
1187 1237 1290 1267 vocari
1300 1238 1431 1275 gaudeo,
1446 1240 1477 1267 et
1487 1240 1522 1267 tu
1536 1237 1686 1268 similiter.
1728 1237 1841 1268 Verum

413 1278 467 1316 qui
480 1278 568 1308 hodie
582 1277 691 1308 tribuit
704 1278 789 1307 istud
803 1278 949 1315 elogium,
970 1277 1036 1316 ipse
1049 1287 1118 1307 cras
1132 1277 1254 1316 eripiet,
1267 1278 1294 1306 si
1309 1278 1390 1307 lubet
1399 1287 1412 1312 ,·
1433 1282 1463 1307 ee
1477 1278 1563 1316 qumi
1583 1277 1735 1308 immrito
1748 1277 1842 1308 hono-

413 1327 478 1348 rem
499 1318 657 1356 detulerit,
670 1318 796 1348 adimet.
843 1318 982 1357 Depone,
998 1318 1044 1348 ait
1055 1318 1194 1356 populus,
1208 1318 1287 1355 quod
1299 1326 1395 1347 meum
1409 1321 1466 1347 est.
1510 1319 1650 1357 Depmno,
1673 1328 1709 1349 ac
1722 1322 1844 1350 moeneu·

415 1359 498 1390 abeo.
543 1359 581 1390 Si
592 1362 694 1390 autem
708 1358 882 1398 ipsejurem
893 1368 940 1389 me
953 1362 1007 1388 aut
1020 1357 1203 1397 impudicum
1217 1362 1312 1397 vocet,
1327 1359 1375 1389 vel
1385 1361 1503 1398 patrem
1516 1368 1536 1388 α
1556 1368 1603 1389 me
1615 1360 1842 1398 strangulatum

1013 1469 1247 1481 eeeeeeeeeee

415 1557 678 1587 demulceam—2⁷
702 1556 782 1586 Tene
807 1555 906 1594 magis
930 1564 1036 1585 sanum
1059 1555 1287 1586 Schoenborn.
1308 1557 1339 1585 2.
1362 1558 1414 1586 aut
1435 1555 1560 1594 populus
1575 1555 1751 1586 Bai-hetin.
1770 1558 1842 1587 1.-

415 1601 457 1629 28
471 1598 582 1629 Servut
600 1597 677 1628 Vat.
694 1597 806 1627 Palat.
822 1599 851 1627 3.
868 1607 886 1627 a
902 1606 944 1627 m.
961 1605 1029 1627 see.
1042 1598 1177 1627 consulet
1193 1605 1275 1626 unus
1292 1596 1456 1627 Van—29
1472 1596 1648 1628 Barberin.
1661 1599 1694 1627 2.
1715 1606 1841 1635 eognos-

414 1649 505 1675 cere,·
527 1644 562 1669 et
582 1639 629 1669 ita
650 1639 849 1678 Porpliyrio.
894 1637 1073 1678 Bamberg.
1093 1640 1289 1677 possem—30
1314 1638 1392 1668 Cum
1405 1637 1511 1676 cupias
1537 1638 1630 1669 Harl.
1645 1640 1675 1668 8.
1689 1641 1722 1668 4.
1745 1639 1842 1670 Gott.

419 1681 502 1711 Exc.
518 1681 594 1710 Sax.
610 1689 693 1710 uuus
718 1689 771 1720 ap.
787 1680 864 1710 Bos.
880 1679 1106 1710 Schoenborn.
1121 1682 1153 1709 4.
1167 1679 1288 1718 aliique
1303 1678 1402 1710 codd.
1419 1688 1474 1717 ap.
1490 1679 1604 1710 Feam.
1650 1679 1728 1710 Cum
1741 1680 1843 1719 cupies

419 1721 570 1751 nonnulli
585 1720 683 1750 codd.
699 1730 751 1757 ap.
769 1721 881 1756 Feam,
897 1719 1012 1750 Zarot.
1027 1725 1063 1750 et
1077 1720 1157 1750 Vct.
1175 1720 1290 1750 Comi».
1321 1721 1365 1750 Et
1378 1721 1483 1760 cupias
1496 1721 1575 1751 Vat.
1592 1720 1702 1751 Paiat.
1717 1723 1750 1752 4.
1773 1721 1842 1751 An-

416 1762 513 1798 gelic.
535 1763 767 1800 emendatusque
781 1761 882 1791 videri
904 1761 1128 1791 Sclioenborn.
1143 1762 1175 1791 4.
1199 1761 1280 1790 Vet.
1295 1761 1414 1791 Comi».
1438 1766 1474 1791 et
1493 1761 1572 1792 Ald.
1589 1764 1767 1793 woh—32
1788 1763 1843 1792 Vir

417 1803 446 1834 b.
461 1812 496 1833 ac
517 1803 647 1841 prudens
666 1802 759 1832 Harl.
771 1805 802 1832 2.
825 1807 861 1832 et
880 1802 960 1831 Vet.
976 1801 1093 1832 Comb.
1114 1804 1145 1831 et
1166 1802 1288 1840 sapiens
1309 1801 1403 1832 Harl.
1419 1804 1450 1832 3.
1464 1804 1496 1832 4.
1519 1807 1554 1833 et
1569 1802 1797 1834 Sclioenborn.
1811 1805 1840 1835 2.

416 1854 458 1874 ex
476 1853 571 1874 vei-su
587 1846 639 1874 73.
684 1844 784 1874 Baxt.
802 1842 907 1873 Gesn.
924 1843 1061 1881 Bipont.
1080 1842 1202 1881 aliique
1218 1842 1367 1872 nonnulli
1390 1842 1525 1881 legunt:
1548 1843 1691 1873 delector.
1733 1845 1758 1880 ql
1773 1845 1843 1882 Ego

417 1895 453 1914 ac
474 1888 521 1921 tu,
541 1884 618 1921 Qui,
639 1886 776 1922 &feu—33
799 1884 880 1913 Vat.
898 1883 995 1913 Rom.
1010 1885 1041 1913 9.
1063 1893 1082 1913 a
1098 1892 1141 1913 m.
1164 1892 1232 1913 sec.
1247 1887 1283 1913 et
1297 1883 1374 1912 Vat.
1390 1883 1502 1914 Palat.
1517 1886 1548 1914 4.
1570 1883 1701 1922 auferet,
1713 1888 1747 1915 nt
1760 1885 1840 1916 si.—

419 1928 458 1956 34
481 1924 711 1955 Schoenborn.
726 1927 758 1954 2.
782 1924 860 1954 Vat.
875 1926 906 1954 7.
922 1928 958 1954 et
976 1924 1056 1954 Vat.
1073 1924 1168 1954 Rom.
1185 1926 1216 1953 5.
1239 1923 1392 1954 detrahat.
1437 1924 1583 1954 Chisian.
1598 1928 1629 1955 6.
1644 1927 1674 1955 6.
1689 1930 1724 1955 et
1739 1926 1844 1956 Valli-

419 1967 482 1997 cel.
491 1968 521 1997 3.
535 1965 766 1996 ‹lamma—35
782 1965 864 1994 Pone
879 1973 987 2003 meum,
1000 1964 1102 2004 inquit
1115 1964 1342 1995 Schoenboru.
1354 1966 1386 1995 2.
1399 1966 1429 1995 3.
1449 1965 1606 2004 tristisque
1620 1967 1761 1996 recordor
1777 1967 1844 1997 dno

1065 2072 1200 2104 NOTAE

462 2149 501 2178 2⁷
527 2146 607 2178 Tene
624 2147 723 2186 magis
743 2148 871 2186 salvum,
884 2147 952 2187 ssa]
977 2145 1024 2177 Hi
1039 2145 1106 2177 duo

420 2205 537 2228 versus
565 2195 617 2225 vel
647 2205 666 2225 a
688 2195 777 2225 Varo
803 2195 911 2226 aliove
938 2194 1043 2226 Poeta
1071 2194 1106 2225 in

420 2245 554 2276 laudern
576 2243 722 2283 Augusti
752 2243 870 2283 scripti
896 2242 1041 2282 fuerant,
1065 2252 1105 2274 ac

422 2295 514 2326 velut
524 2294 594 2325 noti
608 2294 663 2324 hic
680 2292 889 2324 referuntur:
907 2293 960 2323 vel
977 2292 1019 2323 ab
1032 2293 1106 2332 ipso

422 2343 566 2374 Horatio
581 2341 664 2374 facti
683 2342 744 2373 sub
762 2342 862 2372 tertia
885 2350 1028 2381 persona
1050 2341 1106 2372 ad-

422 2391 590 2422 hibentur.

463 2443 505 2471 29
528 2438 662 2479 Augusti
686 2439 790 2469 laudes
808 2448 971 2478 agnoscere
995 2437 1107 2477 possis]

424 2490 475 2519 An
492 2488 555 2520 tibi
570 2488 670 2519 stulte
687 2488 848 2518 attribues
864 2487 952 2528 quod
974 2487 1015 2518 ad
1038 2486 1107 2518 Au-

423 2541 554 2576 gustum
577 2535 727 2567 noscitur
748 2537 942 2576 pertinere:
968 2545 1008 2566 an
1032 2545 1108 2575 cog-

422 2594 539 2615 nosces
555 2594 621 2616 non
634 2584 675 2615 ad
689 2590 736 2625 te,
749 2585 808 2616 sed
825 2585 866 2616 ad
882 2585 988 2626 ipsum
1006 2585 1108 2625 scrip-

425 2640 476 2666 tas
493 2644 548 2665 eas
563 2635 699 2666 laudes?

466 2685 507 2713 30
535 2683 738 2723 Emendatus]
762 2683 862 2714 vitiis
878 2693 1005 2715 carens-

465 2735 504 2763 31
531 2732 677 2772 Nomine]
714 2733 783 2763 Pro
806 2733 937 2765 nomini.-
959 2738 997 2765 ut
1023 2733 1107 2765 bene

425 2779 580 2812 observat
594 2780 781 2812 Marcilins.

1202 2147 1240 2176 31
1259 2145 1374 2185 Nempe
1391 2144 1449 2176 Vir
1462 2143 1641 2184 bonus,&c.]
1656 2146 1843 2185 Responsio

1158 2198 1212 2225 est
1226 2193 1370 2230 Quintil,
1386 2203 1484 2234 quam
1507 2202 1582 2223 mox
1605 2193 1767 2225 Horatius
1790 2204 1842 2226 re-

1157 2243 1260 2274 fellit.

1199 2295 1240 2324 32
1251 2292 1396 2323 Delector
1410 2301 1464 2330 ego
1478 2301 1512 2322 ac
1528 2292 1575 2332 tu]
1592 2292 1661 2323 Cic.
1677 2291 1801 2332 Philip.
1817 2301 1842 2324 ι.

1159 2350 1191 2373 n.
1208 2344 1259 2372 57.
1276 2342 1286 2358 ‘
1303 2341 1401 2371 Levis
1416 2345 1468 2370 est
1486 2340 1585 2370 animi
1606 2341 1714 2372 lucem
1730 2342 1843 2381 splen-

1159 2390 1337 2430 doremque
1361 2388 1532 2428 fugientis,
1554 2398 1667 2420 verani
1693 2390 1844 2430 gloriam,

1159 2438 1216 2480 qni
1238 2437 1370 2470 fructus
1393 2448 1480 2470 verae
1503 2443 1556 2470 est
1579 2438 1723 2480 virtutis,
1745 2449 1843 2480 repu-

1161 2487 1277 2518 ἀίει-ε]

1202 2538 1241 2566 33
1268 2534 1330 2570 Qui
1359 2535 1445 2566 dedit
1472 2535 1526 2566 hoc
1555 2535 1653 2575 hodie,
1672 2544 1751 2571 ems,
1771 2536 1842 2576 ξω]

1161 2587 1308 2627 Populus
1334 2595 1454 2626 nempe
1479 2586 1670 2616 inconstans
1690 2590 1725 2616 et
1748 2585 1843 2619 levis.

1161 2635 1286 2666 Verum
1302 2639 1340 2666 ut
1356 2635 1461 2666 bonus
1483 2639 1519 2665 et
1538 2634 1670 2674 sapiens
1686 2634 1762 2666 talis
1778 2639 1841 2674 est,

1161 2683 1309 2725 quamvis
1330 2693 1349 2715 a
1371 2683 1494 2724 populo
1521 2691 1585 2713 non
1619 2682 1762 2722 dicatur,
1793 2683 1841 2714 sie

1160 2733 1216 2774 qui
1238 2742 1303 2763 non
1326 2736 1389 2771 est,
1415 2731 1490 2762 talis
1513 2739 1578 2762 non
1603 2729 1656 2771 fit,
1684 2731 1763 2762 licet
1791 2731 1840 2762 di·

1161 2786 1268 2812 catur.
