1916 3262
449 284 654 318 HoRA'rn
687 284 961 316 cARmer
996 286 1093 316 mn.
1125 286 1199 317 111.
1229 276 1270 316 5.

131 378 281 420 [Volture
292 380 327 412 ιἰι
341 381 447 413 abdito
460 379 562 412 codd.
578 387 634 420 ap.
645 377 786 417 sueth]

178 430 236 471 [10
258 428 715 472 numburg.1··mim1²u11ioe;
738 426 829 459 unde

132 478 257 519 beck,
271 480 422 522 Publia]

176 531 215 560 ll
239 529 366 566 Somnio,
380 529 448 570 qux]
457 527 596 560 Scilicet
611 526 752 566 victum,
770 536 830 568 op·

133 587 355 619 pressumque
371 582 408 610 et
421 577 510 609 humi
529 580 684 608 stratum.
710 577 806 617 Cruq.

176 631 217 660 14
237 627 454 668 Acherontioe]
467 626 672 660 Acherontis
685 632 737 658 est
749 628 829 659 urbs

130 676 292 709 Lucaniae
309 677 488 709 admodum
505 686 620 718 parva,
635 677 667 708 in
682 677 827 708 sublimi-

131 731 204 758 tate
219 727 342 759 montis
359 727 478 768 posita,
494 726 637 767 ideoque
654 736 730 758 eam
751 727 829 758 nido

130 782 307 818 compar-t
329 787 338 808 ε
372 776 438 815 vel,
460 785 522 816 per
548 776 666 808 nidum
692 777 828 808 domum

129 827 301 867 propriam
316 825 496 866 significat.

171 877 212 907 16
233 874 400 916 Saltusque
413 875 587 916 Bantinos]
617 875 676 907 Sic
691 875 828 917 quidem

127 924 213 956 Mas.
241 929 278 956 et
306 925 460 956 nonnulli
487 925 592 956 eiiam
616 924 708 965 typis
734 925 829 956 editi.

126 974 204 1006 Nec
219 974 400 1016 displicet:
425 984 502 1006 nam
521 979 558 1006 et
576 975 663 1007 Plin.
692 983 749 1006 111.
776 977 827 1008 11.

125 1026 296 1059 Bantinos
315 1026 408 1057 inter
429 1026 641 1057 Lucanorum
665 1025 828 1057 mediter-

127 1084 230 1107 ranea
246 1076 395 1107 collocat
407 1086 418 1114 5
432 1082 469 1107 et
480 1075 640 1107 Bantiam
657 1075 776 1107 urbem
793 1075 827 1108 in

126 1123 264 1165 Apulia
277 1124 415 1163 finibus,
432 1124 525 1156 inter
540 1134 640 1166 quam
659 1130 695 1156 et
711 1125 827 1157 Venu-

127 1173 212 1210 siam
227 1183 335 1206 caesus
347 1174 424 1204 olim
441 1183 484 1205 ex
497 1174 626 1206 insidiis
642 1174 827 1208 Marcellus

126 1224 255 1255 consul.
285 1224 402 1256 Livius
432 1225 491 1256 lib.
523 1233 646 1256 xxvu.
682 1225 825 1258 Ten-rent.

126 1272 196 1304 Alii
210 1274 330 1315 legunt
346 1275 496 1306 Batinna.
542 1274 670 1306 Batina
692 1280 746 1307 est
766 1285 824 1316 op-

124 1323 242 1363 pidum
261 1323 394 1364 Apuliae
411 1323 547 1364 pascuis
563 1323 752 1356 abundans.

168 1375 211 1404 16
232 1372 375 1403 Humilis
389 1371 536 1410 Ferenti]
571 1372 754 1403 Ferentum
769 1376 823 1404 est

123 1420 204 1452 urbs
219 1421 255 1452 in
269 1420 387 1451 humili
409 1426 446 1451 et
469 1419 635 1460 depressa
650 1421 738 1452 valle
763 1430 822 1462 po-

122 1469 201 1503 sita.
245 1469 397 1510 [Furenti
411 1468 613 1510 Bamberg.]

165 1523 205 1552 17
233 1521 278 1552 Ut
305 1523 372 1552 tuto
398 1520 439 1552 ab
466 1520 562 1560 atris]
609 1520 821 1553 Admirabile

121 1569 327 1611 praesagium
350 1569 520 1608 omnibus,
544 1579 610 1611 quo
627 1576 730 1611 pacto
746 1571 822 1602 dor-

119 1620 238 1652 mirem
253 1629 397 1660 corpore
413 1623 499 1656 tuto.
514 1619 576 1651 ὅτε.

163 1671 204 1701 18
230 1669 273 1701 Ue
296 1678 454 1710 premerer
475 1669 580 1710 sacra]
618 1669 719 1703 Quod
746 1679 822 1710 pre·

121 1727 231 1751 morer
245 1719 342 1751 lauro
353 1729 462 1759 sacra,
478 1719 513 1752 id
528 1726 592 1758 est,
608 1720 702 1750 lauro
717 1718 822 1760 Apol·

118 1767 178 1800 lini
193 1768 321 1808 dicata,
339 1779 414 1810 quae
439 1769 578 1809 quidem
603 1768 718 1799 laurus
735 1778 821 1808 prae·

121 1818 286 1858 ugiebni,
301 1828 378 1850 enm
398 1817 550 1850 futurum
567 1817 723 1848 Pei-itam.

165 1870 206 1898 19
244 1868 426 1907 Conatoque
462 1865 588 1907 Myr-eo]
631 1866 678 1896 Et
710 1870 821 1906 myrto

120 1921 332 1957 comportata
347 1925 368 1947 a
380 1915 606 1956 pnfflmbibus,
616 1925 692 1957 quae
710 1916 820 1946 Vene-

119 1967 163 1997 ri*
175 1971 397 2005 consecratu
420 1965 632 2007 significsbat
661 1974 738 1996 eum
769 1975 820 1997 res

122 2015 305 2047 amatorias
321 2019 358 2046 et
373 2015 480 2056 lyrica
496 2019 724 2047 cantaturum.

160 2065 204 2094 20
227 2063 303 2094 Nou
316 2064 386 2095 sine
400 2063 477 2104 Dis]
500 2064 577 2095 Non
594 2063 667 2094 sine
684 2068 819 2103 protec-

119 2112 211 2144 tione
227 2112 381 2150 Deorum
397 2122 497 2144 sanus
510 2117 547 2144 et
562 2113 706 2152 integer.
729 2113 817 2145 Haec

118 2161 208 2202 grati
223 2165 276 2193 est
291 2162 394 2193 animi
410 2161 615 2203 significatio
629 2172 638 2193 :
664 2163 818 2203 agnoscit

117 2211 206 2243 enim
220 2220 257 2243 se
267 2210 430 2244 infantem
441 2212 593 2252 pericula
609 2217 818 2253 serpentum,

115 2259 347 2303 ferarumque,
363 2262 510 2293 evasisse
533 2261 700 2294 beneficio
715 2262 818 2304 Apol·

117 2310 196 2343 lini·
220 2316 258 2343 et
286 2312 472 2344 Musarum.
506 2312 602 2352 Cruq.
656 2313 731 2345 Non
750 2313 817 2348 sine

119 2359 209 2401 Dis]
232 2360 311 2392 Non
338 2361 412 2392 sine
440 2360 555 2392 divino
585 2362 722 2392 numine
751 2371 817 2403 ego

119 2408 232 2442 infans
250 2410 454 2451 impavidus.
511 2410 678 2441 Animosne
695 2411 815 2453 insons]

121 2458 190 2490 Qui
218 2467 286 2498 nou
316 2462 478 2496 terrerer,
514 2467 624 2499 neque
658 2459 700 2491 ab
730 2462 817 2492 ursis

120 2516 233 2549 neque
248 2516 269 2538 a
285 2507 421 2548 viperis.
444 2507 590 2539 Lambin.
715 2509 718 2513 '

163 2559 202 2588 21
233 2557 350 2598 Vester,
364 2557 533 2597 Camoenae]
549 2557 750 2599 Ubicunque
763 2559 815 2591 fu·

120 2616 192 2647 ero,
206 2617 227 2638 o
244 2607 429 2643 Camoenae,
442 2611 555 2638 vester
566 2616 650 2638 sum.
691 2609 818 2640 Arduos

119 2656 267 2698 Sabinos]
291 2656 429 2697 Arduos,
450 2661 489 2688 nt
510 2656 641 2696 opinor,
659 2662 760 2689 vocat
773 2659 816 2689 si·

121 2713 177 2739 tus
213 2708 358 2746 ratione,
395 2706 484 2749 quod
514 2707 621 2738 Roma
642 2707 724 2739 illuc
751 2708 817 2739 iter

120 2757 318 2789 tenentibus
335 2756 607 2788 adscendendum
620 2756 675 2788 sit.

162 2810 204 2839 22
231 2808 332 2838 Toum·
347 2806 493 2846 Sabinos]
509 2806 549 2838 In
560 2811 690 2839 montes
704 2807 816 2839 excel-

204 2861 318 2900 Delph.
334 2865 366 2892 et
386 2861 460 2891 Var.
476 2861 564 2892 Clas.

790 2859 908 2890 Horat.

1471 279 1583 321 1441

881 386 936 408 sos
965 375 1090 408 Sabini
1119 377 1234 408 vehor.
1279 376 1467 417 Frigidum]
1504 380 1583 413 Non

879 426 958 458 ideo
972 425 1146 467 frigidum,
1163 426 1242 467 quia
1255 426 1437 459 Praeneste
1447 427 1479 457 in
1491 437 1587 459 mon.

879 481 916 508 te
941 476 1087 516 positum
1112 481 1178 516 est,
1202 475 1262 507 sed
1285 480 1429 517 propter
1447 476 1586 516 frigidas

879 535 986 567 aquas
1003 525 1048 557 ibi
1073 535 1092 557 e
1113 524 1266 558 fontibus
1294 525 1518 567 profluentes,
1541 528 1585 559 ad

881 576 992 606 varios
1008 576 1146 607 morbos
1161 576 1340 609 'salutm-es.

921 628 964 657 23
986 626 1150 658 Proenesee
1158 627 1334 667 frigidum]
1359 627 1440 669 Ipso
1460 637 1584 671 nempe

879 675 1070 707 sitnminus
1090 677 1275 708 obnoxium
1302 678 1482 710 caloribus.
1528 680 1584 711 De

877 733 945 765 qua
961 726 1046 756 urbe
1066 725 1283 766 Stephanus:
1307 726 1509 766 Πραίνεστος,
1532 728 1582 759 ἰιι-

881 775 966 816 quit,
979 774 1074 806 πόλις
1087 774 1224 807 Ἰταλίας
1245 776 1307 808 ἀπὸ
1321 775 1514 817 Πραινέστου
1526 779 1583 809 τοῦ

878 825 1012 858 Λατίνου
1025 827 1082 857 τοῦ
1095 825 1272 858 Ὀδυσσέως
1296 826 1347 858 καὶ
1370 826 1486 868 Κίρκης
1504 827 1582 859 υἱοῦ.

879 876 1036 908 Dicimus
1053 877 1063 894 ⁴
1076 876 1273 908 Praeneste'
1289 883 1326 908 et
1346 877 1356 894 ‘
1367 876 1583 916 Praenestis‚'

880 926 960 958 urbs
978 927 1139 959 Fortunae
1159 928 1287 968 templo
1309 927 1473 968 imprimis
1487 928 1583 959 nobi·

878 976 933 1016 lis,
945 986 985 1008 ac
996 977 1064 1008 situ
1079 978 1154 1018 ipso
1166 978 1267 1016 longe
1283 975 1478 1009 fortissima.
1505 977 1582 1008 Tor-

877 1030 958 1058 rent.
1002 1027 1172 1068 Supinum]
1217 1026 1257 1058 In
1284 1036 1429 1058 ascensu
1452 1028 1579 1060 montis

879 1077 1115 1108 constitutum.

921 1128 962 1157 24
986 1126 1132 1166 Liquidoe
1153 1125 1262 1166 Baioe]
1298 1125 1377 1157 Non
1394 1130 1463 1158 tam
1479 1136 1581 1167 prop-

879 1178 933 1206 ter
959 1184 1062 1216 aquas
1086 1175 1225 1214 calidas,
1250 1185 1349 1216 quum
1367 1181 1510 1216 propter
1526 1177 1581 1208 ae-

879 1232 950 1255 rem
967 1225 1101 1255 mollem
1118 1234 1158 1255 ac
1176 1234 1310 1266 purum,
1334 1234 1400 1266 quo
1415 1226 1509 1257 locus
1523 1227 1580 1259 ille

878 1273 1053 1313 praecipne
1075 1274 1346 1306 commendatur.
1369 1276 1379 1292 ‘
1395 1275 1520 1307 Nullus
1546 1278 1581 1308 in

877 1323 960 1354 orbe
987 1324 1081 1355 locus
1109 1324 1203 1354 Baiis
1229 1325 1392 1364 praelucet
1419 1327 1581 1357 amoenis!

880 1371 1025 1404 Torrent.
1047 1373 1193 1413 Liqaaeidae
1206 1375 1348 1412 placuere
1364 1375 1472 1416 Baiae]
1483 1375 1578 1407 Baiae

875 1426 927 1452 est
949 1420 1029 1452 urbs
1045 1422 1253 1463 campanias,
1271 1424 1366 1465 aquis
1382 1425 1502 1456 calidis
1519 1435 1577 1457 no-

875 1469 1023 1503 bilitata.

915 1522 958 1552 25
979 1520 1122 1552 Amicum
1132 1521 1281 1559 fontibus
1291 1525 1323 1552 et
1337 1523 1456 1564 choris]
1481 1524 1578 1556 Ordo

874 1575 947 1602 est:
974 1571 1032 1602 Me
1058 1571 1202 1603 amicum
1229 1572 1351 1603 vesu-is
1371 1571 1524 1606 fontibus
1541 1580 1578 1606 et

872 1621 984 1652 choris
1011 1631 1076 1653 non
1102 1622 1253 1654 extinxit
1286 1623 1456 1664 Philippis
1485 1626 1576 1657 acies

873 1679 971 1702 versa
987 1676 1094 1711 retro,
1111 1681 1178 1702 non
1195 1671 1307 1707 arbos,
1325 1674 1390 1703 διο.
1436 1673 1515 1705 Vid.
1536 1683 1577 1706 ιι.

873 1720 942 1752 od.
959 1723 990 1752 7.

915 1772 958 1800 26
982 1769 1144 1809 Philippis
1164 1779 1253 1801 versu
1275 1771 1357 1802 acies
1370 1770 1471 1810 retro]
1497 1771 1578 1803 Phi-

872 1817 958 1858 lippi
974 1822 1028 1849 est
1051 1818 1131 1849 urbs
1150 1819 1186 1850 iu
1209 1820 1364 1858 Thracia,
1385 1820 1442 1851 ubi
1459 1830 1576 1852 versus

872 1871 948 1898 erat
964 1866 996 1898 in
1013 1866 1129 1908 fugam
1147 1868 1249 1899 Bruti
1270 1875 1307 1900 et
1319 1868 1428 1900 Cassii
1443 1871 1576 1902 exerci-

873 1920 939 1951 tus,
956 1916 990 1946 in
1011 1925 1076 1958 quo
1098 1917 1199 1948 Bello
1223 1918 1390 1950 Horatius
1413 1924 1488 1951 erat
1503 1919 1576 1951 Tri·

871 1964 982 1996 bunus
998 1965 1156 1997 militum.

912 2017 953 2046 27
978 2015 1119 2055 Decota]
1143 2014 1256 2047 Arbor
1280 2017 1459 2050 scelerata.
1484 2019 1574 2051 Vide

869 2073 910 2096 ιι.
930 2064 1000 2096 Od.
1018 2067 1071 2096 12.
1088 2070 1123 2095 et
1141 2064 1192 2096 172

911 2116 954 2144 28
975 2112 1083 2145 Sicula
1098 2114 1288 2156 Palinurus]
1320 2116 1478 2149 Lucaniae
1499 2127 1574 2158 pro-

867 2163 1072 2194 montorium
1102 2172 1211 2204 prope
1236 2164 1371 2197 Veliam
1398 2167 1574 2207 oppidum.

868 2213 955 2246 Quae
981 2214 1058 2244 loca
1082 2213 1191 2253 (teste
1218 2213 1333 2246 Plinio
1353 2224 1408 2248 ιιι.
1425 2216 1476 2258 5.)
1493 2218 1573 2259 quia

868 2266 948 2294 ante
977 2263 1132 2294 Lucanos
1162 2262 1268 2294 Siculi
1302 2264 1382 2294 olim
1415 2269 1570 2302 tenuere,

866 2311 957 2350 hinc,
972 2311 1136 2352 :ii-fanu,
1149 2308 1260 2344 Sicula
1284 2315 1367 2345 unda
1391 2315 1446 2346 hic
1464 2315 1570 2348 addit.

870 2361 1014 2393 Torreut.
1057 2362 1232 2393 Palinurus
1242 2363 1340 2404 unda]
1365 2364 1571 2396 Promonto-

866 2410 951 2441 rium
982 2411 1156 2446 Lucaniae‚
1191 2411 1240 2443 sic
1269 2412 1524 2445 denominatum
1550 2425 1570 2444 a

867 2461 1031 2492 Palinuro
1061 2460 1155 2491 navis
1185 2459 1298 2492 AEneae
1327 2461 1570 2501 gubernatore,

866 2509 925 2541 ubi
942 2509 1103 2540 Horatius
1132 2510 1166 2540 iu
1192 2518 1322 2549 summo
1346 2510 1501 2550 periculo
1517 2516 1570 2541 est

867 2564 1020 2590 versatus
1048 2568 1152 2599 quum
1181 2546 1339 2590 effi'bello
1355 2559 1568 2600 Philippensi

866 2608 899 2639 in
914 2607 1050 2639 ltaliam
1067 2607 1208 2639 rediret.

907 2661 950 2689 29
977 2657 1157 2697 Utcunque]
1174 2657 1469 2699 Quandocunque.

907 2710 949 2738 30
979 2707 1187 2738 Insanientem
1214 2707 1325 2738 navita
1354 2707 1566 2748 Bosphorum]

864 2757 961 2788 Mare
976 2756 1188 2797 Bosphorum
1206 2761 1400 2788 aestuosum.
1426 2756 1505 2788 Vid.
1520 2765 1563 2789 ιι.
1614 2780 1618 2783 -

870 2806 939 2839 Od.
956 2810 1007 2839 13.
1023 2811 1059 2838 et
1070 2809 1123 2838 20.

1402 2861 1422 2889 4
1446 2859 1479 2890 Y
