1982 3230
422 291 531 332 1188
893 304 936 341 Q.
968 302 1174 333 nonA'rn
1211 304 1379 336 FLAcm

419 393 503 433 Vel
523 406 652 434 cursu
673 406 876 446 superare
898 406 1048 434 canem
1067 390 1151 434 vel'
1163 395 1329 436 viribus
1351 409 1509 448 aprum-

421 459 599 500 Possis:
630 460 754 508 adde,
775 460 916 500 virilia
932 460 1045 511 quod
1068 462 1313 512 speciosius
1333 474 1453 502 arma

418 524 523 565 Non
542 530 610 565 est
629 526 700 577 qui
723 528 896 573 tractet3
927 525 1016 565 scis
1037 539 1123 577 quo
1142 526 1333 567 clamore
1354 539 1530 570 coronae

420 590 582 632 Praelia
604 592 819 631 sustineas
841 592 1124 644 campestria:
1158 592 1340 646 denique
1362 606 1524 634 saevam

420 656 627 697 Militiam
648 669 754 710 puer
774 661 818 697 et
838 655 1102 697 Cantabrica
1124 657 1239 697 bella
1258 658 1396 698 tulisti
1788 659 1844 703 55

419 722 510 763 Sub
531 722 655 770 duce,
678 723 752 775 qui
772 723 947 775 templis
969 723 1227 764 Parthorum
1248 725 1368 776 signa
1387 724 1523 776 refigit

419 787 562 836 Nunc,
581 793 641 836 et,
663 788 700 827 si
717 787 820 840 quid
841 789 980 836 abest,
1003 788 1130 828 Italis
1150 788 1372 841 adjudicat
1391 791 1531 830 armis.

418 851 488 894 Ac
508 867 560 894 ne
581 857 621 894 te
644 854 837 895 retrahas
858 859 902 894 et
922 854 1234 894 inexcusabilis
1254 855 1416 903 abstes,

418 994 550 1025 maxime
572 1005 640 1026 cum
653 997 697 1027 sis
712 997 840 1034 validus,
854 1000 884 1027 et
898 1005 991 1036 queas
1005 1006 1111 1027 canem
1125 1005 1225 1033 cursu,
1248 996 1365 1027 viribus
1386 1006 1493 1036 aprum
1514 997 1649 1028 νίκαν-ες
1674 997 1752 1028 adde
1764 997 1842 1036 quod

418 1043 503 1066 nemo
517 1040 564 1067 est
578 1037 630 1076 qui
645 1038 802 1068 decentius
822 1042 934 1069 tractet
955 1047 1042 1068 arma
1056 1039 1133 1068 viris
1147 1043 1231 1077 apta.
1277 1038 1372 1068 Nosti
1391 1038 1498 1077 quibus
1512 1039 1775 1070 circumstantium
1791 1048 1842 1068 ac·

416 1076 647 1108 clamationibus
661 1079 748 1109 abeas
762 1080 997 1110 exercitationes
1009 1080 1107 1118 campi
1123 1079 1249 1110 Martii.
1292 1079 1423 1110 Demum
1445 1082 1480 1110 tu
1496 1079 1622 1117 jutenis
1636 1080 1745 1111 duram
1759 1079 1842 1110 mili-

416 1117 494 1147 tiam
508 1122 537 1149 et
565 1119 751 1150 Cantabrica
766 1121 932 1150 certamina
947 1121 1106 1157 confecisti
1130 1121 1184 1151 sub
1213 1121 1413 1160 Imperatore,
1437 1121 1489 1160 qui
1513 1121 1703 1152 Parthorum
1721 1121 1841 1160 templis

415 1158 542 1189 abstulit
557 1161 670 1191 uexilla
686 1164 802 1196 nostra,
813 1164 842 1191 et
857 1171 937 1192 nunc
950 1162 1098 1201 potestati
1114 1162 1318 1192 Romanorum
1334 1161 1478 1200 adjungit
1491 1162 1518 1192 si
1527 1162 1644 1200 aliquid
1659 1163 1752 1193 deest.
1792 1162 1843 1191 Ne

416 1207 487 1229 vero
501 1201 577 1231 talia
591 1201 757 1241 relinquas,
765 1205 796 1232 et
807 1202 877 1233 hine
890 1203 1050 1233 recessisse
1060 1203 1203 1242 culperis,
1217 1213 1387 1243 quanquam
1397 1205 1501 1234 studes
1511 1203 1590 1234 m'lu'l
1600 1212 1692 1242 agere
1705 1204 1843 1234 indecore

1015 1303 1091 1316 om
1093 1304 1246 1317 OOOOOOO

415 1368 500 1397 -48
522 1365 619 1396 Harl.
634 1369 666 1397 7.
682 1369 717 1397 tu
727 1366 945 1406 parum—54
969 1367 1087 1398 Praelia
1099 1371 1247 1398 sustentes
1269 1368 1411 1407 Cuning.
1427 1373 1463 1399 et
1479 1369 1602 1400 Sanad.
1615 1374 1650 1400 et
1665 1370 1712 1401 ita
1721 1370 1791 1410 jam
1809 1372 1842 1402 iu

415 1407 469 1438 ed.
485 1406 621 1438 Cadom.
639 1410 732 1438 1480.
742 1407 818 1438 Vid.
828 1408 984 1447 n.Epist.
995 1410 1024 1439 1.
1042 1411 1072 1440 1.
1086 1409 1214 1449 denique
1227 1419 1309 1440 saeva
1323 1409 1548 1440 Schoenboru.
1565 1413 1682 1441 3.-56
1694 1412 1840 1443 Sci-oen*

416 1449 554 1479 born.2.
570 1450 661 1488 signa
674 1449 808 1487 refulsit.
851 1449 954 1480 Multi
980 1449 1078 1480 codd.
1099 1459 1155 1490 ap.
1180 1451 1292 1490 Feam,
1306 1451 1435 1491 refigit,-
1458 1451 1502 1482 ita
1528 1451 1584 1482 alii
1609 1452 1697 1492 apud
1724 1453 1839 1485 Lamb.

415 1490 525 1520 Pulm.
540 1500 652 1521 omnes
666 1491 814 1531 Cruquii,
828 1499 941 1522 omnes
953 1491 1047 1522 Torr.
1063 1492 1119 1522 alii
1136 1492 1224 1531 apud
1246 1493 1358 1523 Bentl.
1383 1492 1457 1523 Val.
1480 1492 1598 1523 Oberl.
1621 1498 1770 1525 notatam
1795 1505 1837 1525 ex

416 1531 484 1563 Me.
500 1532 532 1562 in
547 1541 605 1562 ora
619 1531 774 1562 editionis
791 1531 868 1562 Aldi
883 1535 975 1564 1509.
990 1533 1079 1564 Bibl.
1096 1533 1198 1564 Barb.
1218 1532 1322 1564 Aldus
1340 1536 1432 1564 1501.
1457 1534 1637 1575 Cruquius3
1668 1537 1841 1567 revocavit

415 1573 447 1603 in
461 1577 588 1604 textum
604 1574 717 1604 Bentl.
735 1574 812 1605 iude
828 1583 1010 1613 anonymus
1025 1575 1113 1615 Traj.
1127 1575 1167 1605 ad
1188 1575 1294 1606 Rhen.
1307 1577 1399 1606 1713.
1421 1575 1522 1606 Baxt.
1539 1576 1623 1606 Cnn.
1639 1577 1715 1608 san.
1730 1577 1840 1609 Merv.

414 1614 501 1645 Phil.
518 1615 622 1646 Geen.
644 1614 792 1655 Sandby,
816 1615 956 1655 Dorigh.
977 1614 1093 1647 Oberl.
1119 1616 1258 1654 Combe,
1278 1615 1410 1647 Wakef.
1434 1617 1541 1648 Wetz.
1566 1617 1672 1648 Zeun.
1699 1618 1839 1658 Bipont.

414 1655 519 1686 Kidd.
536 1657 616 1694 Fea,
631 1657 750 1696 Bothe,
765 1656 884 1692 Jaeck,
899 1661 935 1687 et
951 1657 1103 1697 Doering.
1150 1657 1287 1688 retraxit
1308 1658 1403 1688 Harl.
1418 1659 1450 1688 4.
1481 1659 1588 1699 refixit
1613 1659 1669 1689 alii
1691 1659 1785 1690 codd.
1803 1665 1840 1692 et

413 1697 491 1728 edd.
506 1702 589 1728 vett.
602 1699 680 1729 item
694 1698 827 1729 Talbot.
843 1698 984 1737 Cuning.
1002 1703 1038 1729 et
1051 1699 1230 1730 Pina-5⁷
1254 1699 1347 1729 Nunc
1360 1703 1390 1730 et
1406 1700 1554 1730 nonnulli
1569 1700 1667 1731 codd.
1679 1701 1768 1736 Feae,
1784 1702 1840 1733 alii

414 1748 469 1778 ap.
498 1739 610 1770 Lamb.
632 1744 668 1770 et
691 1740 802 1770 Pulm.
818 1748 932 1770 omnes
950 1740 1098 1780 Cruquii,
1113 1740 1178 1771 duo
1201 1740 1378 1778 Torrenfii,
1394 1746 1428 1771 et
1445 1742 1511 1772 duo
1529 1741 1681 1772 Oberliu.
1698 1742 1839 1774 admise-

413 1784 491 1810 runt
506 1781 539 1810 in
555 1785 685 1811 textum
701 1780 922 1820 Benu.·r1-aj.
945 1780 987 1810 ad
1015 1781 1122 1812 Rhen.
1138 1783 1230 1813 1713.
1256 1782 1354 1811 Baxt·
1377 1781 1519 1819 Cnninyg.
1543 1783 1663 1813 Sanad.
1689 1784 1837 1816 Mer-vill.

413 1821 504 1851 Phil.
522 1821 626 1852 Gesn.
637 1822 785 1858 Francis,
797 1822 936 1861 Bipont.
949 1821 1095 1862 Sandby,
1106 1823 1244 1862 Dorigh.
1259 1822 1411 1853 Oberlin.
1423 1823 1540 1853 Cornib.
1549 1823 1680 1854 Wakef.
1695 1826 1840 1857 Wetzel.

414 1862 521 1894 Zeun.
538 1863 619 1902 Fea,
636 1864 757 1898 Bothe,
772 1863 897 1900 Jaeek,
912 1868 948 1894 et
962 1863 1115 1903 Doering.
1161 1864 1203 1894 Et
1219 1873 1296 1894 nunc
1310 1863 1387 1894 Ald.
1409 1868 1444 1894 et
1459 1864 1538 1899 edd.
1559 1864 1635 1895 inde
1657 1865 1699 1896 ad
1725 1866 1839 1898 Bentl.

411 1903 588 1935 advindicat
602 1905 682 1936 Vnt.
698 1905 794 1936 Rom.
809 1907 841 1935 9.
873 1904 1028 1942 abjudicat
1039 1906 1117 1935 Vat.
1133 1905 1228 1936 Rom.
1241 1908 1272 1935 ὃ.
1306 1905 1460 1942 adiudicat
1473 1905 1559 1936 arvis
1571 1906 1682 1937 Bentl.
1699 1907 1731 1937 in
1749 1915 1840 1940 nota.

411 1947 496 1975 -58
518 1945 567 1976 Ac
580 1949 611 1976 te
625 1956 662 1976 ne
677 1946 900 1976 Schoenborn.
914 1948 947 1975 2.
963 1951 999 1976 et
1014 1946 1091 1976 Vnt.
1108 1947 1202 1977 Rom.
1218 1949 1247 1976 l.
1262 1955 1281 1976 a
1297 1955 1340 1976 m.
1358 1955 1424 1977 sec.
1450 1947 1564 1977 Bentl.
1580 1956 1622 1978 ex
1638 1948 1771 1988 ingenio
1784 1950 1837 1981 ab·

411 1990 492 2021 sle-u
530 1987 605 2016 inde
634 1987 736 2017 Baxt.
763 1986 885 2017 Sanad.
915 1985 1003 2016 Phil.
1030 1987 1173 2026 Dorigh.
1205 1987 1354 2025 Francis,
1379 1987 1516 2026 Bipont.
1541 1987 1694 2019 oberlin.
1719 1991 1838 2023 comb.

412 2026 702 2059 Wakefiwmzel.
718 2028 821 2058 Zeun.
837 2027 938 2057 Kidd.
953 2027 1073 2061 Jaeck,
1099 2033 1134 2058 et
1158 2027 1310 2066 Doering.
1337 2027 1423 2058 abest
1446 2028 1478 2058 in
1500 2028 1710 2069 quibusdam.
1755 2032 1838 2063 absis

413 2067 508 2098 Harl.
523 2071 554 2098 2.
570 2070 600 2098 3.
614 2071 644 2099 4.
658 2071 688 2100 6.
702 2071 734 2099 7.
756 2068 863 2099 ceteri
879 2077 992 2098 omnes
1007 2068 1105 2100 codd.
1123 2072 1158 2099 et
1174 2068 1253 2100 edd.
1269 2073 1348 2100 ante
1364 2069 1475 2099 Bentl.
1490 2069 1569 2100 item
1587 2070 1652 2100 Fea
1665 2075 1702 2102 et
1715 2071 1838 2106 Bothe.

410 2110 419 2126 ⁸
434 2110 558 2140 Melius
573 2109 684 2145 abates,
700 2111 815 2150 [qnam
831 2109 929 2149 absis]
942 2109 1030 2150 quod
1047 2109 1193 2140 ostendit
1208 2109 1382 2141 Bentleius
1398 2110 1459 2141 snb
1474 2111 1677 2142 auctoritate
1691 2122 1835 2153 quorun-

411 2150 487 2181 dam
505 2150 686 2182 librorum!
710 2151 809 2181 Baxt.
853 2152 863 2168 ‘
877 2150 966 2182 Quin
983 2160 1074 2182 mera
1089 2151 1282 2191 conjectura
1297 2154 1358 2188 est,
1375 2160 1437 2182 nec
1450 2151 1505 2182 illa
1517 2153 1716 2185 necessaria.
1759 2155 1836 2186 Hoc

412 2192 508 2231 dicit,
523 2201 565 2222 ne
582 2198 615 2223 te
632 2192 808 2223 subtrahas
818 2192 936 2222 studiis
948 2193 1089 2223 venandi
1104 2193 1244 2232 Tiberii,
1257 2192 1350 2224 etita
1363 2192 1458 2230 absis,
1468 2197 1503 2223 ut
1517 2194 1615 2233 plane
1628 2196 1836 2227 excusationi

411 2233 504 2263 locus
520 2243 585 2264 non
600 2234 654 2271 sit,
667 2234 747 2264 illud
763 2238 798 2264 te
814 2233 975 2264 admoneo
989 2244 997 2264 ε
1021 2234 1105 2265 soles
1122 2234 1216 2265 ludos
1232 2239 1307 2266 tuos
1322 2237 1359 2264 et
1375 2239 1409 2264 tu
1426 2233 1568 2273 habere3
1585 2235 1642 2266 hos
1659 2236 1686 2266 si
1700 2237 1834 2277 probari

413 2275 462 2305 vis
475 2275 620 2311 Tiberio,
636 2275 782 2306 vicissim
799 2275 885 2306 illius
901 2275 1011 2307 studio
1025 2275 1139 2307 faveas
1154 2275 1269 2308 facito.
1314 2274 1406 2306 Alias
1422 2276 1653 2308 excusationes
1661 2277 1730 2318 jam
1747 2287 1835 2319 prae-

1052 2369 1189 2402 NOTAE

413 2440 520 2472 tudini
535 2441 694 2482 prodest3
718 2442 884 2484 roburque
900 2443 1043 2484 confert,
1062 2449 1096 2474 et
1149 2442 1215 2475 od.
1233 2445 1263 2473 8.

411 2490 488 2521 binc
503 2489 625 2521 famam
639 2490 856 2523 fortitudinis.
1189 2495 1230 2523 56
1254 2491 1316 2528 Qui
1331 2490 1453 2530 templis
1469 2491 1656 2523 Parthorum
1677 2494 1767 2533 cigna
1785 2504 1832 2525 re-

451 2541 493 2569 52
516 2538 700 2579 speciosius]
731 2540 918 2572 Decentius
935 2550 1031 2582 quam
1049 2545 1095 2582 tu,
1137 2541 1232 2583 figit]
1269 2540 1370 2580 Signa
1397 2541 1491 2571 Rom.
1520 2540 1642 2572 Crasso
1671 2547 1787 2582 erepta
1813 2553 1832 2574 a

413 2588 518 2618 Lolli:
543 2588 609 2627 vel,
622 2598 719 2630 quam
737 2594 875 2620 venator
889 2590 1039 2630 quisque.
1147 2589 1293 2629 Parthis,
1318 2588 1470 2628 Augusto
1498 2590 1667 2623 restituta.
1696 2600 1746 2622 ιν.
1764 2591 1831 2634 Οᾱ.

453 2640 494 2667 54
525 2637 643 2668 Praelia
670 2637 865 2678 campestria]
907 2639 961 2670 De
991 2638 1042 2670 his
1072 2647 1097 2670 ι.
1149 2641 1201 2669 15.
1330 2678 1339 2684 .

413 2685 481 2716 Od.
496 2688 526 2716 8.
1189 2690 1231 2718 58
1255 2687 1305 2718 Ne
1320 2689 1351 2718 te
1364 2686 1517 2726 retrahas]
1538 2686 1592 2717 Ne
1609 2686 1651 2718 ab
1666 2687 1830 2719 exercita-

454 2738 492 2765 55
519 2735 703 2767 Cantabrica
716 2736 807 2776 bella]
836 2736 922 2768 vide
945 2746 1045 2776 supra
1070 2745 1094 2767 1.
1148 2737 1294 2769 tionibus
1318 2736 1426 2777 campi
1446 2735 1561 2767 Martii
1586 2741 1619 2768 te
1644 2737 1700 2768 diu
1723 2747 1828 2770 remo-

413 2783 521 2824 Epist.
552 2785 603 2815 12.
634 2785 714 2817 item
744 2794 784 2818 ιι.
814 2785 882 2818 Od.
911 2789 943 2817 6.
973 2790 1008 2817 et
1038 2794 1095 2817 ιιι.
1150 2795 1237 2818 veas.
