1916 3262
413 303 620 336 noRA'rn
654 303 926 335 cARwNUM
963 304 1057 334 nia.
1091 304 1163 335 111.
1192 295 1264 335 30.

110 397 262 439 injurias,
288 399 343 431 cni
365 399 449 430 nihil
473 398 507 430 in
530 407 584 429 me
606 405 704 437 posse
731 404 817 437 ρει-ω

107 448 220 480 mitto.
257 448 448 490 Probumque
458 445 651 490 pauperiem]
678 445 810 477 Hones-

110 502 156 529 toe
184 499 379 540 paupertati
406 508 460 530 me
487 496 684 528 familiarem
705 495 809 534 facio,

108 548 249 589 ejusque
265 549 319 580 vel
340 548 440 580 nudae
457 557 496 579 ac
513 555 650 588 prorsus
674 545 807 578 indota-

108 601 153 628 tae
179 598 438 630 contubernium
467 601 606 637 exopto,
636 599 741 637 atque
774 595 807 627 ei

105 657 161 678 me
191 649 361 689 mancipo.
396 649 486 679 Tor-r.
531 645 667 678 Probum
692 656 806 687 paupe-

105 699 200 740 riem]
237 699 442 740 Pauperiem
469 707 544 729 cum
572 697 699 728 virtute
726 707 807 728 con·

100 748 259 790 junctam
284 750 357 781 sine
385 748 506 789 opibus
535 757 664 789 qua’r0.
710 747 807 788 [Vir-

103 802 172 830 tute
197 799 232 831 in
255 800 360 831 volvor
381 798 564 839 Bamberg.
615 798 741 829 Virtute
760 807 808 829 me

104 847 261 879 involvam
276 849 332 880 alii
350 849 450 880 codd.
466 858 522 889 ap.
540 847 680 888 Jaeck.]

146 900 188 930 57
212 899 288 930 Non
302 903 349 931 est
362 898 477 939 meum]
500 899 641 939 Quippe
656 898 712 940 qui
726 899 806 930 For-

103 952 196 980 tunae
217 949 346 981 servire
367 949 482 980 nolim.
529 949 602 980 Non
623 951 668 979 est
689 948 805 988 meum]

103 997 182 1030 Nec
200 999 292 1039 vitae,
305 1008 368 1031 nec
386 998 555 1039 propositi
579 998 645 1029 mei
661 1004 727 1036 est,
748 1008 807 1030 na·

103 1047 286 1087 vigationis
316 1049 467 1089 periculo
494 1058 547 1079 me
573 1048 805 1090 committere,

103 1103 143 1127 ut
158 1106 228 1128 rem
253 1107 407 1139 augeam.
429 1099 556 1130 etenim
580 1107 709 1138 pauper
733 1108 806 1130 esse

101 1147 202 1178 malo.
245 1148 366 1186 Africis
387 1148 546 1188 procellis]
570 1148 636 1179 Vel
660 1158 680 1179 a
695 1144 807 1179 'vento

105 1195 236 1236 Africo,
254 1197 307 1228 vel
331 1198 374 1228 ab
390 1197 510 1229 Africa
526 1202 630 1229 terra.
659 1198 806 1230 Torrent.

101 1247 233 1288 [Vand.
251 1257 306 1287 ap.
323 1248 448 1288 Bothe,
459 1248 488 1279 ei
502 1248 650 1290 mugiet.]

146 1301 188 1330 58
211 1299 335 1340 Malus]
359 1299 472 1331 Arbor
484 1299 592 1330 navis.

145 1351 190 1380 59
215 1348 304 1380 Votis
313 1349 449 1390 pacisci]
473 1349 522 1380 Ut
539 1350 572 1379 in
587 1357 708 1388 magna
722 1353 806 1379 tem-

103 1404 240 1441 pestate
278 1400 478 1439 navigantes
514 1399 636 1431 solent.
679 1400 690 1417 ⁴
707 1400 804 1432 Tunc

100 1449 190 1480 enim
221 1449 396 1490 praecipue
425 1453 581 1481 votorum
614 1450 708 1482 locus
740 1454 805 1489 est,

98 1508 180 1530 cum
207 1499 282 1541 spei
314 1499 425 1531 nullus
459 1499 536 1541 est,’
564 1504 601 1532 ut
628 1501 805 1541 eleganter

102 1549 196 1582 Plin.
213 1558 294 1582 11111.
309 1552 361 1582 10.
387 1551 477 1582 Tor-r.
524 1551 569 1582 Et
582 1551 663 1582 votis
672 1551 805 1593 pacisci]

101 1599 188 1632 Cum
213 1601 288 1632 Diis
299 1600 546 1643 quodammodo
563 1602 650 1633 votis
673 1606 709 1633 et
729 1611 807 1644 pre-

99 1650 196 1682 cibus
210 1651 353 1692 pacisci,
365 1661 407 1683 ne
424 1661 556 1684 merces
572 1661 656 1684 meae
673 1653 707 1684 in
721 1652 806 1685 mari

102 1706 258 1742 pereant.
302 1702 375 1743 [Me
387 1712 513 1734 currere
529 1702 730 1743 Bamberg.]

142 1755 186 1784 60
210 1753 349 1794 Cypria,
377 1753 539 1794 Tyrioeque
558 1752 688 1793 merces]
714 1753 807 1784 Mer-

101 1811 160 1834 ces
176 1802 398 1843 Cypriae‚pro
414 1802 585 1834 mercibus
602 1801 807 1843 quibuscun-

100 1860 183 1891 que,
196 1852 330 1892 species
345 1856 399 1883 est
415 1860 477 1892 pro
491 1860 628 1888 genere.
673 1851 805 1892 [Mark-

103 1900 196 1933 land.
213 1911 270 1942 ap.
285 1902 408 1942 Jaeck,
426 1901 594 1944 Tyr-iamed

146 1954 186 1983 61
212 1953 319 1983 Δυανο
355 1951 451 1992 nian']
483 1952 572 1984 Mari
608 1951 808 1993 insatiabili,

103 2000 194 2043 quod
210 2001 325 2033 omnia
341 2001 514 2034 absorbet.

145 2055 189 2084 62
216 2051 510 2094 Tuncmebiremis]
533 2051 748 2094 Interpretes
766 2062 807 2084 ea

101 2111 178 2144 quae
203 2107 394 2144 sequuntur
415 2101 484 2134 dici
505 2102 622 2134 volunt
637 2101 808 2143 εἰρωνικῶς,

102 2158 142 2186 ut
167 2153 310 2185 ridendo
331 2153 434 2193 dicat,
458 2157 540 2184 tunc
567 2153 712 2193 scilicet,
728 2163 805 2185 cum

78 2244 85 2249 μ
103 2205 174 2236 voti
195 2214 232 2236 se
256 2213 350 2235 reum
367 2202 505 2240 fecerit.
519 2202 659 2235 deorum
678 2203 804 2235 benefi-

100 2255 154 2286 cio
169 2253 441 2294 enavigat-nrum.
483 2253 607 2285 Placet
622 2263 631 2292 ;
648 2263 723 2285 nam
731 2253 805 2295 jam

103 2304 145 2335 ad
177 2313 299 2346 preces
327 2313 364 2335 se
395 2307 573 2335 venturum
607 2308 807 2344 negaverat.

106 2355 197 2386 Torr-
221 2354 306 2386 Tunc
316 2363 364 2386 me
375 2353 500 2385 biremis
513 2355 676 2394 proesidio]
690 2355 806 2387 Quan-

103 2405 149 2435 do
173 2404 276 2436 maris
297 2403 452 2444 periculo
474 2412 528 2434 me
555 2412 704 2444 expono,
724 2408 806 2437 tunc

106 2452 212 2492 Aura,
239 2457 276 2484 et
307 2452 460 2493 geminus
491 2452 616 2484 Pollux
641 2452 730 2484 feret
753 2463 807 2485 1118

109 2513 172 2544 per
187 2502 322 2543 AEgoeos
338 2502 503 2534 tumultun
521 2505 632 2534 tutum
649 2503 808 2543 praesidio

105 2552 244 2584 biremis
268 2551 414 2592 scaphae,
439 2550 530 2592 quod
558 2561 730 2593 nunquam
755 2557 809 2585 est

105 2603 269 2635 futurum.
314 2601 461 2643 Scaptioe]
484 2602 618 2642 Scapha
629 2611 735 2643 parva
749 2612 809 2634 na,-

106 2653 157 2684 118
171 2657 239 2691 est,
255 2661 323 2694 qua
339 2657 414 2683 tuto
437 2651 596 2692 navigare
617 2656 732 2692 potest
749 2662 810 2684 ne-

105 2712 161 2735 mo
178 2702 212 2734 iu
227 2702 314 2734 mari
329 2701 458 2742 AEgaeo.
697 2705 699 2708 ⁴

103 2781 106 2785 .
148 2755 190 2784 68
214 2753 344 2793 AEgoeoe
367 2752 535 2793 tumultus]
555 2752 613 2785 Sic
629 2758 807 2788 ventorum

105 2803 223 2844 AEgaeo
237 2803 321 2835 mari
333 2802 607 2843 depraeliautium
623 2807 736 2835 motus
751 2813 808 2835 vo-

103 2857 189 2887 cat.»
219 2853 283 2887 Est
308 2857 424 2885 autem
448 2851 600 2894 AEgaeum
628 2853 807 2886 admodum

1450 295 1562 339 1493

860 396 1086 437 procellosum
1113 405 1153 428 ac
1180 396 1409 437 periculosum
1437 400 1561 430 nautis.

862 445 993 477 Nomen
1031 454 1115 486 ergo
1141 446 1277 486 quidam
1312 446 1488 478 deducunt
1519 450 1560 480 ab

859 495 976 537 AEgaeo
993 501 1091 536 patre
1106 496 1241 536 Thesei,
1251 497 1306 527 alii
1324 506 1343 527 a
1354 497 1496 537 scopulo
1507 508 1562 528 ca—

859 555 932 586 prae
958 545 1211 577 similitudinem
1239 546 1462 587 praeferente:
1487 549 1560 589 qui-

857 595 935 627 dam
947 595 991 628 ab
1002 594 1105 635 αἶγες,
1117 596 1207 638 quod
1224 597 1314 636 apud
1327 597 1562 638 Doresfluetux

855 645 1061 685 significent,
1085 646 1176 677 unde
1202 645 1313 687 αἷ-γίζω
1338 651 1374 678 et
1398 647 1558 688 ἐπαιγίζω.

856 697 1018 738 Denique
1042 697 1166 728 Strabo
1182 697 1289 738 AEgoei
1310 698 1413 730 maris
1437 708 1560 730 nomen

856 747 900 778 ab
915 747 1019 787 AEgiS‚
1036 748 1174 779 Euboeae
1191 748 1308 780 insulae
1333 748 1476 789 oppido,
1489 749 1560 780 dic-

858 800 928 829 tum
945 798 1086 829 mavult.
1131 799 1175 829 Et
1192 798 1308 830 011801
1322 808 1403 830 eane
1426 809 1492 831 non
1507 799 1560 830 ΑΥ-

855 859 953 890 ·γειον,
964 849 1024 881 sed
1039 849 1168 889 Αἰγαῖον
1177 850 1344 887 scribunt,
1355 851 1403 882 ita
1413 855 1452 882 ut
1463 850 1558 882 Stra-

857 901 953 932 bonis
979 901 1150 933 sententia
1178 902 1314 934 caeteris
1342 900 1560 942 praeferenda

856 951 1024 984 videatur.
1069 951 1161 991 Αἰγαὶ
1176 953 1266 984 8111111
1282 952 1399 994 oppidi
1424 961 1557 983 nomen.

853 1002 1076 1035 Scribendum
1093 1012 1174 1043 ergo
1190 1003 1345 1041 AEgaeum.
1367 1003 1525 1034 Torrent.

896 1056 939 1086 64
965 1054 1175 1094 Geminasque
1204 1052 1338 1093 Pollux]
1370 1054 1494 1084 Castor
1522 1056 1558 1083 et

855 1103 978 1144 Pollux
996 1104 1118 1144 gemini
1133 1104 1203 1134 nati
1216 1104 1327 1135 nautis
1344 1102 1472 1134 favent.

857 1154 940 1186 ODE
965 1162 1054 1185 xxx.
1091 1153 1353 1191 Ἀποτελεστικὴ,
1374 1158 1557 1194 προσφωνη·

897 1204 968 1242 τικὴ
988 1204 1040 1236 καὶ
1067 1204 1279 1245 εὖχαριστική.
1326 1204 1382 1236 An
1411 1205 1565 1246 Meum--

899 1263 1035 1287 1118111111
1055 1263 1195 1288 Musam.
1229 1255 1394 1287 Horatius
1417 1255 1558 1296 Lyricos

900 1314 1015 1336 versus
1044 1305 1228 1337 scribendo
1264 1310 1427 1336 ‘aeternam
1457 1305 1559 1345 glori-

851 1378 854 1381 .
900 1363 953 1384 am
966 1358 1018 1385 est
1033 1359 1246 1385 consecutus.
1284 1354 1482 1394 [Bamberg.
1498 1354 1560 1385 Di-

897 1405 941 1436 cit
955 1414 989 1437 se
1002 1405 1197 1446 apostetetice
1219 1405 1346 1447 scriptis
1359 1415 1480 1447 semper
1493 1406 1557 1437 vic-

897 1455 1030 1496 turum]

898 1506 914 1536 1
942 1505 1049 1544 Exegi
1078 1505 1319 1547 monumentum]
1356 1505 1413 1538 Sic
1451 1505 1556 1537 Ovid.

854 1553 942 1586 Met.
959 1563 1020 1586 xv.
1045 1554 1056 1571 ‘
1072 1554 1218 1596 Jamque
1234 1565 1319 1597 opus
1338 1556 1452 1597 exegi,
1465 1556 1557 1598 quod

855 1614 918 1635 nec
933 1605 1030 1637 Jovis
1044 1604 1103 1642 ira,
1124 1614 1189 1636 nec
1213 1605 1321 1646 ignes,
1340 1604 1413 1638 Nec
1430 1608 1558 1647 poterit

854 1655 994 1692 ferrum,
1010 1665 1074 1687 nec
1100 1655 1189 1687 edax
1216 1656 1354 1687 abolere
1378 1655 1558 1687 vetustas!

857 1705 963 1744 Exegi
989 1705 1235 1745 monumentum]
1259 1704 1399 1737 Perfeci
1436 1706 1557 1737 carmi-

855 1764 934 1785 num
951 1755 1122 1793 volumen,
1138 1755 1266 1795 ingenii
1282 1755 1347 1785 mei
1363 1763 1557 1786 monumen-

857 1810 929 1836 tum
946 1805 1050 1836 aeneis
1063 1805 1187 1836 statuis
1200 1804 1398 1837 durabilius.

898 1857 919 1886 2
943 1854 1113 1895 Regalique
1125 1854 1206 1895 situ]
1228 1854 1325 1886 Dixit
1339 1855 1350 1872 ⁴
1368 1854 1472 1886 silum
1488 1854 1559 1896 Py-

856 1903 1051 1943 ramidum‚’
1066 1907 1103 1935 ut
1125 1908 1314 1935 castrorum
1337 1903 1557 1944 oppidorum-

856 1965 923 1997 que
952 1954 1055 1986 situm
1082 1954 1247 1986 dicimus:
1271 1954 1281 1972 ‘
1298 1953 1472 1995 regalem’
1497 1954 1557 1985 ad-

855 2005 953 2044 dens,
965 2004 1056 2046 quod
1073 2004 1274 2045 Pyramides
1287 2013 1403 2045 regum
1418 2003 1557 2045 AEgyptl

856 2054 1028 2096 peculiare
1042 2054 1212 2096 quoddam
1229 2059 1482 2086 monumentum
1498 2063 1556 2085 ex-

855 2105 1005 2142 titerint,
1017 2113 1204 2145 eorumque
1217 2104 1373 2144 pecuniae
1387 2104 1492 2134 stulta
1509 2108 1559 2135 at-

854 2164 921 2197 que
944 2156 1055 2187 otiosa
1077 2155 1234 2197 quaedam
1261 2156 1459 2195 ostentatio,
1474 2165 1555 2196 qua-

857 2215 930 2237 rum
947 2215 1013 2237 una
1035 2206 1068 2236 in
1090 2204 1305 2237 altitudinem
1323 2201 1404 2237 363.
1431 2205 1555 2246 pedum

856 2255 1062 2288 ascenderit.
1106 2255 1234 2287 Merito
1253 2264 1335 2295 ergo
1352 2255 1556 2296 Pyramides

855 2306 945 2338 inter
969 2306 1060 2338 orbis
1085 2305 1251 2337 miracula
1275 2306 1556 2337 recensebantur.

855 2356 947 2388 Plin.
960 2365 1094 2389 xxxw.
1110 2359 1162 2387 12.
1180 2356 1271 2386 Torr.
1305 2356 1481 2396 Regalique
1494 2356 1558 2386 situ

854 2407 1063 2448 Pyramidum
1080 2406 1193 2447 altius]
1218 2404 1330 2436 Altius
1356 2405 1462 2446 regali
1478 2414 1558 2436 con-

855 2456 1048 2488 structione
1071 2455 1296 2496 pyramidum,
1311 2464 1388 2495 quae
1413 2460 1491 2485 sunt
1506 2464 1557 2485 re·

856 2516 934 2547 gum
947 2505 1183 2545 AEgyptiorum
1199 2505 1370 2545 sepulcra.

899 2558 918 2586 3
942 2554 1057 2594 Aquilo
1078 2553 1244 2594 impotens]
1268 2554 1316 2585 Ut
1342 2551 1452 2593 Epod.
1478 2560 1557 2583 Χνι.

856 2605 866 2622 ⁴
883 2604 1020 2637 Nullius
1042 2603 1125 2634 astri
1142 2602 1292 2643 Gregem
1318 2607 1462 2632 astuosa
1487 2606 1557 2633 tor-

857 2660 911 2686 ret
940 2650 1165 2694 impotentia.'
1221 2649 1395 2692 Impotem]
1433 2651 1557 2692 Aquilo

858 2704 1078 2735 vehementer
1099 2701 1255 2741 saeviens,
1272 2705 1308 2733 ut
1324 2701 1382 2743 qui
1405 2700 1470 2732 sibi
1489 2710 1556 2733 nou

858 2754 968 2795 possit
982 2758 1186 2792 temperare.

899 2808 918 2835 5
942 2803 1105 2835 Armorum
1129 2801 1242 2843 series]
1279 2800 1457 2842 Temporis
1486 2801 1556 2832 lon-

858 2853 1042 2895 ginquitas,
1056 2855 1093 2885 et
1109 2860 1229 2884 cursus
1242 2855 1443 2893 temporum.
