1916 3262
568 289 920 322 m’isronAnuM
957 290 1049 321 ms.
1084 291 1134 320 ιι.
1165 279 1206 321 1.

160 385 370 435 Nostros,
391 390 435 426 ct
453 385 567 425 tenui
591 384 786 426 deducta
809 384 1018 438 poemata
1036 384 1112 425 filo
1131 398 1142 436 ;

1494 281 1605 323 1241

1526 386 1611 427 225

161 451 274 492 Cum
297 463 525 506 speramus
543 462 596 492 eo
616 463 706 491 rem
728 455 963 502 venturam,
985 456 1047 500 ut,
1069 451 1196 492 simul
1218 455 1351 504 atque

159 517 366 559 Carmina
386 516 588 558 rescieris
609 529 688 558 nos
708 517 888 571 fingere,
908 517 1169 559 commodus
1191 518 1302 559 ultro

158 584 391 634 Arcessas,
410 588 454 626 et
470 597 594 636 egere
613 587 749 633 vetes,
771 589 816 625 et
835 585 1023 626 scribere
1045 597 1193 638 cogas.

159 652 247 693 Sed
267 655 412 693 tamen
432 655 500 693 est
519 663 667 704 operae
688 652 877 704 pretium
898 663 1180 704 cognoscere,
1201 651 1358 704 quales

159 717 365 759 AEdituos
386 718 545 759 habeat
564 717 668 759 belli
688 721 890 771 spectata
910 717 1114 771 domique

1521 717 1607 759 230

153 780 325 835 Virtus,
345 785 522 838 indigno
541 797 629 826 non
650 785 964 827 committenda
983 784 1148 838 poetae.

159 850 328 892 Gratus
348 850 605 892 Alexandro
625 852 719 904 regi
741 851 909 905 Magno
929 851 1015 892 fuit
1033 851 1108 892 ille

159 917 398 968 Choerilus,
418 918 595 960 incultis
616 919 693 972 qui
713 919 913 960 versibus
933 921 979 959 et
997 918 1112 960 male
1131 919 1247 961 natis

158 983 329 1026 Retulit
348 989 572 1039 acceptos,
591 986 738 1040 regale
758 986 990 1036 nomisma,
1012 986 1262 1040 Philippos.

158 1117 295 1149 camina
306 1118 414 1150 subtili
435 1120 517 1160 stylo
532 1119 708 1159 conscripta
717 1129 731 1156 ,·
756 1119 829 1150 dum
843 1127 1001 1160 speramus
1014 1117 1088 1155 sore
1102 1120 1150 1156 ut,
1174 1127 1243 1148 cum
1254 1116 1390 1157 primum
1405 1117 1547 1148 audieris
1559 1126 1615 1147 nos

159 1168 265 1206 persus
279 1162 418 1198 condere,
432 1165 540 1203 sponte
555 1165 586 1192 et
601 1162 731 1201 benigne
748 1163 876 1192 advoces
890 1170 946 1192 nos
959 1163 1051 1200 atque
1065 1159 1103 1190 ab
1116 1162 1253 1198 egestate
1267 1159 1416 1197 vindices,
1432 1163 1464 1190 et
1478 1160 1616 1190 scribere

158 1209 298 1241 tmperes.
346 1203 562 1236 Verumtamen
585 1206 704 1244 oportet
718 1205 890 1244 expendere
911 1203 1014 1243 quales
1030 1202 1191 1232 ministros
1204 1201 1358 1232 sortiatur
1369 1202 1471 1231 virtus
1487 1202 1521 1231 in
1539 1201 1615 1232 bello

159 1245 190 1272 et
203 1253 277 1283 pace
298 1246 472 1287 conspicua,
486 1256 541 1277 nec
565 1246 715 1277 tradenda
737 1246 843 1287 infimo
863 1245 974 1284 po'e'toe.
1016 1242 1199 1275 Alexandro
1218 1253 1330 1283 magno
1346 1244 1414 1282 regi
1428 1243 1547 1284 placuit
1564 1243 1616 1273 ilce

162 1284 327 1329 Cha-ritus,
343 1288 396 1328 qui
408 1298 465 1329 pro
478 1289 617 1320 versibus
640 1288 807 1320 inconditis
820 1291 852 1319 et
865 1285 1057 1318 inconcinna}
1077 1286 1212 1317 obtinuit
1229 1286 1404 1326 Philippos,
1419 1286 1543 1325 regium
1558 1294 1617 1316 nu-

765 1377 1004 1391 eeeeeeeeee

157 1458 350 1497 inea-icatur,
385 1466 461 1489 cum
488 1456 604 1489 Gloss.
631 1454 840 1494 irrecitamur,
867 1454 910 1485 ai.
934 1453 1108 1492 inrecitati,
1140 1453 1432 1484 inrevocati.—226
1454 1451 1614 1493 Quinque

158 1501 259 1532 codd.
275 1500 368 1539 Feae,
385 1498 526 1531 totidem
547 1498 680 1530 Valart.
696 1503 732 1529 et
747 1507 832 1528 unus
849 1497 961 1528 Pulm.
975 1505 1133 1536 speramus
1148 1494 1305 1534 itemfor-e
1320 1499 1495 1527 venturum.
1532 1494 1613 1525 Vat.

157 1546 192 1575 7.
207 1546 239 1574 te
252 1544 534 1574 venturum—227
560 1541 658 1572 Harl.
672 1544 705 1572 7.
736 1539 886 1571 Carmina
899 1538 1043 1570 nescires.
1080 1539 1162 1570 Vat.
1180 1541 1232 1570 19.
1255 1542 1286 1569 et
1303 1538 1420 1579 figere.
1453 1538 1534 1568 Duo
1561 1546 1618 1577 ap.

156 1585 281 1625 Mueck,
292 1585 328 1616 in
344 1594 450 1625 marg.
466 1594 526 1616 non
532 1582 781 1625 fingere—228
797 1583 944 1614 Arcessas
959 1581 1110 1612 variatur
1124 1586 1160 1612 ut
1177 1590 1282 1621 supra
1297 1590 1344 1611 vs.
1356 1581 1539 1612 168.-229
1555 1579 1617 1610 Sea

157 1631 258 1659 tmen
269 1626 572 1659 hoecSchoenborn.
588 1628 620 1657 2.
644 1625 711 1656 Hic
723 1626 826 1656 inseri
845 1625 916 1656 vuit
930 1625 1021 1655 Dan.
1032 1623 1194 1655 Heinsius
1212 1632 1326 1655 versus
1343 1625 1485 1654 87-140.
1502 1621 1616 1661 Epist.

158 1672 190 1702 2.
205 1669 376 1702 refutatus
392 1680 413 1702 a
426 1669 708 1701 Remmia—232
731 1667 908 1699 Barberin.
922 1669 954 1698 2.
965 1665 1034 1705 fuit
1048 1666 1236 1706 ipse—233
1263 1665 1415 1696 Choerilos
1426 1665 1506 1695 Vat.
1519 1663 1618 1694 Rom.

159 1714 192 1743 8.
206 1722 227 1744 ι
238 1722 283 1745 ιιι.
300 1722 353 1753 pr.
366 1713 447 1744 Vat.
466 1711 566 1743 Rom.
582 1713 634 1742 10.
650 1711 764 1742 Beati.
779 1710 871 1750 Traj.
886 1709 928 1741 ad
942 1709 1051 1740 Rhen.
1069 1710 1166 1739 1713.
1181 1713 1218 1739 et
1234 1707 1343 1738 Ridd.
1375 1711 1407 1738 et
1430 1707 1510 1737 mule
1536 1705 1619 1736 notis

157 1754 392 1787 Schoenborn.
407 1755 549 1785 4.-234
572 1753 671 1784 Harl.
687 1755 722 1784 2.
744 1755 776 1783 4.
797 1755 830 1784 6.
849 1754 882 1782 7.
906 1751 962 1782 aiii
987 1750 1089 1782 codd.
1106 1750 1345 1791 quamplurimi
1368 1754 1402 1780 et
1430 1747 1510 1779 edd.
1536 1751 1618 1778 ante

160 1796 319 1828 Torrent.
334 1796 498 1828 numisma.
532 1796 673 1836 Septem
689 1793 791 1826 codd.
808 1794 900 1833 Feae,
917 1793 974 1824 aiii
992 1802 1047 1832 ap.
1061 1792 1225 1823 Torrent.
1241 1796 1278 1822 et
1291 1791 1428 1822 Valart.
1443 1789 1593 1820 nomisma
1606 1800 1619 1825 ;

160 1837 208 1870 it's
223 1839 327 1871 Baxt.
350 1838 466 1870 Benti.
490 1837 581 1876 Traj.
602 1836 644 1868 ad
667 1835 778 1868 Rhen.
794 1837 890 1867 1713.
913 1834 1060 1875 Cuning.
1087 1833 1194 1865 Gesn.
1211 1834 1352 1874 Bipont.
1375 1831 1494 1863 Comb.
1510 1831 1617 1863 Zeun.

814 1938 954 1972 NOTAE

204 2021 266 2050 225
309 2018 408 2051 Tenui
451 2018 583 2049 deducta
615 2017 758 2058 poemata
783 2014 862 2058 filo]

162 2069 312 2100 Possunt
325 2068 399 2100 hoec
415 2069 501 2099 verti
517 2068 550 2099 in
577 2067 699 2099 bonam
722 2066 860 2097 malam-

161 2127 226 2160 que
238 2121 390 2159 partem:
407 2117 473 2156 vei,
487 2116 612 2148 eximie
627 2120 662 2147 et
673 2116 759 2147 scite
770 2125 861 2148 com-

159 2168 295 2208 posita:
335 2168 403 2204 vei,
435 2167 515 2198 exiii
542 2171 578 2199 et
609 2166 728 2197 humili
758 2166 860 2207 stylo,

158 2218 312 2260 adeoque
333 2218 472 2258 indigna
502 2226 543 2248 ea
572 2216 674 2248 laude
699 2225 776 2258 quae
800 2215 860 2247 de-

161 2269 313 2310 poscitur
326 2268 369 2300 ab
381 2268 590 2300 auctoribus.
703 2291 707 2293 >

182 2336 185 2339 μ
202 2321 268 2351 226
284 2319 365 2351 Cum
378 2327 547 2359 speramus,
558 2317 629 2359 δῖα]
642 2317 787 2348 Tantum
803 2326 862 2348 no-

161 2367 212 2399 bis
226 2377 422 2409 arrogamus
437 2377 617 2409 perperam
633 2372 669 2398 et
685 2368 802 2399 stulte.

206 2420 271 2449 22⁹
306 2419 423 2454 Quales
455 2418 604 2450 AEdituos
636 2418 758 2458 habeat,
789 2417 862 2457 ssa]

163 2465 291 2499 Quales
319 2476 496 2507 praecoues
520 2467 669 2499 deceant
702 2468 861 2498 virtutem

162 2516 349 2561 egregium.
379 2517 499 2548 AEdem
516 2517 633 2549 virtuti
649 2517 741 2549 velut
756 2517 861 2548 numi-

163 2568 198 2599 ni
221 2567 323 2607 erigit
346 2566 523 2607 Horatius,
543 2569 760 2610 assignatque
789 2569 861 2599 lau-

165 2618 301 2649 datores
315 2620 352 2648 et
367 2615 486 2657 poetas
501 2618 597 2648 velut
608 2618 762 2650 aedituos.

207 2669 272 2699 232
287 2666 466 2698 Alexandro
482 2665 616 2705 Magno]
631 2665 687 2696 Illi
699 2666 862 2698 Macedo-

165 2726 244 2748 num
262 2716 334 2756 regi
351 2714 459 2746 ‘fama
474 2724 576 2756 snper
592 2715 721 2746 aethera
733 2715 839 2747 noto.’

208 2769 271 2798 233
297 2765 466 2805 Clioerilus]
490 2765 642 2796 Insuisus
660 2764 764 2805 poeta
777 2764 865 2796 Thu-

166 2816 300 2858 cydidis
315 2821 350 2848 et
365 2815 537 2848 Herodoti
562 2816 677 2847 vivens
703 2814 864 2856 tempori-

917 2013 1000 2053 bus;
1023 2022 1121 2055 quem
1149 2011 1355 2044 Aristoteles
1383 2012 1417 2043 in
1442 2011 1535 2052 Top.
1559 2020 1617 2042 no-

915 2067 986 2095 tat:
1008 2064 1018 2080 ‘
1038 2063 1162 2096 Qualia
1190 2062 1374 2098 Homerus,
1400 2070 1468 2092 non
1503 2060 1619 2102 qualia

915 2111 1109 2152 Choerilus,’
1125 2112 1249 2154 inquit.
1271 2110 1361 2143 Vide
1379 2111 1490 2153 Epist.
1505 2110 1549 2142 ad
1562 2111 1619 2142 Pi-

913 2172 1011 2194 sones
1028 2171 1076 2194 vs.
1091 2164 1165 2192 357.

955 2217 1019 2246 234
1057 2213 1240 2254 Philippos]
1284 2213 1452 2245 Nummos
1495 2222 1617 2245 aureos

913 2264 1065 2305 Philippi
1088 2264 1315 2295 Macedonum
1333 2264 1422 2302 regis
1440 2263 1548 2304 patris
1571 2263 1617 2294 A-

913 2314 1069 2346 lexandri
1080 2313 1198 2354 Magni
1209 2311 1320 2353 effigie
1332 2313 1493 2352 siguatos.
1517 2314 1617 2344 Duos

913 2364 1019 2396 fuisse
1053 2364 1219 2396 Choerilos
1263 2368 1409 2403 constat,
1457 2362 1619 2405 quicquid

913 2414 1065 2446 nonnulii
1078 2414 1241 2445 sentiant.
1270 2413 1370 2444 Prior
1384 2413 1525 2444 eximius
1538 2412 1618 2452 poi}-

914 2470 947 2496 ta
963 2463 1226 2496 Atheniensium
1242 2463 1284 2495 de
1305 2463 1423 2494 Xerxe
1439 2463 1619 2494 victoriam

914 2515 1123 2547 celebravit:
1148 2515 1203 2545 cui
1221 2523 1285 2554 pro
1307 2513 1446 2553 singuiis
1463 2511 1619 2543 versibus

916 2565 1059 2597 totidem
1073 2569 1219 2595 stateres
1236 2572 1296 2594 seu
1319 2570 1471 2592 nummos
1497 2569 1619 2591 aureos

916 2616 1132 2647 contulerunt
1144 2611 1385 2648 Athenienses,
1399 2609 1494 2650 facto
1516 2610 1619 2641 etiam

916 2665 1072 2703 decreto,
1095 2667 1133 2693 ut
1158 2671 1235 2692 cum
1258 2661 1410 2691 Homero
1433 2660 1617 2700 legeretur.

916 2714 1093 2745 Posterior
1119 2711 1186 2742 fuit
1209 2711 1273 2741 iste
1291 2709 1487 2741 Alexandro
1504 2719 1618 2742 comes

918 2762 1085 2800 assiduus,
1107 2760 1254 2792 testibus
1279 2760 1323 2792 Q.
1348 2759 1468 2791 Curtio
1485 2764 1520 2791 et
1537 2760 1618 2791 Plu-

918 2812 1060 2845 tarcho:
1085 2811 1127 2842 de
1154 2820 1221 2852 quo
1243 2810 1336 2842 varie
1352 2814 1503 2842 narrant.
1535 2810 1618 2843 Qui-
