1930 3204
483 260 689 292 nourrii
723 260 1000 302 suasionum
1039 262 1131 294 Lm.
1165 263 1194 294 ι.
1225 253 1264 293 5.

199 355 427 388 Brundusium
458 364 565 396 usqne
593 353 770 392 describit,
796 362 854 384 ex-

199 407 312 448 emplo
329 405 462 444 Lucilii,
477 406 533 446 qui
551 405 668 436 itidem
684 403 852 444 quoddam

199 457 267 488 iter
281 466 376 487 suum
389 455 630 493 descripserat.
654 453 782 484 Narrat
798 463 854 483 au-

201 513 269 539 tem
287 516 362 548 quae
382 506 446 536 risu
466 505 571 545 digua
585 504 618 534 in
639 513 680 535 eo
701 503 854 544 contige-

201 563 278 589 rant
292 567 300 587 ε
324 557 415 588 inter
426 564 503 597 quae
520 556 661 595 primum
674 553 785 584 locum
796 553 855 584 ob-

199 607 288 639 tinet
305 605 444 638 duorum
467 613 657 636 scurrarum
683 602 855 634 Sarmenti

200 663 238 688 et
253 655 371 688 Messii
386 653 502 686 faceta
516 653 701 685 contentio.

201 709 221 738 1
241 705 395 747 Excepit]
432 703 550 736 Lamb.
577 703 691 744 accepit
703 715 713 734 .·
751 707 855 743 atque

156 757 209 788 ita
221 756 255 788 in
269 755 393 788 nostris
413 763 546 797 quoque
561 753 657 784 libris
672 753 854 790 scribitur3

155 806 246 838 sicut
258 813 299 837 ιι.
309 805 381 836 Sat.
395 806 430 836 6.
462 807 472 822 ¹
489 803 648 844 Paupere
662 801 773 833 fertur
789 799 852 832 Ac-

155 855 288 896 copim
302 853 409 887 cavo)
451 853 509 885 De
526 852 630 884 verbo
645 853 655 869 ⁴
672 852 832 892 excipere
846 850 855 864 ’

156 905 282 947 aliquid
298 914 357 938 ru.
381 904 451 937 Od.
474 907 528 937 12.
544 905 587 935 de
605 904 719 935 Aricia
742 908 854 934 autem

156 955 363 988 nobilissimo
387 955 575 995 municipio
605 954 712 985 multa
735 953 856 984 Cicero

157 1006 248 1038 Phil.
271 1015 329 1038 ιιι.
350 1005 521 1037 Scribitur
545 1009 582 1036 et
602 1004 715 1035 Aricia
730 1007 766 1034 et
781 1003 857 1035 Ari-

158 1057 224 1088 tia:
238 1055 298 1088 sed
311 1056 393 1088 illud
405 1056 530 1091 malim,
543 1055 635 1086 unde
651 1055 661 1072 ‘
675 1053 857 1086 Aricinus.'

162 1105 306 1137 Torrent-
348 1105 470 1142 Aricia,
486 1105 604 1146 Roma]
629 1104 757 1142 Aricia,
782 1113 858 1145 par-

159 1164 204 1186 va
227 1154 352 1186 civitas
377 1154 412 1186 iu
435 1154 491 1185 via
515 1153 642 1194 Appia,
666 1154 799 1186 distans
819 1153 860 1184 ab

160 1204 244 1237 urbe
259 1204 379 1244 Roma,
391 1204 504 1236 stadia
520 1207 593 1236 160.

202 1257 224 1286 2
248 1254 398 1295 Hospitio
422 1254 556 1294 modico]
586 1252 745 1288 Jucunda
774 1252 861 1285 anti-

161 1304 639 1346 thesis,peroomparationem
648 1302 788 1343 Ariciae,
795 1312 862 1334 mo-

161 1354 230 1386 dici
246 1354 398 1395 hospitii,
413 1354 455 1386 ad
468 1354 612 1386 Romam
625 1363 791 1394 magnam.
814 1353 861 1384 A·

161 1405 246 1437 ricia
258 1414 404 1446 namque
421 1405 538 1436 Romae
564 1404 702 1444 collata,
721 1403 786 1435 fuit
802 1403 861 1435 ad-

159 1454 296 1487 modum
313 1455 451 1496 exignm
478 1455 575 1495 (ἶπες.
621 1454 732 1485 Comes
752 1453 861 1484 Helio-

158 1504 266 1545 dorus]
294 1503 472 1537 Facundus
481 1513 594 1535 comes
610 1504 645 1534 in
662 1502 715 1534 via
731 1512 793 1544 pro
805 1511 860 1534 ve·

157 1554 270 1586 bicnlo
284 1557 348 1585 est.

201 1607 222 1636 8
248 1603 431 1636 (ἔπεσοηιηι
443 1601 550 1643 longe]
573 1602 732 1643 Quinque
747 1610 860 1633 exem-

159 1655 270 1696 plaria
288 1654 416 1686 babent
435 1654 620 1685 Groecorum
642 1653 770 1692 linguoe.
817 1653 860 1684 Et

161 1714 242 1738 sane
257 1705 400 1736 Rhetori
425 1704 549 1743 linguae
570 1702 719 1742 cognitio
739 1711 861 1733 conve·

161 1755 234 1792 nit;
269 1753 358 1794 quod
381 1752 565 1783 Turnebus
592 1759 727 1791 quoque
755 1759 780 1782 ι.
807 1752 860 1781 29.

163 1803 350 1843 annotavit,
369 1811 499 1833 summa
514 1801 669 1831 doctrina
687 1809 753 1830 non
767 1799 862 1839 item,

162 1861 201 1885 ut
215 1853 434 1893 Philosopho.
458 1851 600 1882 Torreut.
646 1850 724 1881 Inde
740 1849 864 1890 forum]

163 1903 250 1934 Inde
279 1902 432 1934 venimus
462 1900 506 1932 ad
538 1905 727 1932 mercatum
757 1899 862 1940 Appii

162 1951 292 1992 oppidi.

206 2006 227 2034 4
249 2000 425 2043 Differlum
450 1998 574 2039 nautis]
606 1998 730 2030 Nautis
758 1997 862 2029 refer-

165 2056 235 2084 tum
266 2057 303 2083 et
327 2052 476 2092 plenum.
511 2048 683 2088 Malignis]
723 2047 861 2089 Epithe-

165 2108 237 2134 tum
252 2111 319 2133 uon
333 2101 443 2132 minus
459 2099 571 2131 nautis
587 2107 685 2140 quam
705 2097 863 2138 cauponi-

166 2152 229 2183 bus
244 2155 375 2192 aptum,
390 2158 466 2181 cum
483 2148 617 2190 quibus,
638 2147 681 2178 ob
697 2147 862 2188 asperita-

164 2206 247 2241 tem,
258 2200 448 2238 avaritiam,
458 2197 648 2240 perfidiam,
664 2196 864 2229 difficillime

163 2252 300 2283 vivitur.
345 2250 492 2291 Proprie
507 2249 598 2280 enim
611 2248 737 2279 dicitur
751 2248 862 2286 malig-

164 2311 223 2334 nus
237 2301 294 2343 qui
314 2299 550 2332 difficultatem
573 2298 623 2329 sui
648 2298 802 2338 praebet;
826 2302 864 2329 ut

166 2350 256 2384 bene
270 2351 443 2382 Donatus.
487 2348 600 2388 Atque
615 2346 700 2378 adeo
720 2346 730 2363 ‘
747 2346 866 2386 malig-

167 2411 246 2432 num
260 2407 422 2439 spernere
437 2397 556 2437 vulgus
569 2396 577 2409 '
593 2405 668 2426 cum
686 2395 735 2425 ait
755 2394 865 2425 Hora-

170 2451 238 2482 tius
253 2457 293 2480 ιι.
308 2447 375 2478 Od.
390 2449 444 2478 16.
467 2446 500 2478 id
522 2446 555 2477 iu
571 2446 660 2476 omni
677 2443 750 2475 fere
767 2444 867 2484 plebe

170 2506 247 2530 esse
260 2496 424 2536 ostendit,
442 2495 533 2537 quod
547 2496 581 2526 in
603 2494 729 2534 nantis,
743 2503 867 2535 caupo-

171 2549 285 2587 nibus,
299 2546 492 2578 stabulariis
506 2545 680 2586 praecipue
704 2545 869 2584 conspici-

172 2603 239 2629 tur.
284 2595 383 2636 Virg.
408 2593 662 2635 elegantissima
690 2593 870 2624 tralatione

173 2655 254 2679 usus
266 2649 333 2685 est,
343 2654 420 2676 cum
433 2645 502 2676 ait:
524 2642 712 2676 ‘Difficiles
726 2643 870 2683 primum

173 2703 275 2730 terrae
312 2696 485 2737 collesque
521 2693 683 2735 maligni?
729 2693 870 2725 Torreat.

174 2746 346 2788 Maligna]
382 2747 563 2787 Caupones
593 2754 646 2776 res
678 2753 763 2785 quas
792 2753 871 2775 ven-

174 2799 272 2835 duut,
294 2797 443 2839 maligna
472 2804 627 2828 mensura
652 2793 765 2826 metiri
793 2801 871 2826 con-

1489 253 1601 310 1629

903 362 1099 388 sueverunt.

947 409 965 436 5
992 406 1063 438 Hoc
1075 406 1151 447 iter]
1176 407 1282 439 Roma
1300 405 1340 438 ad
1359 406 1480 438 Forum
1495 405 1600 447 Appii

905 456 955 487 M.
985 457 1026 488 P.
1057 459 1108 489 ll.
1137 462 1173 488 ut
1203 456 1398 488 Antoninus
1424 460 1603 496 supputat,

905 507 994 547 quod
1012 508 1175 548 expedito
1191 507 1310 539 viatori
1334 516 1400 538 uno
1425 506 1480 538 die
1495 506 1603 538 confi-

905 566 984 588 cere
1007 557 1146 590 difficile
1176 568 1242 590 non
1272 559 1338 590 sit:
1372 558 1484 599 ignavi
1506 562 1604 590 tanto

904 606 1066 638 libentius
1083 607 1297 646 dividebant,
1317 607 1407 649 quod
1430 607 1544 649 Appia
1564 617 1606 639 eo

905 665 1011 698 usque
1027 657 1163 689 minime
1181 659 1293 699 gravis
1319 663 1421 698 esset,
1444 658 1607 699 hospitio-

905 714 979 736 rum
995 708 1295 738 commoditatibus
1319 708 1504 739 celebrata.
1532 708 1608 739 Tor-

904 758 983 786 rent.
1028 755 1135 787 Altius
1156 767 1193 788 ac
1218 766 1272 787 nos
1297 756 1503 796 Praecinctis]
1527 757 1608 789 Alte

906 805 1054 836 cinctum
1070 806 1201 847 antiqui
1228 805 1398 836 vocabant
1421 810 1610 843 strenuum,

905 854 1192 895 fortem,minime
1208 856 1363 888 mollem:
1388 855 1492 887 credo
1513 855 1605 896 quod

902 915 1010 947 genus
1038 907 1120 938 illud
1149 907 1312 939 cincturae
1342 906 1514 936 hominum
1540 915 1606 936 nou

905 962 994 988 esset
1010 957 1245 988 delicatorum.
1270 956 1360 987 Vide
1376 955 1526 986 Turueb.
1546 964 1608 986 xv.
1636 954 1639 956 ’

906 1008 961 1038 23.
994 1006 1183 1046 Βὶυἰείηιιιε,
1211 1007 1307 1036 ultius
1333 1015 1369 1035 uc
1392 1004 1462 1044 nos]
1498 1004 1609 1034 Biduo

908 1054 1127 1087 confecimus.
1149 1055 1260 1087 Altius
1284 1065 1320 1085 αι·
1342 1064 1398 1085 nos
1423 1053 1614 1084 Pra’cinctis

909 1106 1018 1146 unum]
1042 1106 1082 1137 Id
1099 1111 1166 1146 est,
1189 1104 1386 1137 fortioribus
1411 1109 1444 1134 et
1470 1102 1612 1143 expedi-

912 1155 1064 1187 tioribus.
1087 1155 1182 1187 Idem
1201 1154 1294 1194 alibi,
1308 1155 1316 1171 ‘
1331 1163 1416 1195 puer·
1433 1153 1502 1183 alte
1518 1153 1612 1184 ciuc—

911 1209 967 1236 tus
983 1205 1168 1243 acernam‚’
1191 1205 1254 1236 διε.
1291 1204 1333 1235 ld
1359 1208 1426 1243 est,
1450 1203 1546 1243 agilis
1563 1206 1613 1234 at-

911 1264 976 1296 que
1006 1255 1202 1296 expeditus.
1247 1254 1376 1285 Contra
1404 1256 1413 1270 ⁶
1432 1250 1614 1284 discincti’

912 1314 974 1346 pro
989 1305 1212 1336 imbecillibus
1228 1308 1264 1335 et
1279 1302 1505 1334 effaeminatis.

953 1357 975 1385 6
998 1354 1198 1393 Praecinctis,
1212 1355 1281 1394 Qu]
1308 1353 1490 1393 Expeditis
1508 1352 1615 1383 viato-

912 1402 1016 1434 ribus.
1063 1403 1182 1444 Unum]
1208 1402 1318 1434 Unius
1333 1401 1403 1433 diei
1421 1401 1499 1433 iter.
1529 1402 1613 1433 Gra-

909 1454 958 1484 vis
980 1453 1086 1494 Appia
1109 1453 1225 1494 tardis]
1252 1453 1315 1484 Est
1341 1453 1397 1483 via
1414 1451 1528 1492 Appia
1553 1451 1614 1482 mi-

910 1512 974 1534 nus
1009 1503 1180 1534 laboriosa
1217 1502 1315 1534 tarde
1350 1501 1615 1540 ambulantibus,

911 1556 1055 1593 propter
1084 1552 1348 1583 diversoriorum
1373 1550 1613 1592 frequentiam.

909 1602 1021 1642 [Vatt.
1046 1606 1079 1635 2.
1104 1605 1155 1635 12.
1180 1605 1232 1634 13.
1259 1602 1358 1634 Vatt.
1382 1602 1479 1633 Rom.
1503 1603 1535 1632 8.
1561 1603 1612 1632 1⁰.

910 1653 991 1683 Vat.
1006 1652 1120 1683 Palat.
1139 1655 1170 1683 3.
1185 1651 1242 1682 alii
1258 1650 1358 1682 codd.
1375 1660 1431 1690 ap.
1455 1650 1562 1681 Laud.
1578 1655 1616 1681 et

912 1704 1112 1744 Cruquium,
1127 1702 1222 1733 nimis
1243 1701 1431 1740 estgrcwin
1453 1706 1490 1732 et
1502 1701 1549 1732 sic
1559 1701 1616 1732 ed.

913 1752 1056 1783 Bodoui.
1101 1753 1216 1782 ‘Vera
1239 1751 1355 1789 lectio,
1380 1760 1478 1792 quam
1494 1750 1619 1782 hucus-

913 1812 979 1843 que
995 1802 1223 1843 neglexerunt
1240 1800 1371 1839 critici3
1388 1805 1422 1831 et
1438 1809 1535 1841 quam
1552 1799 1617 1831 eti-

914 1863 967 1884 am
984 1853 1054 1883 sine
1071 1851 1224 1884 codicum
1246 1850 1407 1892 praesidio
1423 1859 1556 1889 sensus,
1580 1854 1617 1881 et

915 1907 1096 1934 contextus
1113 1900 1247 1932 omnino
1263 1900 1458 1941 exigebant,
1470 1910 1533 1941 pro
1545 1900 1618 1931 vnl-

916 1957 994 1992 gata
1010 1952 1112 1983 minus
1135 1955 1180 1982 est
1194 1951 1304 1990 gravis
1313 1962 1326 1989 ;
1349 1949 1452 1986 facili,
1469 1954 1505 1982 et
1519 1949 1618 1982 solita

914 2000 1232 2042 vocmnhujusmodi
1242 2001 1507 2041 permutatione.
1525 2000 1618 2033 Quo·

915 2052 1014 2083 modo
1040 2051 1128 2082 enim
1159 2050 1277 2091 poeta,
1308 2050 1365 2091 qui
1396 2051 1504 2091 primo
1524 2049 1620 2091 igna-

915 2102 1002 2133 viam
1019 2111 1114 2132 suam
1137 2105 1288 2140 accusat,
1317 2099 1448 2140 sibique
1470 2099 1619 2140 imputat

916 2151 1066 2191 Appiani
1081 2150 1158 2182 For-i
1174 2148 1400 2188 incommoda,
1411 2158 1486 2190 qnae
1499 2153 1619 2190 postea

915 2200 1120 2236 detestatur,
1137 2201 1224 2231 viam
1250 2200 1371 2240 ipsam,
1393 2208 1453 2230 seu
1470 2202 1618 2230 tractum

915 2250 958 2287 ab
975 2249 1059 2281 urbe
1071 2249 1187 2281 Aricia
1201 2249 1242 2280 ad
1257 2249 1402 2280 Anxuris
1414 2248 1500 2291 (non
1513 2249 1619 2280 Roma

916 2300 958 2331 ad
985 2300 1110 2331 Forum
1134 2299 1254 2339 Appii,
1276 2303 1315 2330 ut
1341 2299 1464 2330 scribit
1488 2299 1619 2336 Acron,

916 2348 1003 2380 Bad.
1018 2348 1158 2380 Ascens.
1176 2346 1318 2388 aliique)
1330 2347 1448 2378 laudet
1461 2351 1499 2377 ut
1509 2348 1619 2378 minus

918 2398 1057 2437 gravem
1077 2395 1290 2434 viatoribus;
1312 2405 1388 2427 cum
1413 2395 1526 2435 potius
1547 2396 1620 2426 lau-

918 2448 978 2478 det
993 2447 1061 2478 alte
1074 2446 1291 2486 praecinctos,
1301 2454 1361 2476 seu
1374 2443 1620 2484 expeditiores,

919 2496 977 2537 qui
992 2495 1055 2526 sibi
1069 2495 1250 2530 cavebant.
1277 2503 1342 2525 uno
1357 2493 1480 2525 itinere
1497 2502 1619 2534 prope-

919 2545 1053 2576 rantes?
1093 2545 1170 2575 Non
1185 2543 1273 2584 qnod
1290 2543 1338 2574 ibi
1358 2541 1552 2584 frequentia
1567 2551 1621 2573 es-

918 2600 995 2626 sent
1009 2593 1210 2633 diversoria,
1227 2592 1287 2623 ubi
1308 2596 1448 2632 possent
1472 2592 1621 2623 viatores

920 2653 1056 2676 manere
1085 2651 1297 2684 quocumque
1324 2641 1557 2682 pervenirent,
1581 2647 1621 2673 nt

920 2694 1090 2726 somniant
1115 2691 1244 2731 Acron,
1270 2694 1306 2722 et
1329 2690 1385 2722 alii
1406 2691 1620 2732 scholiastae,

921 2744 1108 2782 Landinus,
1133 2741 1220 2773 Bad.
1248 2740 1389 2772 Ascens.
1413 2741 1540 2773 Dscer·
1562 2741 1621 2772 Sa-

921 2794 1000 2826 nad.
1030 2793 1125 2826 Cam.
1151 2791 1328 2833 Peregrin·
1358 2792 1393 2823 in
1414 2790 1545 2834 Appar.
1576 2791 1619 2823 ad
