1916 3262
459 303 665 336 HoRATn
701 302 976 334 cummuni
1014 303 1108 334 ιω.
1139 304 1191 334 11.
1226 294 1293 334 ll.

138 407 234 438 garo,
245 406 388 440 eamque
400 397 580 430 lectionem
593 394 850 436 complectitur.

142 447 194 480 At
208 457 331 481 omnes
346 446 515 480 Tamtii
535 445 672 478 codices
697 445 848 479 Fulmina

141 498 284 539 babent,
303 498 395 541 quod
408 502 446 530 et
458 497 578 530 inerms
590 499 656 528 est.

186 552 228 581 la
251 549 367 590 Sperat
387 547 525 590 infestis,
553 547 664 579 munit
691 546 848 589 nundin]

142 599 276 632 Pectus
290 599 381 632 bene
394 602 636 640 praeparaturn,
649 596 684 629 id
699 603 764 637 est,
777 598 849 630 ani-

143 659 219 682 mus
230 650 319 683 bene
333 649 522 689 institutus,
535 649 570 680 in
586 647 685 680 rebus
700 648 849 680 adversis

142 701 314 735 fortunam
335 701 457 734 bonam
480 703 610 741 sperat,
638 699 673 731 in
688 699 848 732 secundis

143 751 272 784 metuit
285 752 432 784 alteram
452 754 591 791 sortem,
605 749 640 781 id
659 755 725 790 est,
741 749 850 782 fortu-

143 809 226 833 nam
235 802 373 834 malam.

186 853 229 883 1⁶
251 851 410 890 [mnus
435 850 575 893 hyemes]
613 850 766 892 Hyemes
796 860 848 883 as·

141 900 247 934 uiduis
262 900 428 934 imbribus
444 906 571 934 terram
586 900 830 938 deformantes.

187 953 228 983 1⁷
240 951 436 993 Samot]
451 951 549 984 Idem
563 951 716 984 abducit.
743 953 814 984 Non
824 952 853 983 si

144 1003 226 1035 nole
237 1003 414 1045 ’ωιτη-,ξολ
436 1003 600 1035 Posthac.
626 1003 704 1035 Non
716 1012 852 1044 semper

145 1052 266 1087 endem
280 1058 399 1086 manet
410 1053 559 1087 fortuna.

190 1105 233 1134 18
256 1103 421 1139 Quondam
447 1104 572 1137 cithara
600 1103 770 1145 tacentem]
807 1103 854 1138 A·

146 1153 240 1194 polio
253 1163 320 1186 non
331 1159 387 1187 est
397 1164 533 1196 semper
544 1155 663 1191 iratus.
676 1154 737 1187 sed
749 1164 854 1197 quon-

147 1203 238 1240 dam.
263 1203 299 1236 id
327 1209 392 1240 est,
417 1205 590 1237 interdum
616 1206 782 1238 citharam
812 1206 855 1238 ad

147 1253 357 1286 cantandum
374 1259 552 1296 provocat.
582 1256 734 1297 [Quando
748 1256 856 1298 cytho-

146 1311 192 1333 roe
207 1303 310 1337 codd.
322 1314 379 1344 ap.
392 1304 532 1345 Jaeck.]

189 1355 230 1385 21
250 1353 506 1393 Rebusangascis
514 1354 687 1396 animvm]
701 1355 742 1386 In
752 1355 855 1387 rebus

148 1400 344 1435 difficilibus
360 1402 460 1434 fortis
475 1408 564 1442 esto,
587 1403 766 1444 animoque
784 1404 855 1444 ple-

147 1458 224 1492 που,
238 1452 273 1483 in
286 1451 448 1484 secundis
471 1452 607 1484 humilis
622 1457 710 1491 esto,
725 1456 761 1486 et
781 1453 854 1485 ani-

146 1509 238 1533 mum
254 1502 430 1534 contrahe.

191 1555 236 1584 22
259 1552 364 1594 Idem]
387 1553 553 1595 Quisquis
570 1563 619 1586 es.

184 1601 233 1634 '23
259 1603 437 1635 Gonu-alm
455 1604 564 1645 vento]
592 1604 762 1636 Canterus
783 1605 855 1638 No-

147 1663 222 1687 var.
235 1654 332 1687 Lect-
348 1664 399 1686 ιν.
415 1658 448 1687 2.
464 1657 498 1687 in
514 1657 645 1693 codice,
659 1662 698 1689 ut
708 1658 766 1697 ait,
779 1666 855 1698 per-

150 1708 298 1742 vetusto,
316 1706 466 1738 Confines
479 1707 584 1738 scribi
601 1705 766 1739 affirmat:
783 1707 856 1748 ipse

151 1758 266 1787 antem
295 1756 430 1788 Contine
460 1756 643 1796 legendum
673 1757 858 1789 existimat.

153 1804 332 1837 contrahes
371 1806 479 1846 vento]
533 1806 734 1845 Supprimes
783 1806 859 1838 vela

152 1860 258 1886 vento
287 1855 428 1887 nimium
452 1865 617 1896 prospero
642 1861 679 1888 et
706 1855 858 1887 secundo

154 1904 272 1937 inflata
287 1910 324 1938 et
338 1906 486 1946 turgida.

155 1955 239 1987 01)ss
254 1964 307 1987 xi.
329 1955 598 1995 Συμβουλευτυιή.
633 1956 690 1988 An
705 1957 750 1990 Q.
765 1956 859 1988 Hm-

198 2014 330 2038 pusuns.
378 2005 521 2037 Omissis
548 2006 652 2046 curis,
674 2006 858 2039 vivendum

175 2050 180 2051 ⁷
197 2061 251 2086 est
262 2055 428 2087 hilariter.
471 2055 541 2096 [Aa
563 2056 747 2091 Quinctium
768 2057 857 2098 Hyr-

194 2105 314 2146 pium.
338 2105 534 2137 Proseutice.
569 2106 640 2137 Non
654 2116 720 2138 esse
737 2107 858 2147 cogita-

196 2156 301 2188 ἐίσκω-
318 2159 443 2187 nostras
467 2155 502 2186 in
529 2156 656 2187 diversa
680 2157 859 2190 mitte-dm.

199 2205 403 2246 Bamberg]

199 2258 218 2287 1
244 2255 332 2292 Quid
346 2256 518 2297 bellicosus]
547 2255 644 2288 Ordo
663 2262 739 2290 est:
764 2258 796 2290 Ο
814 2259 858 2292 Q.

158 2305 318 2348 Hirpine,
332 2307 488 2339 remittas
498 2317 654 2349 quaerere
669 2308 749 2350 quid
767 2311 859 2350 cogi·

159 2360 211 2389 tet
225 2356 409 2389 bellicosus
426 2358 610 2396 Cantaber,
636 2364 672 2390 et
698 2359 781 2401 qnid
805 2370 860 2392 co-

161 2406 248 2446 gitet
262 2407 406 2447 Scythes
429 2407 557 2438 divisus
581 2408 719 2448 objecto
739 2408 860 2442 Adria.

163 2456 320 2488 Cantaber
333 2459 364 2488 et
381 2457 527 2498 Scythes]
549 2458 677 2489 Eodem
695 2463 863 2501 tempore,

161 2513 229 2545 qno
243 2509 375 2545 gestum
389 2505 422 2536 in
440 2506 607 2546 Hispania
626 2507 766 2549 beilum,
780 2510 862 2551 Scy-

162 2555 231 2587 thae
261 2564 394 2597 qnoque
425 2557 728 2590 tumultuabantur.
784 2560 862 2593 Quo

162 2614 199 2637 se
215 2613 390 2637 macerare
406 2606 605 2638 Quinctium
623 2613 731 2647 vetat,
743 2609 863 2641 timen-

161 2660 234 2688 tem
261 2664 306 2687 ne
338 2655 419 2697 quid
451 2657 531 2687 inde
562 2657 674 2688 damni
704 2660 864 2700 accipiat.

166 2706 308 2738 Ten-ent.
323 2747 329 2750 .
346 2706 516 2746 Cantaber,
530 2707 599 2748 ὅπη]
615 2708 768 2750 Populus
786 2710 864 2741 His·

162 2757 291 2798 panim:
322 2757 400 2788 vide
421 2766 524 2798 snpra
548 2758 616 2790 Od.
640 2762 672 2790 6.
720 2759 869 2804 Scythes}

118 2827 121 2829 Δ
163 2805 260 2838 Gens
271 2806 463 2838 orientalis:
477 2806 553 2838 vide
565 2817 590 2838 r.
601 2808 669 2839 Od.
682 2811 735 2840 35.
760 2809 865 2850 [Her-

160 2855 234 2897 pine
249 2855 399 2898 Guelph.
413 2857 533 2897 cogitat
551 2857 748 2899 Bamberg]
784 2863 789 2869 “

1453 294 1602 353 Ι1411

943 397 966 427 2
990 394 1136 436 Quincti]
1151 395 1277 428 Gentis
1291 395 1462 428 Quinctiae
1476 406 1603 438 cogno-

901 445 992 477 mim
1007 445 1246 486 Cincinnatus,
1265 445 1449 487 Barbatus,
1464 447 1604 488 Capito-

901 499 1003 539 tinus,
1030 498 1226 539 Crispinus:
1252 507 1293 529 an
1314 498 1417 529 etiam
1437 498 1604 538 Hirpinus

900 550 1027 582 nescio.
1073 549 1214 590 Hirpini
1229 559 1310 580 sane
1325 549 1459 589 Apuiiae
1475 550 1607 590 populi.

902 600 1074 632 Caeternm
1091 600 1246 634 Quinctii
1262 599 1354 631 Alba
1378 600 1520 631 Romam
1537 605 1608 631 tra·

902 651 998 684 ducti
1027 651 1136 683 fuere.
1177 651 1267 683 Torr.
1322 651 1425 683 Adria
1455 650 1606 691 Divisus]

903 701 987 734 Loci
1008 701 1233 742 intercapedo
1252 704 1288 733 et
1310 700 1484 733 Adriatici
1507 702 1608 732 maris

902 751 1080 785 interfusio
1098 752 1190 783 inter
1209 752 1378 783 Romanos
1400 756 1438 783 et
1458 751 1606 793 Scythas

902 801 1033 836 faciunt
1047 802 1091 834 ad
1108 802 1329 834 securitatem
1348 801 1512 835 Quinctio
1528 811 1606 843 pro-

903 853 1118 891 mittendam,
1145 863 1189 885 ne
1215 853 1265 885 ita
1290 853 1457 885 sollicitus
1486 853 1531 885 sit
1563 853 1607 884 ad

905 905 1060 947 quemvis
1074 914 1255 936 rumorem.
1282 904 1380 944 Cruq.

948 957 969 986 3
992 954 1124 986 Divisus
1132 953 1263 994 objecto]
1274 955 1338 994 Scy
1344 953 1418 984 thes
1429 952 1610 994 sejunctus

907 1014 927 1036 a
942 1003 1039 1036 nobis
1062 1005 1161 1035 maris
1177 1003 1345 1036 Adriatici
1370 1002 1611 1035 interfusione.

907 1054 1013 1086 Adria
1030 1054 1064 1086 in
1086 1060 1210 1086 neutro
1235 1063 1362 1095 genere
1389 1053 1527 1094 ponitur
1548 1062 1610 1094 pro

908 1105 994 1137 mari
1010 1104 1203 1137 Adriatico.

951 1158 971 1187 4
996 1156 1063 1187 Nec
1081 1156 1217 1196 trepides
1239 1155 1274 1186 in
1290 1155 1393 1195 usum]
1415 1153 1491 1186 Nee
1516 1152 1615 1184 festi·

910 1214 971 1236 nes
1001 1215 1155 1247 quaerere
1181 1205 1216 1236 in
1244 1205 1310 1236 hae
1332 1208 1438 1236 aetate
1453 1203 1614 1244 juvenili,

911 1255 1085 1296 parcendo
1108 1256 1142 1286 in
1165 1264 1263 1287 nsum
1286 1254 1364 1294 aevi,
1387 1253 1423 1285 id
1442 1258 1509 1293 est,
1531 1253 1611 1285 vitae

908 1304 1029 1344 totius,
1044 1307 1149 1336 etiam
1166 1305 1296 1341 senilis,
1311 1314 1388 1346 qnae
1402 1304 1614 1345 paucissimis

909 1359 963 1386 est
986 1359 1160 1386 contenta.
1185 1355 1285 1394 (ἶνας.
1332 1354 1400 1386 Nec
1423 1354 1558 1394 trepides
1578 1355 1614 1385 iu

908 1404 1013 1444 usum]
1037 1404 1113 1436 Nec
1137 1404 1183 1436 sis
1211 1405 1332 1435 anxins
1355 1408 1499 1445 propter
1515 1414 1612 1436 usum

910 1454 1005 1494 vitae,
1017 1463 1092 1496 quae
1106 1463 1216 1495 panca
1230 1454 1352 1495 poscit,
1363 1454 1444 1495 quia
1455 1454 1525 1486 vita
1537 1454 1613 1486 bre·

911 1506 960 1537 vis
986 1510 1052 1538 est.
1107 1505 1234 1547 [Codd.
1256 1516 1311 1548 ap.
1335 1506 1463 1546 Jaeek,
1483 1515 1523 1538 ne
1550 1510 1615 1538 tre-

907 1556 997 1598 pides
1009 1557 1044 1588 in
1059 1557 1160 1598 usus]

954 1611 972 1638 5
998 1607 1100 1648 Fugit
1121 1607 1222 1649 retro]
1254 1606 1424 1640 Imberbis
1446 1607 1614 1648 juventus

912 1658 1049 1690 tandem
1064 1659 1227 1691 senescit.

953 1710 975 1739 6
997 1707 1092 1739 Levis
1115 1708 1286 1749 Juventas]
1310 1707 1392 1739 vid.
1417 1717 1442 1738 1.
1467 1707 1536 1739 Od.
1560 1710 1615 1739 30.

913 1757 1000 1788 Deae
1015 1767 1140 1789 nomen
1157 1763 1211 1789 est
1233 1758 1424 1796 Juventas;
1454 1757 1508 1788 hic
1531 1762 1615 1788 aeta-

913 1811 983 1838 tem
999 1807 1184 1847 significat,
1200 1812 1237 1838 ut
1250 1811 1286 1838 et
1302 1816 1351 1838 ιν.
1369 1807 1439 1840 Od.
1456 1810 1487 1839 4.
1543 1807 1615 1838 Lae-

911 1856 958 1887 vis
973 1861 1086 1888 autem
1103 1857 1238 1888 maliem
1254 1867 1272 1888 a
1289 1858 1386 1889 λεῖος.
1430 1857 1534 1889 Arida
1555 1859 1618 1889 Ca·

911 1905 1006 1947 nitie]
1043 1907 1109 1938 Vel
1134 1916 1153 1938 a
1184 1908 1339 1948 corporis
1367 1907 1617 1940 constitutione

912 1956 1004 1988 sicca
1027 1961 1062 1988 et
1077 1956 1216 1998 frigida,
1231 1966 1307 1998 qnae
1330 1967 1433 1989 canos
1449 1956 1543 1999 facit,
1561 1957 1616 1989 vei

910 2008 1134 2047 μεταφορικῶς,
1147 2011 1184 2038 ut
1200 2008 1210 2025 ‘
1225 2007 1354 2039 aridum
1366 2007 1518 2045 victum,'
1529 2009 1539 2026 ‘
1551 2009 1618 2039 ari-

913 2057 990 2088 dam
1003 2056 1124 2088 vitam’
1139 2056 1298 2097 dicimus,
1309 2057 1320 2074 ‘
1333 2057 1502 2089 bominem
1513 2058 1522 2072 '
1534 2068 1620 2099 quo-

914 2115 980 2147 que
995 2106 1005 2124 ‘
1017 2106 1173 2147 aridum:
1188 2107 1299 2148 quaiis
1314 2107 1542 2138 Menedemus
1560 2108 1618 2139 iiie

913 2156 1153 2196 Terentianus,
1166 2161 1202 2187 et
1215 2156 1331 2198 qiiaies
1342 2155 1416 2188 fere
1432 2165 1531 2188 senes
1547 2166 1618 2187 om-

915 2216 987 2248 nes,
1001 2207 1102 2244 aridi,
1119 2206 1228 2248 parci,
1241 2206 1365 2238 miseri.
1391 2207 1480 2239 Torr.
1524 2207 1619 2238 Levis

904 2256 1069 2298 Juventas]
1092 2258 1253 2289 Volucris
1283 2262 1319 2289 et
1351 2267 1443 2296 acer,
1470 2262 1508 2289 nt
1535 2258 1618 2289 Cru-

913 2308 1014 2349 quius
1041 2308 1193 2349 exponit.
1237 2308 1356 2349 Arida]
1380 2308 1479 2340 Sicca
1503 2318 1620 2340 senec-

914 2362 990 2390 tnte
1016 2359 1186 2390 Venerem
1209 2359 1385 2399 abigente,
1407 2363 1443 2390 et
1465 2367 1617 2390 somnum

914 2406 1067 2448 facilem,
1090 2408 1125 2440 id
1149 2414 1214 2449 est,
1235 2419 1387 2440 somnum
1415 2419 1552 2450 gravem
1582 2414 1617 2440 et

914 2459 1051 2499 longum
1067 2470 1075 2491 :
1097 2469 1174 2491 nam
1192 2470 1329 2492 somnus
1346 2461 1481 2491 senibus
1498 2459 1620 2491 diffici-

916 2508 957 2540 lis
978 2514 1044 2547 est,
1060 2513 1097 2540 et
1112 2509 1226 2540 brevis
1250 2514 1394 2550 propter
1411 2509 1534 2540 caloris
1559 2509 1618 2539 de-

916 2558 1058 2598 sectum,
1071 2563 1108 2590 et
1122 2559 1315 2590 morborum
1332 2559 1531 2590 molestiam.

958 2612 980 2640 9
1003 2609 1078 2639 Non
1091 2618 1210 2649 semper
1225 2609 1318 2648 idem,
1332 2609 1402 2649 Era]
1439 2610 1515 2641 Hac
1542 2619 1619 2642 suc·

916 2659 1068 2690 cessione
1092 2657 1211 2690 florum
1237 2659 1384 2690 vicissim
1414 2657 1618 2692 occumben-

917 2709 1002 2740 tium
1018 2709 1235 2740 mortalitatis
1250 2714 1374 2740 nostrae
1387 2709 1617 2742 admonemur.

917 2757 951 2791 Si
967 2769 1051 2801 ergo
1066 2759 1148 2790 nihil
1164 2763 1233 2790 tam
1246 2765 1440 2799 venustum,
1453 2759 1534 2791 nihii
1546 2765 1616 2792 tam

917 2809 1074 2846 nitidum,
1102 2810 1199 2851 cujus
1226 2810 1330 2841 decor
1353 2810 1532 2843 diuturnus
1560 2811 1624 2848 sin·

918 2859 1008 2901 quod
1024 2859 1144 2892 florum
1158 2870 1197 2892 ac
1212 2860 1302 2892 lunae
1324 2861 1482 2902 exemplo
1505 2863 1617 2894 cerni-
