<?xml version="1.0" encoding="UTF-8"?>
<!DOCTYPE html PUBLIC "-//W3C//DTD XHTML 1.0 Transitional//EN"
    "http://www.w3.org/TR/xhtml1/DTD/xhtml1-transitional.dtd">
<html xmlns="http://www.w3.org/1999/xhtml" xml:lang="en" lang="en">
 <head>
  <title>
</title>
<meta http-equiv="Content-Type" content="text/html;charset=utf-8" />
  <meta name='ocr-system' content='tesseract 3.04.00' />
  <meta name='ocr-capabilities' content='ocr_page ocr_carea ocr_par ocr_line ocrx_word'/>
</head>
<body>
  <div class='ocr_page' id='page_1' title='image "./operazeune03horauoft/operazeune03horauoft_0211.png"; bbox 0 0 1916 3262; ppageno 0'>
   <div class='ocr_carea' id='block_1_1' title="bbox 468 279 1284 327">
    <p class='ocr_par' dir='ltr' id='par_1_1' title="bbox 468 279 1284 327">
     <span class='ocr_line' id='line_1_1' title="bbox 468 279 1284 327; baseline -0.005 0"><span class='ocrx_word' id='word_1_1' title='bbox 468 292 681 327; x_wconf 73' lang='lat' dir='ltr'>HORATu</span> <span class='ocrx_word' id='word_1_2' title='bbox 713 291 987 323; x_wconf 74' lang='lat' dir='ltr'>cARM1NuM</span> <span class='ocrx_word' id='word_1_3' title='bbox 1023 279 1284 323; x_wconf 53' lang='lat' dir='ltr'>nuL1.ll.</span> 
     </span>
    </p>
   </div>
   <div class='ocr_carea' id='block_1_2' title="bbox 150 388 879 2874">
    <p class='ocr_par' dir='ltr' id='par_1_2' title="bbox 153 388 799 434">
     <span class='ocr_line' id='line_1_2' title="bbox 153 388 799 434; baseline -0.008 -9"><span class='ocrx_word' id='word_1_4' title='bbox 153 390 379 434; x_wconf 81' lang='lat' dir='ltr'>Reliquorum</span> <span class='ocrx_word' id='word_1_5' title='bbox 395 390 545 423; x_wconf 84' lang='lat' dir='ltr'><strong>Deorum</strong></span> <span class='ocrx_word' id='word_1_6' title='bbox 559 388 799 429; x_wconf 80' lang='lat' dir='ltr'><strong>interpretem.</strong></span> 
     </span>
    </p>

    <p class='ocr_par' dir='ltr' id='par_1_3' title="bbox 197 439 799 482">
     <span class='ocr_line' id='line_1_3' title="bbox 197 439 799 482; baseline -0.01 -8"><span class='ocrx_word' id='word_1_7' title='bbox 197 445 219 474; x_wconf 86' lang='grc'><strong>6</strong></span> <span class='ocrx_word' id='word_1_8' title='bbox 245 440 428 482; x_wconf 74' lang='lat' dir='ltr'>Pareneem]</span> <span class='ocrx_word' id='word_1_9' title='bbox 449 441 551 481; x_wconf 75' lang='lat' dir='ltr'>Lyrae</span> <span class='ocrx_word' id='word_1_10' title='bbox 568 439 799 470; x_wconf 86' lang='lat' dir='ltr'>inventorem.</span> 
     </span>
    </p>

    <p class='ocr_par' dir='ltr' id='par_1_4' title="bbox 150 486 858 636">
     <span class='ocr_line' id='line_1_4' title="bbox 198 486 858 532; baseline -0.012 -7"><span class='ocrx_word' id='word_1_11' title='bbox 198 495 220 526; x_wconf 85' lang='grc'><strong>7</strong></span> <span class='ocrx_word' id='word_1_12' title='bbox 244 490 416 532; x_wconf 79' lang='lat' dir='ltr'>Callidum]</span> <span class='ocrx_word' id='word_1_13' title='bbox 443 489 619 528; x_wconf 85' lang='lat' dir='ltr'>Astutum,</span> <span class='ocrx_word' id='word_1_14' title='bbox 645 491 682 519; x_wconf 90' lang='lat' dir='ltr'>et</span> <span class='ocrx_word' id='word_1_15' title='bbox 709 486 858 529; x_wconf 82' lang='lat' dir='ltr'>ingenio-</span> 
     </span>
     <span class='ocr_line' id='line_1_5' title="bbox 155 536 858 579; baseline -0.01 -4"><span class='ocrx_word' id='word_1_16' title='bbox 155 552 230 575; x_wconf 87' lang='lat' dir='ltr'>sum</span> <span class='ocrx_word' id='word_1_17' title='bbox 258 542 303 575; x_wconf 81' lang='lat' dir='ltr'>ad</span> <span class='ocrx_word' id='word_1_18' title='bbox 327 541 456 574; x_wconf 84' lang='lat' dir='ltr'>furtum</span> <span class='ocrx_word' id='word_1_19' title='bbox 481 539 736 579; x_wconf 89' lang='lat' dir='ltr'>occultandum,</span> <span class='ocrx_word' id='word_1_20' title='bbox 766 536 858 579; x_wconf 91' lang='lat' dir='ltr'>quod</span> 
     </span>
     <span class='ocr_line' id='line_1_6' title="bbox 150 589 686 636; baseline -0.013 -10"><span class='ocrx_word' id='word_1_21' title='bbox 150 593 285 636; x_wconf 86' lang='lat' dir='ltr'>jocum,</span> <span class='ocrx_word' id='word_1_22' title='bbox 297 592 469 632; x_wconf 80' lang='lat' dir='ltr'>risumque</span> <span class='ocrx_word' id='word_1_23' title='bbox 484 589 686 622; x_wconf 81' lang='lat' dir='ltr'>concitaret.</span> 
     </span>
    </p>

    <p class='ocr_par' dir='ltr' id='par_1_5' title="bbox 154 637 860 1026">
     <span class='ocr_line' id='line_1_7' title="bbox 200 637 860 681; baseline -0.009 -6"><span class='ocrx_word' id='word_1_24' title='bbox 200 645 222 674; x_wconf 86' lang='grc'>8</span> <span class='ocrx_word' id='word_1_25' title='bbox 245 640 497 681; x_wconf 71' lang='lat' dir='ltr'>Conderefurto]</span> <span class='ocrx_word' id='word_1_26' title='bbox 522 639 640 672; x_wconf 76' lang='lat' dir='ltr'>Graeci</span> <span class='ocrx_word' id='word_1_27' title='bbox 656 648 737 670; x_wconf 87' lang='lat' dir='ltr'>sane</span> <span class='ocrx_word' id='word_1_28' title='bbox 753 637 860 670; x_wconf 82' lang='grc' dir='ltr'>δόλιον</span> 
     </span>
     <span class='ocr_line' id='line_1_8' title="bbox 158 689 859 730; baseline -0.009 -4"><span class='ocrx_word' id='word_1_29' title='bbox 158 697 196 726; x_wconf 92' lang='lat' dir='ltr'>et</span> <span class='ocrx_word' id='word_1_30' title='bbox 214 691 357 730; x_wconf 75' lang='grc' dir='ltr'>κλέπτην</span> <span class='ocrx_word' id='word_1_31' title='bbox 377 695 512 723; x_wconf 85' lang='lat' dir='ltr'>vocant.</span> <span class='ocrx_word' id='word_1_32' title='bbox 553 689 623 721; x_wconf 88' lang='lat' dir='ltr'>Sed</span> <span class='ocrx_word' id='word_1_33' title='bbox 649 693 686 721; x_wconf 89' lang='lat' dir='ltr'>et</span> <span class='ocrx_word' id='word_1_34' title='bbox 708 689 772 721; x_wconf 89' lang='lat' dir='ltr'>boc</span> <span class='ocrx_word' id='word_1_35' title='bbox 789 690 859 721; x_wconf 93' lang='lat' dir='ltr'>elo-</span> 
     </span>
     <span class='ocr_line' id='line_1_9' title="bbox 158 740 860 785; baseline -0.007 -9"><span class='ocrx_word' id='word_1_36' title='bbox 158 743 308 785; x_wconf 71' lang='lat' dir='ltr'>quentiae</span> <span class='ocrx_word' id='word_1_37' title='bbox 318 741 486 781; x_wconf 86' lang='lat' dir='ltr'>tribuunt,</span> <span class='ocrx_word' id='word_1_38' title='bbox 495 749 570 782; x_wconf 85' lang='lat' dir='ltr'>quae</span> <span class='ocrx_word' id='word_1_39' title='bbox 580 740 749 771; x_wconf 89' lang='lat' dir='ltr'>hominem</span> <span class='ocrx_word' id='word_1_40' title='bbox 759 743 860 772; x_wconf 82' lang='lat' dir='ltr'>extra</span> 
     </span>
     <span class='ocr_line' id='line_1_10' title="bbox 156 789 859 834; baseline -0.007 -8"><span class='ocrx_word' id='word_1_41' title='bbox 156 803 195 827; x_wconf 84' lang='lat' dir='ltr'>se</span> <span class='ocrx_word' id='word_1_42' title='bbox 210 801 334 834; x_wconf 75' lang='lat' dir='ltr'>rapere</span> <span class='ocrx_word' id='word_1_43' title='bbox 349 790 598 834; x_wconf 87' lang='lat' dir='ltr'>quodammodo</span> <span class='ocrx_word' id='word_1_44' title='bbox 610 790 733 831; x_wconf 84' lang='lat' dir='ltr'><strong>possit,</strong></span> <span class='ocrx_word' id='word_1_45' title='bbox 744 799 804 822; x_wconf 89' lang='lat' dir='ltr'>nos</span> <span class='ocrx_word' id='word_1_46' title='bbox 816 789 859 822; x_wconf 87' lang='lat' dir='ltr'>ad</span> 
     </span>
     <span class='ocr_line' id='line_1_11' title="bbox 154 839 860 883; baseline -0.004 -9"><span class='ocrx_word' id='word_1_47' title='bbox 154 841 305 883; x_wconf 72' lang='grc' dir='ltr'>γοητείαν</span> <span class='ocrx_word' id='word_1_48' title='bbox 314 840 504 874; x_wconf 81' lang='lat' dir='ltr'>referimus.</span> <span class='ocrx_word' id='word_1_49' title='bbox 526 840 576 873; x_wconf 85' lang='lat' dir='ltr'>At</span> <span class='ocrx_word' id='word_1_50' title='bbox 591 840 792 881; x_wconf 79' lang='lat' dir='ltr'>Fulgentius</span> <span class='ocrx_word' id='word_1_51' title='bbox 806 839 860 871; x_wconf 87' lang='lat' dir='ltr'>fu·</span> 
     </span>
     <span class='ocr_line' id='line_1_12' title="bbox 158 889 860 933; baseline -0.004 -8"><span class='ocrx_word' id='word_1_52' title='bbox 158 902 232 925; x_wconf 89' lang='lat' dir='ltr'>rem</span> <span class='ocrx_word' id='word_1_53' title='bbox 246 892 362 924; x_wconf 81' lang='lat' dir='ltr'>vocari</span> <span class='ocrx_word' id='word_1_54' title='bbox 385 892 473 932; x_wconf 78' lang='lat' dir='ltr'>vult,</span> <span class='ocrx_word' id='word_1_55' title='bbox 495 891 575 933; x_wconf 88' lang='lat' dir='ltr'>quia</span> <span class='ocrx_word' id='word_1_56' title='bbox 599 892 688 923; x_wconf 91' lang='lat' dir='ltr'>inter</span> <span class='ocrx_word' id='word_1_57' title='bbox 710 889 804 923; x_wconf 85' lang='lat' dir='ltr'>furta</span> <span class='ocrx_word' id='word_1_58' title='bbox 818 900 860 923; x_wconf 87' lang='lat' dir='ltr'>ac</span> 
     </span>
     <span class='ocr_line' id='line_1_13' title="bbox 155 940 860 985; baseline -0.004 -10"><span class='ocrx_word' id='word_1_59' title='bbox 155 942 404 985; x_wconf 79' lang='lat' dir='ltr'>negotiantium</span> <span class='ocrx_word' id='word_1_60' title='bbox 425 947 587 983; x_wconf 84' lang='lat' dir='ltr'>capturas</span> <span class='ocrx_word' id='word_1_61' title='bbox 612 950 731 983; x_wconf 89' lang='lat' dir='ltr'>parum</span> <span class='ocrx_word' id='word_1_62' title='bbox 754 940 860 973; x_wconf 89' lang='lat' dir='ltr'>inter-</span> 
     </span>
     <span class='ocr_line' id='line_1_14' title="bbox 156 998 221 1026; baseline -0.015 0"><span class='ocrx_word' id='word_1_63' title='bbox 156 998 221 1026; x_wconf 80' lang='lat' dir='ltr'>est.</span> 
     </span>
    </p>

    <p class='ocr_par' dir='ltr' id='par_1_6' title="bbox 157 1041 864 1385">
     <span class='ocr_line' id='line_1_15' title="bbox 201 1041 862 1085; baseline -0.005 -9"><span class='ocrx_word' id='word_1_64' title='bbox 201 1046 224 1076; x_wconf 78' lang='lat'>9</span> <span class='ocrx_word' id='word_1_65' title='bbox 241 1044 284 1076; x_wconf 82' lang='lat' dir='ltr'>Te</span> <span class='ocrx_word' id='word_1_66' title='bbox 297 1043 401 1085; x_wconf 80' lang='lat' dir='ltr'>boves]</span> <span class='ocrx_word' id='word_1_67' title='bbox 425 1043 521 1075; x_wconf 87' lang='lat' dir='ltr'>Dum</span> <span class='ocrx_word' id='word_1_68' title='bbox 537 1045 686 1075; x_wconf 87' lang='lat' dir='ltr'>terreret</span> <span class='ocrx_word' id='word_1_69' title='bbox 703 1046 738 1074; x_wconf 87' lang='lat' dir='ltr'>te</span> <span class='ocrx_word' id='word_1_70' title='bbox 749 1041 862 1083; x_wconf 87' lang='lat' dir='ltr'>minis,</span> 
     </span>
     <span class='ocr_line' id='line_1_16' title="bbox 159 1091 860 1131; baseline -0.003 -6"><span class='ocrx_word' id='word_1_71' title='bbox 159 1093 227 1126; x_wconf 85' lang='lat' dir='ltr'>nisi</span> <span class='ocrx_word' id='word_1_72' title='bbox 254 1093 359 1126; x_wconf 84' lang='lat' dir='ltr'>boves</span> <span class='ocrx_word' id='word_1_73' title='bbox 387 1093 548 1125; x_wconf 83' lang='lat' dir='ltr'>redderes</span> <span class='ocrx_word' id='word_1_74' title='bbox 579 1092 673 1124; x_wconf 87' lang='lat' dir='ltr'>furto</span> <span class='ocrx_word' id='word_1_75' title='bbox 697 1091 860 1131; x_wconf 77' lang='lat' dir='ltr'>sublatas,</span> 
     </span>
     <span class='ocr_line' id='line_1_17' title="bbox 161 1140 861 1183; baseline -0.003 -9"><span class='ocrx_word' id='word_1_76' title='bbox 161 1151 239 1174; x_wconf 87' lang='lat' dir='ltr'>cum</span> <span class='ocrx_word' id='word_1_77' title='bbox 253 1141 323 1173; x_wconf 88' lang='lat' dir='ltr'>risu</span> <span class='ocrx_word' id='word_1_78' title='bbox 339 1146 503 1183; x_wconf 84' lang='lat' dir='ltr'>expertus</span> <span class='ocrx_word' id='word_1_79' title='bbox 519 1146 574 1173; x_wconf 87' lang='lat' dir='ltr'>est</span> <span class='ocrx_word' id='word_1_80' title='bbox 590 1146 681 1173; x_wconf 86' lang='lat' dir='ltr'>tuam</span> <span class='ocrx_word' id='word_1_81' title='bbox 697 1140 732 1172; x_wconf 90' lang='lat' dir='ltr'>in</span> <span class='ocrx_word' id='word_1_82' title='bbox 747 1140 861 1172; x_wconf 83' lang='lat' dir='ltr'>furan-</span> 
     </span>
     <span class='ocr_line' id='line_1_18' title="bbox 162 1190 863 1232; baseline 0 -10"><span class='ocrx_word' id='word_1_83' title='bbox 162 1191 209 1223; x_wconf 91' lang='lat' dir='ltr'>da</span> <span class='ocrx_word' id='word_1_84' title='bbox 238 1191 341 1224; x_wconf 84' lang='lat' dir='ltr'>etiam</span> <span class='ocrx_word' id='word_1_85' title='bbox 366 1192 524 1232; x_wconf 86' lang='lat' dir='ltr'>pharetra</span> <span class='ocrx_word' id='word_1_86' title='bbox 561 1191 759 1223; x_wconf 85' lang='lat' dir='ltr'>versutiam.</span> <span class='ocrx_word' id='word_1_87' title='bbox 791 1190 863 1222; x_wconf 77' lang='lat' dir='ltr'>Ste-</span> 
     </span>
     <span class='ocr_line' id='line_1_19' title="bbox 157 1240 864 1283; baseline -0.001 -10"><span class='ocrx_word' id='word_1_88' title='bbox 157 1241 293 1283; x_wconf 76' lang='lat' dir='ltr'>phanus.</span> <span class='ocrx_word' id='word_1_89' title='bbox 336 1241 442 1273; x_wconf 76' lang='lat' dir='ltr'>Boves</span> <span class='ocrx_word' id='word_1_90' title='bbox 461 1241 551 1282; x_wconf 77' lang='lat' dir='ltr'>olim]</span> <span class='ocrx_word' id='word_1_91' title='bbox 583 1242 696 1272; x_wconf 82' lang='lat' dir='ltr'>Boves</span> <span class='ocrx_word' id='word_1_92' title='bbox 722 1240 864 1273; x_wconf 87' lang='lat' dir='ltr'>Admeti</span> 
     </span>
     <span class='ocr_line' id='line_1_20' title="bbox 163 1293 862 1335; baseline 0 -10"><span class='ocrx_word' id='word_1_93' title='bbox 163 1293 287 1334; x_wconf 82' lang='lat' dir='ltr'>Regis,</span> <span class='ocrx_word' id='word_1_94' title='bbox 301 1303 386 1335; x_wconf 91' lang='lat' dir='ltr'>quos</span> <span class='ocrx_word' id='word_1_95' title='bbox 402 1293 529 1334; x_wconf 85' lang='lat' dir='ltr'>Apollo</span> <span class='ocrx_word' id='word_1_96' title='bbox 543 1293 724 1325; x_wconf 86' lang='lat' dir='ltr'>divinitate</span> <span class='ocrx_word' id='word_1_97' title='bbox 751 1293 862 1335; x_wconf 85' lang='lat' dir='ltr'>priva-</span> 
     </span>
     <span class='ocr_line' id='line_1_21' title="bbox 161 1343 406 1385; baseline 0 -9"><span class='ocrx_word' id='word_1_98' title='bbox 161 1347 216 1376; x_wconf 80' lang='lat' dir='ltr'>tus</span> <span class='ocrx_word' id='word_1_99' title='bbox 231 1343 406 1385; x_wconf 79' lang='lat' dir='ltr'>pascebat.</span> 
     </span>
    </p>

    <p class='ocr_par' dir='ltr' id='par_1_7' title="bbox 160 1391 865 1630">
     <span class='ocr_line' id='line_1_22' title="bbox 204 1391 864 1432; baseline -0.003 -7"><span class='ocrx_word' id='word_1_100' title='bbox 204 1395 247 1425; x_wconf 86' lang='lat'>10</span> <span class='ocrx_word' id='word_1_101' title='bbox 267 1392 414 1432; x_wconf 68' lang='lat' dir='ltr'>Amnem]</span> <span class='ocrx_word' id='word_1_102' title='bbox 436 1392 601 1432; x_wconf 86' lang='lat' dir='ltr'>Abactas,</span> <span class='ocrx_word' id='word_1_103' title='bbox 614 1396 651 1424; x_wconf 87' lang='lat' dir='ltr'>et</span> <span class='ocrx_word' id='word_1_104' title='bbox 666 1391 784 1424; x_wconf 86' lang='lat' dir='ltr'>furtim</span> <span class='ocrx_word' id='word_1_105' title='bbox 807 1392 864 1424; x_wconf 86' lang='lat' dir='ltr'>ad-</span> 
     </span>
     <span class='ocr_line' id='line_1_23' title="bbox 162 1441 862 1483; baseline 0.001 -10"><span class='ocrx_word' id='word_1_106' title='bbox 162 1446 306 1483; x_wconf 82' lang='lat' dir='ltr'>emptas.</span> <span class='ocrx_word' id='word_1_107' title='bbox 358 1442 500 1473; x_wconf 84' lang='lat' dir='ltr'>Puerum</span> <span class='ocrx_word' id='word_1_108' title='bbox 535 1441 667 1482; x_wconf 79' lang='lat' dir='ltr'>minaci]</span> <span class='ocrx_word' id='word_1_109' title='bbox 702 1442 766 1478; x_wconf 82' lang='lat' dir='ltr'>Te,</span> <span class='ocrx_word' id='word_1_110' title='bbox 804 1443 862 1483; x_wconf 92' lang='lat' dir='ltr'>qui</span> 
     </span>
     <span class='ocr_line' id='line_1_24' title="bbox 160 1490 864 1533; baseline -0.001 -9"><span class='ocrx_word' id='word_1_111' title='bbox 160 1491 328 1533; x_wconf 84' lang='lat' dir='ltr'>puerilem</span> <span class='ocrx_word' id='word_1_112' title='bbox 342 1492 398 1523; x_wconf 87' lang='lat' dir='ltr'>vel</span> <span class='ocrx_word' id='word_1_113' title='bbox 420 1491 546 1523; x_wconf 87' lang='lat' dir='ltr'>servuli</span> <span class='ocrx_word' id='word_1_114' title='bbox 570 1496 607 1524; x_wconf 90' lang='lat' dir='ltr'>et</span> <span class='ocrx_word' id='word_1_115' title='bbox 634 1491 771 1523; x_wconf 87' lang='lat' dir='ltr'>bubulci</span> <span class='ocrx_word' id='word_1_116' title='bbox 794 1490 864 1523; x_wconf 86' lang='lat' dir='ltr'>for-</span> 
     </span>
     <span class='ocr_line' id='line_1_25' title="bbox 160 1542 865 1584; baseline 0 -10"><span class='ocrx_word' id='word_1_117' title='bbox 160 1551 250 1575; x_wconf 87' lang='lat' dir='ltr'>mam</span> <span class='ocrx_word' id='word_1_118' title='bbox 274 1551 517 1584; x_wconf 75' lang='lat' dir='ltr'>assumpseras,</span> <span class='ocrx_word' id='word_1_119' title='bbox 539 1542 620 1575; x_wconf 90' lang='lat' dir='ltr'>dum</span> <span class='ocrx_word' id='word_1_120' title='bbox 643 1547 791 1575; x_wconf 83' lang='lat' dir='ltr'>terreret</span> <span class='ocrx_word' id='word_1_121' title='bbox 806 1543 865 1574; x_wconf 90' lang='lat' dir='ltr'>mi-</span> 
     </span>
     <span class='ocr_line' id='line_1_26' title="bbox 161 1601 227 1630; baseline 0.03 -6"><span class='ocrx_word' id='word_1_122' title='bbox 161 1601 227 1630; x_wconf 81' lang='lat' dir='ltr'>ms.</span> 
     </span>
    </p>

    <p class='ocr_par' dir='ltr' id='par_1_8' title="bbox 163 1642 865 1727">
     <span class='ocr_line' id='line_1_27' title="bbox 206 1642 865 1686; baseline 0.002 -11"><span class='ocrx_word' id='word_1_123' title='bbox 206 1645 246 1678; x_wconf 84' lang='lat'>11</span> <span class='ocrx_word' id='word_1_124' title='bbox 276 1642 397 1676; x_wconf 73' lang='lat' dir='ltr'>Viduas</span> <span class='ocrx_word' id='word_1_125' title='bbox 407 1643 574 1686; x_wconf 77' lang='lat' dir='ltr'>pharetra]</span> <span class='ocrx_word' id='word_1_126' title='bbox 606 1644 767 1677; x_wconf 85' lang='lat' dir='ltr'>Privatus</span> <span class='ocrx_word' id='word_1_127' title='bbox 783 1644 865 1686; x_wconf 88' lang='lat' dir='ltr'>pha-</span> 
     </span>
     <span class='ocr_line' id='line_1_28' title="bbox 163 1697 271 1727; baseline 0.019 -2"><span class='ocrx_word' id='word_1_128' title='bbox 163 1697 271 1727; x_wconf 61' lang='lat' dir='ltr'><strong>retra·</strong></span> 
     </span>
    </p>

    <p class='ocr_par' dir='ltr' id='par_1_9' title="bbox 162 1743 866 1827">
     <span class='ocr_line' id='line_1_29' title="bbox 207 1743 866 1786; baseline 0.002 -11"><span class='ocrx_word' id='word_1_129' title='bbox 207 1746 250 1776; x_wconf 78' lang='lat'>12</span> <span class='ocrx_word' id='word_1_130' title='bbox 266 1744 354 1777; x_wconf 72' lang='lat' dir='ltr'>Risit</span> <span class='ocrx_word' id='word_1_131' title='bbox 366 1744 492 1786; x_wconf 78' lang='lat' dir='ltr'>Apollo]</span> <span class='ocrx_word' id='word_1_132' title='bbox 516 1743 711 1778; x_wconf 84' lang='lat' dir='ltr'>Ridendum</span> <span class='ocrx_word' id='word_1_133' title='bbox 726 1744 789 1776; x_wconf 87' lang='lat' dir='ltr'>sibi</span> <span class='ocrx_word' id='word_1_134' title='bbox 805 1754 866 1786; x_wconf 92' lang='lat' dir='ltr'>pu-</span> 
     </span>
     <span class='ocr_line' id='line_1_30' title="bbox 162 1795 263 1827; baseline -0.02 0"><span class='ocrx_word' id='word_1_135' title='bbox 162 1795 263 1827; x_wconf 81' lang='lat' dir='ltr'>tavit.</span> 
     </span>
    </p>

    <p class='ocr_par' dir='ltr' id='par_1_10' title="bbox 167 1843 869 1984">
     <span class='ocr_line' id='line_1_31' title="bbox 209 1843 868 1884; baseline -0.003 -8"><span class='ocrx_word' id='word_1_136' title='bbox 209 1847 251 1876; x_wconf 74' lang='lat'>1³</span> <span class='ocrx_word' id='word_1_137' title='bbox 265 1844 415 1884; x_wconf 75' lang='lat' dir='ltr'>Atridas]</span> <span class='ocrx_word' id='word_1_138' title='bbox 441 1843 732 1884; x_wconf 84' lang='lat' dir='ltr'>Agamemnonem</span> <span class='ocrx_word' id='word_1_139' title='bbox 746 1847 781 1874; x_wconf 90' lang='lat' dir='ltr'>et</span> <span class='ocrx_word' id='word_1_140' title='bbox 794 1843 868 1874; x_wconf 90' lang='lat' dir='ltr'>Me-</span> 
     </span>
     <span class='ocr_line' id='line_1_32' title="bbox 167 1892 869 1933; baseline -0.003 -7"><span class='ocrx_word' id='word_1_141' title='bbox 167 1894 316 1926; x_wconf 84' lang='lat' dir='ltr'>nelaum.</span> <span class='ocrx_word' id='word_1_142' title='bbox 370 1894 460 1925; x_wconf 83' lang='lat' dir='ltr'>Duce</span> <span class='ocrx_word' id='word_1_143' title='bbox 485 1897 518 1925; x_wconf 78' lang='lat' dir='ltr'>te</span> <span class='ocrx_word' id='word_1_144' title='bbox 541 1892 704 1933; x_wconf 83' lang='lat' dir='ltr'>superbos]</span> <span class='ocrx_word' id='word_1_145' title='bbox 737 1892 807 1926; x_wconf 86' lang='lat' dir='ltr'>Qui</span> <span class='ocrx_word' id='word_1_146' title='bbox 833 1898 869 1925; x_wconf 90' lang='lat' dir='ltr'>te</span> 
     </span>
     <span class='ocr_line' id='line_1_33' title="bbox 167 1942 655 1984; baseline -0.002 -9"><span class='ocrx_word' id='word_1_147' title='bbox 167 1944 290 1981; x_wconf 70' lang='lat' dir='ltr'>‚ducem</span> <span class='ocrx_word' id='word_1_148' title='bbox 305 1943 444 1975; x_wconf 85' lang='lat' dir='ltr'>Priamo</span> <span class='ocrx_word' id='word_1_149' title='bbox 463 1942 655 1984; x_wconf 85' lang='lat' dir='ltr'>praebebas.</span> 
     </span>
    </p>

    <p class='ocr_par' dir='ltr' id='par_1_11' title="bbox 165 1992 870 2186">
     <span class='ocr_line' id='line_1_34' title="bbox 211 1992 870 2035; baseline -0.003 -9"><span class='ocrx_word' id='word_1_150' title='bbox 211 1996 252 2026; x_wconf 78' lang='lat'>14</span> <span class='ocrx_word' id='word_1_151' title='bbox 274 1993 337 2026; x_wconf 82' lang='lat' dir='ltr'>Ilio</span> <span class='ocrx_word' id='word_1_152' title='bbox 351 1994 476 2035; x_wconf 81' lang='lat' dir='ltr'>relicto]</span> <span class='ocrx_word' id='word_1_153' title='bbox 501 1992 657 2024; x_wconf 86' lang='lat' dir='ltr'>Priamus</span> <span class='ocrx_word' id='word_1_154' title='bbox 669 1994 759 2024; x_wconf 90' lang='lat' dir='ltr'>enim</span> <span class='ocrx_word' id='word_1_155' title='bbox 776 1993 870 2025; x_wconf 89' lang='lat' dir='ltr'>Mer-</span> 
     </span>
     <span class='ocr_line' id='line_1_35' title="bbox 167 2043 870 2083; baseline -0.003 -6"><span class='ocrx_word' id='word_1_156' title='bbox 167 2045 265 2078; x_wconf 82' lang='lat' dir='ltr'>curio</span> <span class='ocrx_word' id='word_1_157' title='bbox 279 2043 367 2076; x_wconf 86' lang='lat' dir='ltr'>duce</span> <span class='ocrx_word' id='word_1_158' title='bbox 382 2053 446 2083; x_wconf 91' lang='lat' dir='ltr'>per</span> <span class='ocrx_word' id='word_1_159' title='bbox 462 2048 579 2075; x_wconf 89' lang='lat' dir='ltr'>castra</span> <span class='ocrx_word' id='word_1_160' title='bbox 594 2043 796 2075; x_wconf 83' lang='lat' dir='ltr'>Graecorum</span> <span class='ocrx_word' id='word_1_161' title='bbox 813 2052 870 2075; x_wconf 86' lang='lat' dir='ltr'>ve-</span> 
     </span>
     <span class='ocr_line' id='line_1_36' title="bbox 165 2093 870 2135; baseline -0.001 -8"><span class='ocrx_word' id='word_1_162' title='bbox 165 2095 218 2127; x_wconf 85' lang='lat' dir='ltr'>nit</span> <span class='ocrx_word' id='word_1_163' title='bbox 234 2094 277 2126; x_wconf 87' lang='lat' dir='ltr'>ad</span> <span class='ocrx_word' id='word_1_164' title='bbox 292 2093 476 2134; x_wconf 83' lang='lat' dir='ltr'>Achillem,</span> <span class='ocrx_word' id='word_1_165' title='bbox 500 2102 521 2129; x_wconf 89' lang='lat' dir='ltr'>a</span> <span class='ocrx_word' id='word_1_166' title='bbox 542 2103 610 2135; x_wconf 91' lang='lat' dir='ltr'>quo</span> <span class='ocrx_word' id='word_1_167' title='bbox 637 2093 782 2125; x_wconf 83' lang='lat' dir='ltr'>redemit</span> <span class='ocrx_word' id='word_1_168' title='bbox 796 2103 870 2126; x_wconf 91' lang='lat' dir='ltr'>cor-</span> 
     </span>
     <span class='ocr_line' id='line_1_37' title="bbox 165 2143 760 2186; baseline -0.003 -10"><span class='ocrx_word' id='word_1_169' title='bbox 165 2154 231 2186; x_wconf 81' lang='lat' dir='ltr'>pus</span> <span class='ocrx_word' id='word_1_170' title='bbox 246 2143 308 2175; x_wconf 85' lang='lat' dir='ltr'>filii</span> <span class='ocrx_word' id='word_1_171' title='bbox 323 2143 374 2175; x_wconf 89' lang='lat' dir='ltr'>sui</span> <span class='ocrx_word' id='word_1_172' title='bbox 391 2143 565 2175; x_wconf 86' lang='lat' dir='ltr'>Hectoris.</span> <span class='ocrx_word' id='word_1_173' title='bbox 582 2143 760 2175; x_wconf 65' lang='lat' dir='ltr'>comment.</span> 
     </span>
    </p>

    <p class='ocr_par' dir='ltr' id='par_1_12' title="bbox 156 2193 871 2335">
     <span class='ocr_line' id='line_1_38' title="bbox 211 2193 870 2234; baseline -0.002 -8"><span class='ocrx_word' id='word_1_174' title='bbox 211 2197 250 2226; x_wconf 82' lang='lat'>1⁵</span> <span class='ocrx_word' id='word_1_175' title='bbox 276 2194 494 2234; x_wconf 74' lang='lat' dir='ltr'>Thessalosque</span> <span class='ocrx_word' id='word_1_176' title='bbox 517 2193 624 2234; x_wconf 82' lang='lat' dir='ltr'>ignes]</span> <span class='ocrx_word' id='word_1_177' title='bbox 656 2193 870 2226; x_wconf 84' lang='lat' dir='ltr'>Thessalicas</span> 
     </span>
     <span class='ocr_line' id='line_1_39' title="bbox 166 2243 871 2286; baseline 0 -10"><span class='ocrx_word' id='word_1_178' title='bbox 166 2253 229 2276; x_wconf 85' lang='lat' dir='ltr'>seu</span> <span class='ocrx_word' id='word_1_179' title='bbox 241 2243 440 2277; x_wconf 81' lang='lat' dir='ltr'>Graecorum</span> <span class='ocrx_word' id='word_1_180' title='bbox 454 2244 628 2276; x_wconf 84' lang='lat' dir='ltr'>excubias.</span> <span class='ocrx_word' id='word_1_181' title='bbox 665 2244 782 2286; x_wconf 79' lang='lat' dir='ltr'>Iniqua</span> <span class='ocrx_word' id='word_1_182' title='bbox 795 2245 871 2276; x_wconf 82' lang='lat' dir='ltr'>Tro·</span> 
     </span>
     <span class='ocr_line' id='line_1_40' title="bbox 156 2293 712 2335; baseline 0.002 -9"><span class='ocrx_word' id='word_1_183' title='bbox 156 2293 224 2335; x_wconf 61' lang='grc' dir='ltr'>ᾖα]</span> <span class='ocrx_word' id='word_1_184' title='bbox 248 2293 369 2326; x_wconf 84' lang='lat' dir='ltr'>Castra</span> <span class='ocrx_word' id='word_1_185' title='bbox 383 2293 545 2334; x_wconf 85' lang='lat' dir='ltr'>Trojanis</span> <span class='ocrx_word' id='word_1_186' title='bbox 561 2293 712 2327; x_wconf 87' lang='lat' dir='ltr'>inimica.</span> 
     </span>
    </p>

    <p class='ocr_par' dir='ltr' id='par_1_13' title="bbox 170 2342 871 2435">
     <span class='ocr_line' id='line_1_41' title="bbox 213 2342 871 2383; baseline 0 -7"><span class='ocrx_word' id='word_1_187' title='bbox 213 2346 255 2376; x_wconf 79' lang='lat'>16</span> <span class='ocrx_word' id='word_1_188' title='bbox 277 2342 421 2383; x_wconf 71' lang='lat' dir='ltr'>Fesellit]</span> <span class='ocrx_word' id='word_1_189' title='bbox 442 2343 500 2375; x_wconf 92' lang='lat' dir='ltr'>Sic</span> <span class='ocrx_word' id='word_1_190' title='bbox 514 2343 628 2383; x_wconf 88' lang='lat' dir='ltr'>latuit,</span> <span class='ocrx_word' id='word_1_191' title='bbox 645 2348 683 2376; x_wconf 92' lang='lat' dir='ltr'>ut</span> <span class='ocrx_word' id='word_1_192' title='bbox 699 2353 719 2375; x_wconf 89' lang='lat' dir='ltr'>a</span> <span class='ocrx_word' id='word_1_193' title='bbox 735 2344 871 2376; x_wconf 90' lang='lat' dir='ltr'>nemine</span> 
     </span>
     <span class='ocr_line' id='line_1_42' title="bbox 170 2393 842 2435; baseline 0.003 -11"><span class='ocrx_word' id='word_1_194' title='bbox 170 2393 340 2434; x_wconf 79' lang='lat' dir='ltr'>cognitus,</span> <span class='ocrx_word' id='word_1_195' title='bbox 356 2402 397 2425; x_wconf 86' lang='lat' dir='ltr'>ac</span> <span class='ocrx_word' id='word_1_196' title='bbox 409 2402 453 2424; x_wconf 88' lang='lat' dir='ltr'>ne</span> <span class='ocrx_word' id='word_1_197' title='bbox 468 2393 559 2425; x_wconf 88' lang='lat' dir='ltr'>visus</span> <span class='ocrx_word' id='word_1_198' title='bbox 574 2393 710 2435; x_wconf 89' lang='lat' dir='ltr'>quidem</span> <span class='ocrx_word' id='word_1_199' title='bbox 726 2394 842 2426; x_wconf 79' lang='lat' dir='ltr'>fuerit.</span> 
     </span>
    </p>

    <p class='ocr_par' dir='ltr' id='par_1_14' title="bbox 171 2442 879 2874">
     <span class='ocr_line' id='line_1_43' title="bbox 216 2442 874 2486; baseline 0.003 -12"><span class='ocrx_word' id='word_1_200' title='bbox 216 2445 256 2474; x_wconf 75' lang='lat'>1⁷</span> <span class='ocrx_word' id='word_1_201' title='bbox 282 2443 331 2474; x_wconf 85' lang='lat' dir='ltr'>Tu</span> <span class='ocrx_word' id='word_1_202' title='bbox 343 2443 414 2483; x_wconf 79' lang='lat' dir='ltr'>pias</span> <span class='ocrx_word' id='word_1_203' title='bbox 427 2442 526 2483; x_wconf 77' lang='lat' dir='ltr'>loetis]</span> <span class='ocrx_word' id='word_1_204' title='bbox 548 2442 589 2475; x_wconf 92' lang='lat' dir='ltr'>Id</span> <span class='ocrx_word' id='word_1_205' title='bbox 606 2453 739 2486; x_wconf 86' lang='lat' dir='ltr'>quoque</span> <span class='ocrx_word' id='word_1_206' title='bbox 752 2454 796 2476; x_wconf 85' lang='lat' dir='ltr'>ex</span> <span class='ocrx_word' id='word_1_207' title='bbox 812 2454 874 2485; x_wconf 89' lang='lat' dir='ltr'>pu·</span> 
     </span>
     <span class='ocr_line' id='line_1_44' title="bbox 171 2491 874 2533; baseline 0.003 -10"><span class='ocrx_word' id='word_1_208' title='bbox 171 2491 264 2524; x_wconf 86' lang='lat' dir='ltr'>riore</span> <span class='ocrx_word' id='word_1_209' title='bbox 281 2492 492 2532; x_wconf 77' lang='lat' dir='ltr'>philosophia</span> <span class='ocrx_word' id='word_1_210' title='bbox 506 2497 689 2533; x_wconf 89' lang='lat' dir='ltr'>sumptum.</span> <span class='ocrx_word' id='word_1_211' title='bbox 717 2493 768 2526; x_wconf 91' lang='lat' dir='ltr'>Ut</span> <span class='ocrx_word' id='word_1_212' title='bbox 783 2494 874 2525; x_wconf 90' lang='lat' dir='ltr'>enim</span> 
     </span>
     <span class='ocr_line' id='line_1_45' title="bbox 174 2542 876 2583; baseline 0.001 -9"><span class='ocrx_word' id='word_1_213' title='bbox 174 2550 317 2583; x_wconf 86' lang='lat' dir='ltr'>corpora</span> <span class='ocrx_word' id='word_1_214' title='bbox 345 2545 449 2572; x_wconf 88' lang='lat' dir='ltr'>terrae</span> <span class='ocrx_word' id='word_1_215' title='bbox 481 2542 597 2574; x_wconf 88' lang='lat' dir='ltr'>deberi</span> <span class='ocrx_word' id='word_1_216' title='bbox 634 2543 876 2576; x_wconf 85' lang='lat' dir='ltr'>existimabant</span> 
     </span>
     <span class='ocr_line' id='line_1_46' title="bbox 174 2588 875 2626; baseline 0 -3"><span class='ocrx_word' id='word_1_217' title='bbox 174 2596 322 2626; x_wconf 79' lang='lat' dir='ltr'>veteres,</span> <span class='ocrx_word' id='word_1_218' title='bbox 345 2590 394 2622; x_wconf 89' lang='lat' dir='ltr'>sic</span> <span class='ocrx_word' id='word_1_219' title='bbox 414 2588 653 2622; x_wconf 84' lang='lat' dir='ltr'>defunctorum</span> <span class='ocrx_word' id='word_1_220' title='bbox 669 2592 797 2623; x_wconf 85' lang='lat' dir='ltr'>animas</span> <span class='ocrx_word' id='word_1_221' title='bbox 822 2593 875 2623; x_wconf 88' lang='lat' dir='ltr'>ili-</span> 
     </span>
     <span class='ocr_line' id='line_1_47' title="bbox 175 2639 877 2680; baseline -0.001 -7"><span class='ocrx_word' id='word_1_222' title='bbox 175 2650 217 2674; x_wconf 90' lang='lat' dir='ltr'>co</span> <span class='ocrx_word' id='word_1_223' title='bbox 232 2650 254 2672; x_wconf 90' lang='lat' dir='ltr'>a</span> <span class='ocrx_word' id='word_1_224' title='bbox 274 2639 450 2672; x_wconf 86' lang='lat' dir='ltr'>Mercurio</span> <span class='ocrx_word' id='word_1_225' title='bbox 475 2639 616 2680; x_wconf 87' lang='lat' dir='ltr'>suscipi,</span> <span class='ocrx_word' id='word_1_226' title='bbox 643 2649 683 2672; x_wconf 87' lang='lat' dir='ltr'>ac</span> <span class='ocrx_word' id='word_1_227' title='bbox 707 2641 764 2672; x_wconf 82' lang='lat' dir='ltr'>vel</span> <span class='ocrx_word' id='word_1_228' title='bbox 789 2642 877 2673; x_wconf 90' lang='lat' dir='ltr'>coelo</span> 
     </span>
     <span class='ocr_line' id='line_1_48' title="bbox 175 2687 878 2728; baseline -0.001 -5"><span class='ocrx_word' id='word_1_229' title='bbox 175 2690 287 2728; x_wconf 77' lang='lat' dir='ltr'>reddi,</span> <span class='ocrx_word' id='word_1_230' title='bbox 311 2690 367 2721; x_wconf 82' lang='lat' dir='ltr'>vel</span> <span class='ocrx_word' id='word_1_231' title='bbox 391 2689 434 2720; x_wconf 87' lang='lat' dir='ltr'>ad</span> <span class='ocrx_word' id='word_1_232' title='bbox 459 2687 589 2720; x_wconf 85' lang='lat' dir='ltr'>inferos</span> <span class='ocrx_word' id='word_1_233' title='bbox 611 2688 749 2722; x_wconf 85' lang='lat' dir='ltr'>deduci.</span> <span class='ocrx_word' id='word_1_234' title='bbox 793 2689 878 2722; x_wconf 84' lang='lat' dir='ltr'>Ideo</span> 
     </span>
     <span class='ocr_line' id='line_1_49' title="bbox 175 2738 878 2782; baseline -0.001 -10"><span class='ocrx_word' id='word_1_235' title='bbox 175 2740 273 2782; x_wconf 75' lang='lat' dir='ltr'>illum</span> <span class='ocrx_word' id='word_1_236' title='bbox 299 2739 310 2758; x_wconf 76' lang='lat'>⁴</span> <span class='ocrx_word' id='word_1_237' title='bbox 326 2739 611 2780; x_wconf 83' lang='lat' dir='ltr'>dispensatorem,</span> <span class='ocrx_word' id='word_1_238' title='bbox 638 2738 878 2772; x_wconf 90' lang='lat' dir='ltr'>deductorem-</span> 
     </span>
     <span class='ocr_line' id='line_1_50' title="bbox 177 2788 879 2832; baseline 0.001 -11"><span class='ocrx_word' id='word_1_239' title='bbox 177 2800 245 2832; x_wconf 84' lang='lat' dir='ltr'>que</span> <span class='ocrx_word' id='word_1_240' title='bbox 273 2789 458 2822; x_wconf 84' lang='lat' dir='ltr'>animarum</span> <span class='ocrx_word' id='word_1_241' title='bbox 482 2798 524 2822; x_wconf 80' lang='lat' dir='ltr'>ac</span> <span class='ocrx_word' id='word_1_242' title='bbox 546 2788 751 2831; x_wconf 87' lang='lat' dir='ltr'>janitorem&#39;</span> <span class='ocrx_word' id='word_1_243' title='bbox 779 2798 879 2822; x_wconf 83' lang='lat' dir='ltr'>voca·</span> 
     </span>
     <span class='ocr_line' id='line_1_51' title="bbox 178 2842 270 2874; baseline 0.011 -1"><span class='ocrx_word' id='word_1_244' title='bbox 178 2842 270 2874; x_wconf 64' lang='lat' dir='ltr'>bant</span> 
     </span>
    </p>
   </div>
   <div class='ocr_carea' id='block_1_3' title="bbox 1498 282 1612 326">
    <p class='ocr_par' dir='ltr' id='par_1_15' title="bbox 1498 282 1612 326">
     <span class='ocr_line' id='line_1_52' title="bbox 1498 282 1612 326; baseline 0.018 -2"><span class='ocrx_word' id='word_1_245' title='bbox 1498 282 1612 326; x_wconf 83' lang='lat'><strong>1357</strong></span> 
     </span>
    </p>
   </div>
   <div class='ocr_carea' id='block_1_4' title="bbox 904 383 1628 2130">
    <p class='ocr_par' dir='ltr' id='par_1_16' title="bbox 904 383 1616 771">
     <span class='ocr_line' id='line_1_53' title="bbox 950 383 1611 429; baseline 0.006 -12"><span class='ocrx_word' id='word_1_246' title='bbox 950 388 992 418; x_wconf 84' lang='lat'>18</span> <span class='ocrx_word' id='word_1_247' title='bbox 1014 385 1115 416; x_wconf 77' lang='lat' dir='ltr'>Loetis</span> <span class='ocrx_word' id='word_1_248' title='bbox 1134 383 1275 424; x_wconf 80' lang='lat' dir='ltr'>sedibus]</span> <span class='ocrx_word' id='word_1_249' title='bbox 1306 384 1447 426; x_wconf 84' lang='lat' dir='ltr'>Campis</span> <span class='ocrx_word' id='word_1_250' title='bbox 1474 386 1611 429; x_wconf 84' lang='lat' dir='ltr'>Elysiis.</span> 
     </span>
     <span class='ocr_line' id='line_1_54' title="bbox 906 436 1611 477; baseline 0.004 -9"><span class='ocrx_word' id='word_1_251' title='bbox 906 437 1013 469; x_wconf 84' lang='lat' dir='ltr'>Bond.</span> <span class='ocrx_word' id='word_1_252' title='bbox 1063 437 1236 477; x_wconf 81' lang='lat' dir='ltr'>Virgaque]</span> <span class='ocrx_word' id='word_1_253' title='bbox 1268 436 1393 477; x_wconf 83' lang='lat' dir='ltr'>virgil.</span> <span class='ocrx_word' id='word_1_254' title='bbox 1417 436 1529 469; x_wconf 83' lang='lat' dir='ltr'>‘Tum</span> <span class='ocrx_word' id='word_1_255' title='bbox 1546 440 1611 471; x_wconf 87' lang='lat' dir='ltr'>vir-</span> 
     </span>
     <span class='ocr_line' id='line_1_55' title="bbox 904 485 1613 527; baseline 0 -9"><span class='ocrx_word' id='word_1_256' title='bbox 904 494 982 527; x_wconf 76' lang='lat' dir='ltr'>gam</span> <span class='ocrx_word' id='word_1_257' title='bbox 999 485 1108 527; x_wconf 82' lang='lat' dir='ltr'>capit,</span> <span class='ocrx_word' id='word_1_258' title='bbox 1123 486 1186 517; x_wconf 86' lang='lat' dir='ltr'>hac</span> <span class='ocrx_word' id='word_1_259' title='bbox 1202 485 1332 516; x_wconf 84' lang='lat' dir='ltr'>animas</span> <span class='ocrx_word' id='word_1_260' title='bbox 1345 485 1404 517; x_wconf 90' lang='lat' dir='ltr'>ille</span> <span class='ocrx_word' id='word_1_261' title='bbox 1420 491 1542 517; x_wconf 86' lang='lat' dir='ltr'>evocat</span> <span class='ocrx_word' id='word_1_262' title='bbox 1558 497 1613 519; x_wconf 90' lang='lat' dir='ltr'>or-</span> 
     </span>
     <span class='ocr_line' id='line_1_56' title="bbox 906 535 1614 568; baseline 0.001 -1"><span class='ocrx_word' id='word_1_263' title='bbox 906 545 948 568; x_wconf 91' lang='lat' dir='ltr'>co</span> <span class='ocrx_word' id='word_1_264' title='bbox 964 535 1162 567; x_wconf 84' lang='lat' dir='ltr'>Pallentes:</span> <span class='ocrx_word' id='word_1_265' title='bbox 1179 535 1265 566; x_wconf 88' lang='lat' dir='ltr'>alias</span> <span class='ocrx_word' id='word_1_266' title='bbox 1277 535 1340 566; x_wconf 90' lang='lat' dir='ltr'>sub</span> <span class='ocrx_word' id='word_1_267' title='bbox 1353 535 1464 567; x_wconf 85' lang='lat' dir='ltr'>tristia</span> <span class='ocrx_word' id='word_1_268' title='bbox 1481 540 1614 568; x_wconf 85' lang='lat' dir='ltr'>tartara</span> 
     </span>
     <span class='ocr_line' id='line_1_57' title="bbox 905 585 1613 628; baseline 0.004 -12"><span class='ocrx_word' id='word_1_269' title='bbox 905 585 1037 624; x_wconf 87' lang='lat' dir='ltr'>mittit,&#39;</span> <span class='ocrx_word' id='word_1_270' title='bbox 1052 587 1119 618; x_wconf 68' lang='grc' dir='ltr'>διο.</span> <span class='ocrx_word' id='word_1_271' title='bbox 1169 585 1343 626; x_wconf 76' lang='lat' dir='ltr'>virgaque]</span> <span class='ocrx_word' id='word_1_272' title='bbox 1359 586 1531 626; x_wconf 87' lang='lat' dir='ltr'>Caduceo,</span> <span class='ocrx_word' id='word_1_273' title='bbox 1545 597 1613 628; x_wconf 90' lang='lat' dir='ltr'>quo</span> 
     </span>
     <span class='ocr_line' id='line_1_58' title="bbox 906 636 1615 670; baseline 0.001 -2"><span class='ocrx_word' id='word_1_274' title='bbox 906 637 1104 669; x_wconf 85' lang='lat' dir='ltr'>Mercurius</span> <span class='ocrx_word' id='word_1_275' title='bbox 1121 636 1250 668; x_wconf 85' lang='lat' dir='ltr'>animas</span> <span class='ocrx_word' id='word_1_276' title='bbox 1263 637 1403 670; x_wconf 84' lang='lat' dir='ltr'>deducit</span> <span class='ocrx_word' id='word_1_277' title='bbox 1415 638 1458 669; x_wconf 87' lang='lat' dir='ltr'>ad</span> <span class='ocrx_word' id='word_1_278' title='bbox 1474 637 1615 670; x_wconf 79' lang='lat' dir='ltr'>inferos.</span> 
     </span>
     <span class='ocr_line' id='line_1_59' title="bbox 906 687 1616 731; baseline 0.003 -13"><span class='ocrx_word' id='word_1_279' title='bbox 906 687 1020 719; x_wconf 71' lang='lat' dir='ltr'>Lenem</span> <span class='ocrx_word' id='word_1_280' title='bbox 1046 687 1168 719; x_wconf 60' lang='lat' dir='ltr'>coerces</span> <span class='ocrx_word' id='word_1_281' title='bbox 1196 687 1336 728; x_wconf 79' lang='lat' dir='ltr'>turbam]</span> <span class='ocrx_word' id='word_1_282' title='bbox 1373 688 1616 731; x_wconf 88' lang='lat' dir='ltr'>Incorpoream</span> 
     </span>
     <span class='ocr_line' id='line_1_60' title="bbox 907 737 1388 771; baseline 0.002 -1"><span class='ocrx_word' id='word_1_283' title='bbox 907 737 1099 770; x_wconf 80' lang='lat' dir='ltr'>animarum</span> <span class='ocrx_word' id='word_1_284' title='bbox 1116 737 1388 771; x_wconf 81' lang='lat' dir='ltr'>multitudinem·</span> 
     </span>
    </p>

    <p class='ocr_par' dir='ltr' id='par_1_17' title="bbox 908 787 1617 878">
     <span class='ocr_line' id='line_1_61' title="bbox 950 787 1617 831; baseline 0.003 -12"><span class='ocrx_word' id='word_1_285' title='bbox 950 789 992 820; x_wconf 79' lang='lat'>19</span> <span class='ocrx_word' id='word_1_286' title='bbox 1028 787 1159 828; x_wconf 82' lang='lat' dir='ltr'>Superis</span> <span class='ocrx_word' id='word_1_287' title='bbox 1187 787 1341 830; x_wconf 77' lang='lat' dir='ltr'>Deorum]</span> <span class='ocrx_word' id='word_1_288' title='bbox 1379 789 1456 821; x_wconf 88' lang='lat' dir='ltr'>Diis</span> <span class='ocrx_word' id='word_1_289' title='bbox 1483 789 1617 831; x_wconf 88' lang='lat' dir='ltr'>superis</span> 
     </span>
     <span class='ocr_line' id='line_1_62' title="bbox 908 836 1232 878; baseline 0 -9"><span class='ocrx_word' id='word_1_290' title='bbox 908 842 946 869; x_wconf 87' lang='lat' dir='ltr'>et</span> <span class='ocrx_word' id='word_1_291' title='bbox 961 836 1084 870; x_wconf 88' lang='lat' dir='ltr'>inferis</span> <span class='ocrx_word' id='word_1_292' title='bbox 1100 843 1232 878; x_wconf 89' lang='lat' dir='ltr'>gratus.</span> 
     </span>
    </p>

    <p class='ocr_par' dir='ltr' id='par_1_18' title="bbox 908 887 1619 1122">
     <span class='ocr_line' id='line_1_63' title="bbox 908 887 1617 930; baseline 0.006 -11"><span class='ocrx_word' id='word_1_293' title='bbox 908 887 992 920; x_wconf 71' lang='lat' dir='ltr'>Ona</span> <span class='ocrx_word' id='word_1_294' title='bbox 1004 897 1055 920; x_wconf 78' lang='lat' dir='ltr'>xx.</span> <span class='ocrx_word' id='word_1_295' title='bbox 1079 887 1295 930; x_wconf 79' lang='grc' dir='ltr'><strong><em>Πραγματική.</em></strong></span> <span class='ocrx_word' id='word_1_296' title='bbox 1309 888 1366 921; x_wconf 85' lang='lat' dir='ltr'>An</span> <span class='ocrx_word' id='word_1_297' title='bbox 1379 891 1617 923; x_wconf 69' lang='lat' dir='ltr'>Leucouonn.</span> 
     </span>
     <span class='ocr_line' id='line_1_64' title="bbox 951 938 1618 982; baseline 0.004 -12"><span class='ocrx_word' id='word_1_298' title='bbox 951 938 1124 971; x_wconf 86' lang='lat' dir='ltr'>Hortatur</span> <span class='ocrx_word' id='word_1_299' title='bbox 1140 939 1361 982; x_wconf 62' lang='lat' dir='ltr'>Leucono&amp;n‚</span> <span class='ocrx_word' id='word_1_300' title='bbox 1386 941 1511 973; x_wconf 88' lang='lat' dir='ltr'>omissa</span> <span class='ocrx_word' id='word_1_301' title='bbox 1525 940 1618 973; x_wconf 84' lang='lat' dir='ltr'>futu·</span> 
     </span>
     <span class='ocr_line' id='line_1_65' title="bbox 951 990 1618 1032; baseline 0.004 -12"><span class='ocrx_word' id='word_1_302' title='bbox 951 997 1064 1020; x_wconf 84' lang='lat' dir='ltr'>rorum</span> <span class='ocrx_word' id='word_1_303' title='bbox 1093 999 1188 1030; x_wconf 88' lang='lat' dir='ltr'>cura,</span> <span class='ocrx_word' id='word_1_304' title='bbox 1220 990 1391 1032; x_wconf 89' lang='lat' dir='ltr'>voluptati</span> <span class='ocrx_word' id='word_1_305' title='bbox 1421 990 1618 1031; x_wconf 74' lang='lat' dir='ltr'>indulgere3</span> 
     </span>
     <span class='ocr_line' id='line_1_66' title="bbox 953 1040 1619 1079; baseline 0.005 -10"><span class='ocrx_word' id='word_1_306' title='bbox 953 1043 1156 1079; x_wconf 86' lang='lat' dir='ltr'>argumento</span> <span class='ocrx_word' id='word_1_307' title='bbox 1184 1049 1203 1070; x_wconf 86' lang='lat' dir='ltr'>a</span> <span class='ocrx_word' id='word_1_308' title='bbox 1222 1040 1303 1072; x_wconf 84' lang='lat' dir='ltr'>vitae</span> <span class='ocrx_word' id='word_1_309' title='bbox 1321 1040 1489 1072; x_wconf 85' lang='lat' dir='ltr'>brevitate</span> <span class='ocrx_word' id='word_1_310' title='bbox 1511 1045 1548 1074; x_wconf 82' lang='lat' dir='ltr'>et</span> <span class='ocrx_word' id='word_1_311' title='bbox 1563 1050 1619 1074; x_wconf 88' lang='lat' dir='ltr'>ce-</span> 
     </span>
     <span class='ocr_line' id='line_1_67' title="bbox 952 1089 1232 1122; baseline 0.007 -2"><span class='ocrx_word' id='word_1_312' title='bbox 952 1089 1093 1121; x_wconf 84' lang='lat' dir='ltr'>leritate</span> <span class='ocrx_word' id='word_1_313' title='bbox 1114 1089 1232 1122; x_wconf 85' lang='lat' dir='ltr'>ducto.</span> 
     </span>
    </p>

    <p class='ocr_par' dir='ltr' id='par_1_19' title="bbox 911 1140 1624 1772">
     <span class='ocr_line' id='line_1_68' title="bbox 954 1140 1620 1184; baseline 0.005 -14"><span class='ocrx_word' id='word_1_314' title='bbox 954 1140 1007 1171; x_wconf 76' lang='lat' dir='ltr'>Aa</span> <span class='ocrx_word' id='word_1_315' title='bbox 1022 1140 1198 1171; x_wconf 74' lang='lat' dir='ltr'>Leuconoe&#39;n</span> <span class='ocrx_word' id='word_1_316' title='bbox 1207 1141 1411 1184; x_wconf 82' lang='lat' dir='ltr'>meretricem,</span> <span class='ocrx_word' id='word_1_317' title='bbox 1419 1142 1552 1181; x_wconf 82' lang='lat' dir='ltr'>genesin</span> <span class='ocrx_word' id='word_1_318' title='bbox 1562 1151 1620 1183; x_wconf 78' lang='lat' dir='ltr'>per</span> 
     </span>
     <span class='ocr_line' id='line_1_69' title="bbox 911 1190 1621 1233; baseline 0.006 -12"><span class='ocrx_word' id='word_1_319' title='bbox 911 1190 1156 1222; x_wconf 73' lang='lat' dir='ltr'>Mathematicus</span> <span class='ocrx_word' id='word_1_320' title='bbox 1170 1192 1392 1233; x_wconf 79' lang='lat' dir='ltr'>inquirentem]</span> <span class='ocrx_word' id='word_1_321' title='bbox 1417 1193 1496 1224; x_wconf 91' lang='lat' dir='ltr'>Non</span> <span class='ocrx_word' id='word_1_322' title='bbox 1511 1193 1621 1225; x_wconf 84' lang='lat' dir='ltr'>otiose</span> 
     </span>
     <span class='ocr_line' id='line_1_70' title="bbox 912 1240 1621 1275; baseline 0.003 -2"><span class='ocrx_word' id='word_1_323' title='bbox 912 1240 1116 1273; x_wconf 68' lang='lat' dir='ltr'>LeuconoeJn</span> <span class='ocrx_word' id='word_1_324' title='bbox 1143 1246 1246 1273; x_wconf 88' lang='lat' dir='ltr'>vocat</span> <span class='ocrx_word' id='word_1_325' title='bbox 1278 1243 1516 1275; x_wconf 84' lang='lat' dir='ltr'>mulierculam</span> <span class='ocrx_word' id='word_1_326' title='bbox 1551 1242 1621 1275; x_wconf 82' lang='lat' dir='ltr'>Ge-</span> 
     </span>
     <span class='ocr_line' id='line_1_71' title="bbox 912 1290 1621 1325; baseline 0.007 -5"><span class='ocrx_word' id='word_1_327' title='bbox 912 1290 1160 1322; x_wconf 88' lang='lat' dir='ltr'>nethliacorum</span> <span class='ocrx_word' id='word_1_328' title='bbox 1177 1291 1323 1323; x_wconf 83' lang='lat' dir='ltr'>vanitati</span> <span class='ocrx_word' id='word_1_329' title='bbox 1339 1291 1442 1324; x_wconf 84' lang='lat' dir='ltr'>fidem</span> <span class='ocrx_word' id='word_1_330' title='bbox 1458 1293 1621 1325; x_wconf 87' lang='lat' dir='ltr'>adhiben-</span> 
     </span>
     <span class='ocr_line' id='line_1_72' title="bbox 914 1340 1623 1382; baseline 0.007 -13"><span class='ocrx_word' id='word_1_331' title='bbox 914 1343 996 1370; x_wconf 90' lang='lat' dir='ltr'>tem.</span> <span class='ocrx_word' id='word_1_332' title='bbox 1025 1349 1101 1371; x_wconf 85' lang='lat' dir='ltr'>nam</span> <span class='ocrx_word' id='word_1_333' title='bbox 1117 1340 1232 1372; x_wconf 80' lang='grc' dir='ltr'><strong>λευκὰς</strong></span> <span class='ocrx_word' id='word_1_334' title='bbox 1246 1340 1360 1382; x_wconf 82' lang='grc' dir='ltr'>φρένας</span> <span class='ocrx_word' id='word_1_335' title='bbox 1376 1342 1464 1382; x_wconf 84' lang='grc' dir='ltr'>ἔχειν</span> <span class='ocrx_word' id='word_1_336' title='bbox 1478 1343 1542 1374; x_wconf 87' lang='lat' dir='ltr'>hoc</span> <span class='ocrx_word' id='word_1_337' title='bbox 1557 1347 1623 1381; x_wconf 82' lang='lat' dir='ltr'>est,</span> 
     </span>
     <span class='ocr_line' id='line_1_73' title="bbox 911 1387 1623 1430; baseline 0.007 -11"><span class='ocrx_word' id='word_1_338' title='bbox 911 1387 983 1419; x_wconf 81' lang='lat' dir='ltr'>alba</span> <span class='ocrx_word' id='word_1_339' title='bbox 1006 1389 1118 1420; x_wconf 79' lang='lat' dir='ltr'>habere</span> <span class='ocrx_word' id='word_1_340' title='bbox 1139 1392 1329 1430; x_wconf 82' lang='lat' dir='ltr'>praecordia,</span> <span class='ocrx_word' id='word_1_341' title='bbox 1369 1401 1428 1423; x_wconf 86' lang='lat' dir='ltr'>eos</span> <span class='ocrx_word' id='word_1_342' title='bbox 1459 1392 1623 1424; x_wconf 85' lang='lat' dir='ltr'>dicebant</span> 
     </span>
     <span class='ocr_line' id='line_1_74' title="bbox 915 1435 1622 1482; baseline 0.007 -14"><span class='ocrx_word' id='word_1_343' title='bbox 915 1435 1045 1478; x_wconf 82' lang='lat' dir='ltr'>Graeci,</span> <span class='ocrx_word' id='word_1_344' title='bbox 1070 1439 1127 1479; x_wconf 91' lang='lat' dir='ltr'>qui</span> <span class='ocrx_word' id='word_1_345' title='bbox 1144 1439 1270 1470; x_wconf 87' lang='lat' dir='ltr'>leviter</span> <span class='ocrx_word' id='word_1_346' title='bbox 1283 1444 1417 1471; x_wconf 89' lang='lat' dir='ltr'>tantum</span> <span class='ocrx_word' id='word_1_347' title='bbox 1437 1446 1598 1482; x_wconf 83' lang='lat' dir='ltr'>saperent</span> <span class='ocrx_word' id='word_1_348' title='bbox 1613 1453 1622 1473; x_wconf 73' lang='grc' dir='ltr'>ε</span> 
     </span>
     <span class='ocr_line' id='line_1_75' title="bbox 915 1487 1622 1532; baseline 0.006 -13"><span class='ocrx_word' id='word_1_349' title='bbox 915 1491 953 1519; x_wconf 90' lang='lat' dir='ltr'>ut</span> <span class='ocrx_word' id='word_1_350' title='bbox 979 1492 1112 1526; x_wconf 88' lang='lat' dir='ltr'>contra,</span> <span class='ocrx_word' id='word_1_351' title='bbox 1127 1487 1277 1527; x_wconf 80' lang='grc' dir='ltr'>μέλαινας</span> <span class='ocrx_word' id='word_1_352' title='bbox 1294 1488 1407 1530; x_wconf 80' lang='grc' dir='ltr'>φρένας</span> <span class='ocrx_word' id='word_1_353' title='bbox 1429 1491 1622 1532; x_wconf 69' lang='lat' dir='ltr'>prudentias</span> 
     </span>
     <span class='ocr_line' id='line_1_76' title="bbox 914 1537 1624 1580; baseline 0.006 -11"><span class='ocrx_word' id='word_1_354' title='bbox 914 1537 1092 1578; x_wconf 76' lang='lat' dir='ltr'>enjusdam</span> <span class='ocrx_word' id='word_1_355' title='bbox 1115 1538 1348 1580; x_wconf 85' lang='lat' dir='ltr'>profundioris</span> <span class='ocrx_word' id='word_1_356' title='bbox 1368 1541 1530 1573; x_wconf 87' lang='lat' dir='ltr'>indicium</span> <span class='ocrx_word' id='word_1_357' title='bbox 1547 1551 1624 1573; x_wconf 83' lang='lat' dir='ltr'>esse</span> 
     </span>
     <span class='ocr_line' id='line_1_77' title="bbox 913 1588 1623 1633; baseline 0.007 -14"><span class='ocrx_word' id='word_1_358' title='bbox 913 1588 1179 1629; x_wconf 79' lang='lat' dir='ltr'>existimabant3</span> <span class='ocrx_word' id='word_1_359' title='bbox 1212 1590 1319 1622; x_wconf 86' lang='lat' dir='ltr'>ducta</span> <span class='ocrx_word' id='word_1_360' title='bbox 1345 1591 1554 1633; x_wconf 89' lang='lat' dir='ltr'>Metaphora</span> <span class='ocrx_word' id='word_1_361' title='bbox 1579 1592 1623 1624; x_wconf 85' lang='lat' dir='ltr'>ab</span> 
     </span>
     <span class='ocr_line' id='line_1_78' title="bbox 914 1639 1624 1682; baseline 0.007 -13"><span class='ocrx_word' id='word_1_362' title='bbox 914 1639 1024 1680; x_wconf 86' lang='lat' dir='ltr'>aquis,</span> <span class='ocrx_word' id='word_1_363' title='bbox 1045 1649 1122 1681; x_wconf 75' lang='lat' dir='ltr'>quae</span> <span class='ocrx_word' id='word_1_364' title='bbox 1146 1650 1213 1682; x_wconf 85' lang='lat' dir='ltr'>quo</span> <span class='ocrx_word' id='word_1_365' title='bbox 1238 1640 1492 1682; x_wconf 85' lang='lat' dir='ltr'>profundiores,</span> <span class='ocrx_word' id='word_1_366' title='bbox 1513 1651 1554 1674; x_wconf 92' lang='lat' dir='ltr'>eo</span> <span class='ocrx_word' id='word_1_367' title='bbox 1572 1643 1624 1674; x_wconf 87' lang='lat' dir='ltr'>ni·</span> 
     </span>
     <span class='ocr_line' id='line_1_79' title="bbox 914 1691 1624 1732; baseline 0.007 -12"><span class='ocrx_word' id='word_1_368' title='bbox 914 1694 1080 1730; x_wconf 86' lang='lat' dir='ltr'>grescunt</span> <span class='ocrx_word' id='word_1_369' title='bbox 1105 1691 1226 1732; x_wconf 82' lang='lat' dir='ltr'>magis.</span> <span class='ocrx_word' id='word_1_370' title='bbox 1242 1720 1247 1727; x_wconf 92' lang='grc'><em>,</em></span> <span class='ocrx_word' id='word_1_371' title='bbox 1266 1692 1355 1725; x_wconf 71' lang='lat' dir='ltr'>Hau.</span> <span class='ocrx_word' id='word_1_372' title='bbox 1379 1693 1499 1723; x_wconf 83' lang='lat' dir='ltr'>Junius</span> <span class='ocrx_word' id='word_1_373' title='bbox 1513 1692 1624 1732; x_wconf 69' lang='grc' dir='ltr'><em>Δάας.</em></span> 
     </span>
     <span class='ocr_line' id='line_1_80' title="bbox 917 1740 1085 1772; baseline 0.012 -2"><span class='ocrx_word' id='word_1_374' title='bbox 917 1740 1010 1771; x_wconf 78' lang='lat' dir='ltr'>Ceut.</span> <span class='ocrx_word' id='word_1_375' title='bbox 1025 1748 1085 1772; x_wconf 77' lang='grc' dir='ltr'><strong>ιιι.</strong></span> 
     </span>
    </p>

    <p class='ocr_par' dir='ltr' id='par_1_20' title="bbox 915 1788 1628 2130">
     <span class='ocr_line' id='line_1_81' title="bbox 960 1788 1626 1833; baseline 0.008 -14"><span class='ocrx_word' id='word_1_376' title='bbox 960 1791 977 1820; x_wconf 87' lang='lat'>1</span> <span class='ocrx_word' id='word_1_377' title='bbox 1002 1788 1104 1830; x_wconf 75' lang='lat' dir='ltr'>Scire,</span> <span class='ocrx_word' id='word_1_378' title='bbox 1119 1788 1259 1832; x_wconf 82' lang='lat' dir='ltr'>(nefas)]</span> <span class='ocrx_word' id='word_1_379' title='bbox 1277 1792 1462 1824; x_wconf 87' lang='lat' dir='ltr'>Lambinus</span> <span class='ocrx_word' id='word_1_380' title='bbox 1488 1796 1626 1833; x_wconf 79' lang='lat' dir='ltr'>separat</span> 
     </span>
     <span class='ocr_line' id='line_1_82' title="bbox 917 1838 1623 1883; baseline 0.007 -14"><span class='ocrx_word' id='word_1_381' title='bbox 917 1838 1104 1871; x_wconf 81' lang='lat' dir='ltr'>dictionem</span> <span class='ocrx_word' id='word_1_382' title='bbox 1117 1840 1206 1878; x_wconf 81' lang='lat' dir='ltr'>nefas</span> <span class='ocrx_word' id='word_1_383' title='bbox 1221 1842 1264 1872; x_wconf 87' lang='lat' dir='ltr'>ab</span> <span class='ocrx_word' id='word_1_384' title='bbox 1284 1843 1376 1874; x_wconf 89' lang='lat' dir='ltr'>aliis:</span> <span class='ocrx_word' id='word_1_385' title='bbox 1394 1852 1459 1883; x_wconf 87' lang='lat' dir='ltr'>ego</span> <span class='ocrx_word' id='word_1_386' title='bbox 1471 1847 1623 1874; x_wconf 88' lang='lat' dir='ltr'>veterem</span> 
     </span>
     <span class='ocr_line' id='line_1_83' title="bbox 916 1889 1626 1934; baseline 0.006 -14"><span class='ocrx_word' id='word_1_387' title='bbox 916 1889 1101 1921; x_wconf 84' lang='lat' dir='ltr'>lectionem</span> <span class='ocrx_word' id='word_1_388' title='bbox 1132 1900 1274 1932; x_wconf 88' lang='lat' dir='ltr'>sequor:</span> <span class='ocrx_word' id='word_1_389' title='bbox 1316 1892 1363 1924; x_wconf 83' lang='lat' dir='ltr'>Ta</span> <span class='ocrx_word' id='word_1_390' title='bbox 1386 1902 1424 1924; x_wconf 86' lang='lat' dir='ltr'>ne</span> <span class='ocrx_word' id='word_1_391' title='bbox 1451 1892 1626 1934; x_wconf 64' lang='lat' dir='ltr'>quaesieris,</span> 
     </span>
     <span class='ocr_line' id='line_1_84' title="bbox 915 1939 1626 1982; baseline 0.006 -12"><span class='ocrx_word' id='word_1_392' title='bbox 915 1939 997 1971; x_wconf 80' lang='lat' dir='ltr'>scire</span> <span class='ocrx_word' id='word_1_393' title='bbox 1020 1940 1121 1980; x_wconf 85' lang='lat' dir='ltr'>nefas,</span> <span class='ocrx_word' id='word_1_394' title='bbox 1140 1950 1242 1981; x_wconf 85' lang='lat' dir='ltr'>quem,</span> <span class='ocrx_word' id='word_1_395' title='bbox 1267 1943 1322 1982; x_wconf 63' lang='grc' dir='ltr'>ᾅτ.</span> <span class='ocrx_word' id='word_1_396' title='bbox 1368 1941 1457 1974; x_wconf 87' lang='lat' dir='ltr'>Illud</span> <span class='ocrx_word' id='word_1_397' title='bbox 1469 1943 1558 1980; x_wconf 82' lang='lat' dir='ltr'>nefas</span> <span class='ocrx_word' id='word_1_398' title='bbox 1571 1943 1626 1974; x_wconf 89' lang='lat' dir='ltr'>vel</span> 
     </span>
     <span class='ocr_line' id='line_1_85' title="bbox 918 1987 1626 2033; baseline 0.006 -13"><span class='ocrx_word' id='word_1_399' title='bbox 918 1998 982 2030; x_wconf 87' lang='lat' dir='ltr'>pro</span> <span class='ocrx_word' id='word_1_400' title='bbox 1001 1987 1154 2020; x_wconf 79' lang='grc' dir='ltr'>ἀδύνατον</span> <span class='ocrx_word' id='word_1_401' title='bbox 1176 2000 1324 2032; x_wconf 75' lang='lat' dir='ltr'>expono,</span> <span class='ocrx_word' id='word_1_402' title='bbox 1343 1992 1435 2033; x_wconf 91' lang='lat' dir='ltr'>quod</span> <span class='ocrx_word' id='word_1_403' title='bbox 1462 1992 1543 2023; x_wconf 87' lang='lat' dir='ltr'>sciri</span> <span class='ocrx_word' id='word_1_404' title='bbox 1567 2001 1626 2024; x_wconf 90' lang='lat' dir='ltr'>ne-</span> 
     </span>
     <span class='ocr_line' id='line_1_86' title="bbox 919 2039 1626 2082; baseline 0.007 -13"><span class='ocrx_word' id='word_1_405' title='bbox 919 2044 1046 2079; x_wconf 78' lang='lat' dir='ltr'>queat3</span> <span class='ocrx_word' id='word_1_406' title='bbox 1074 2039 1128 2070; x_wconf 84' lang='lat' dir='ltr'>vel</span> <span class='ocrx_word' id='word_1_407' title='bbox 1152 2039 1244 2080; x_wconf 86' lang='lat' dir='ltr'>quod</span> <span class='ocrx_word' id='word_1_408' title='bbox 1268 2041 1396 2072; x_wconf 89' lang='lat' dir='ltr'>homiui</span> <span class='ocrx_word' id='word_1_409' title='bbox 1423 2043 1626 2082; x_wconf 87' lang='lat' dir='ltr'>permissum</span> 
     </span>
     <span class='ocr_line' id='line_1_87' title="bbox 918 2087 1628 2130; baseline 0.004 -11"><span class='ocrx_word' id='word_1_410' title='bbox 918 2097 987 2120; x_wconf 89' lang='lat' dir='ltr'>non</span> <span class='ocrx_word' id='word_1_411' title='bbox 1011 2089 1057 2119; x_wconf 89' lang='lat' dir='ltr'>sit</span> <span class='ocrx_word' id='word_1_412' title='bbox 1085 2087 1205 2120; x_wconf 81' lang='lat' dir='ltr'>futura</span> <span class='ocrx_word' id='word_1_413' title='bbox 1231 2099 1454 2130; x_wconf 83' lang='lat' dir='ltr'>cognoscere.</span> <span class='ocrx_word' id='word_1_414' title='bbox 1484 2092 1628 2124; x_wconf 73' lang='lat' dir='ltr'>Torrene.</span> 
     </span>
    </p>
   </div>
   <div class='ocr_carea' id='block_1_5' title="bbox 919 2138 1625 2222">
    <p class='ocr_par' dir='ltr' id='par_1_21' title="bbox 919 2138 1625 2222">
     <span class='ocr_line' id='line_1_88' title="bbox 920 2138 1625 2181; baseline 0.007 -12"><span class='ocrx_word' id='word_1_415' title='bbox 920 2138 1040 2180; x_wconf 86' lang='lat' dir='ltr'>Nefas]</span> <span class='ocrx_word' id='word_1_416' title='bbox 1075 2139 1293 2181; x_wconf 88' lang='lat' dir='ltr'>Impossibile</span> <span class='ocrx_word' id='word_1_417' title='bbox 1321 2146 1387 2178; x_wconf 86' lang='lat' dir='ltr'>est,</span> <span class='ocrx_word' id='word_1_418' title='bbox 1416 2142 1471 2174; x_wconf 89' lang='lat' dir='ltr'>vel</span> <span class='ocrx_word' id='word_1_419' title='bbox 1500 2144 1625 2175; x_wconf 88' lang='lat' dir='ltr'>malum</span> 
     </span>
     <span class='ocr_line' id='line_1_89' title="bbox 919 2195 985 2222; baseline -0.015 -1"><span class='ocrx_word' id='word_1_420' title='bbox 919 2195 985 2222; x_wconf 85' lang='lat' dir='ltr'>est.</span> 
     </span>
    </p>
   </div>
   <div class='ocr_carea' id='block_1_6' title="bbox 918 2240 1630 2532">
    <p class='ocr_par' dir='ltr' id='par_1_22' title="bbox 918 2240 1630 2532">
     <span class='ocr_line' id='line_1_90' title="bbox 961 2240 1628 2284; baseline 0.007 -13"><span class='ocrx_word' id='word_1_421' title='bbox 961 2242 982 2272; x_wconf 81' lang='lat'><strong>2</strong></span> <span class='ocrx_word' id='word_1_422' title='bbox 1007 2240 1120 2272; x_wconf 80' lang='lat' dir='ltr'>Finem</span> <span class='ocrx_word' id='word_1_423' title='bbox 1143 2241 1192 2272; x_wconf 82' lang='lat' dir='ltr'>Di</span> <span class='ocrx_word' id='word_1_424' title='bbox 1206 2242 1366 2284; x_wconf 73' lang='lat' dir='ltr'>dederint]</span> <span class='ocrx_word' id='word_1_425' title='bbox 1404 2243 1497 2275; x_wconf 85' lang='lat' dir='ltr'>Vitae</span> <span class='ocrx_word' id='word_1_426' title='bbox 1511 2244 1628 2276; x_wconf 89' lang='lat' dir='ltr'>termi-</span> 
     </span>
     <span class='ocr_line' id='line_1_91' title="bbox 918 2291 1628 2333; baseline 0.007 -11"><span class='ocrx_word' id='word_1_427' title='bbox 918 2300 1013 2323; x_wconf 89' lang='lat' dir='ltr'>num.</span> <span class='ocrx_word' id='word_1_428' title='bbox 1035 2291 1242 2333; x_wconf 83' lang='lat' dir='ltr'>Babylonios]</span> <span class='ocrx_word' id='word_1_429' title='bbox 1268 2293 1437 2326; x_wconf 86' lang='lat' dir='ltr'>Horatius</span> <span class='ocrx_word' id='word_1_430' title='bbox 1454 2294 1544 2327; x_wconf 84' lang='lat' dir='ltr'>dixit</span> <span class='ocrx_word' id='word_1_431' title='bbox 1558 2295 1628 2326; x_wconf 87' lang='lat' dir='ltr'>Ba-</span> 
     </span>
     <span class='ocr_line' id='line_1_92' title="bbox 919 2342 1629 2384; baseline 0.001 -11"><span class='ocrx_word' id='word_1_432' title='bbox 919 2342 1057 2384; x_wconf 78' lang='lat' dir='ltr'>bylonios</span> <span class='ocrx_word' id='word_1_433' title='bbox 1065 2352 1208 2374; x_wconf 59' lang='lat' dir='ltr'>nuncet-os</span> <span class='ocrx_word' id='word_1_434' title='bbox 1218 2354 1232 2380; x_wconf 88' lang='lat'><em>;</em></span> <span class='ocrx_word' id='word_1_435' title='bbox 1256 2348 1294 2375; x_wconf 89' lang='lat' dir='ltr'>ut</span> <span class='ocrx_word' id='word_1_436' title='bbox 1306 2345 1316 2361; x_wconf 82' lang='lat'><strong><em>⁴</em></strong></span> <span class='ocrx_word' id='word_1_437' title='bbox 1329 2344 1533 2377; x_wconf 82' lang='lat' dir='ltr'>chaldaicas</span> <span class='ocrx_word' id='word_1_438' title='bbox 1549 2345 1629 2376; x_wconf 81' lang='lat' dir='ltr'>rati-</span> 
     </span>
     <span class='ocr_line' id='line_1_93' title="bbox 919 2391 1629 2434; baseline -0.001 -9"><span class='ocrx_word' id='word_1_439' title='bbox 919 2391 1028 2428; x_wconf 85' lang='lat' dir='ltr'>ones,’</span> <span class='ocrx_word' id='word_1_440' title='bbox 1042 2397 1078 2424; x_wconf 91' lang='lat' dir='ltr'>et</span> <span class='ocrx_word' id='word_1_441' title='bbox 1095 2393 1335 2425; x_wconf 86' lang='lat' dir='ltr'>‘Chaldaicum</span> <span class='ocrx_word' id='word_1_442' title='bbox 1347 2393 1557 2434; x_wconf 80' lang='lat' dir='ltr'>praedicendi</span> <span class='ocrx_word' id='word_1_443' title='bbox 1571 2403 1629 2434; x_wconf 88' lang='lat' dir='ltr'>ge-</span> 
     </span>
     <span class='ocr_line' id='line_1_94' title="bbox 920 2442 1630 2483; baseline -0.003 -9"><span class='ocrx_word' id='word_1_444' title='bbox 920 2442 1009 2482; x_wconf 89' lang='lat' dir='ltr'>nus,’</span> <span class='ocrx_word' id='word_1_445' title='bbox 1024 2442 1161 2474; x_wconf 86' lang='lat' dir='ltr'>Cicero.</span> <span class='ocrx_word' id='word_1_446' title='bbox 1182 2452 1259 2474; x_wconf 86' lang='lat' dir='ltr'>nam</span> <span class='ocrx_word' id='word_1_447' title='bbox 1276 2443 1390 2483; x_wconf 86' lang='lat' dir='ltr'>gentis</span> <span class='ocrx_word' id='word_1_448' title='bbox 1411 2444 1501 2474; x_wconf 87' lang='lat' dir='ltr'>illius</span> <span class='ocrx_word' id='word_1_449' title='bbox 1524 2447 1630 2482; x_wconf 88' lang='lat' dir='ltr'>caput</span> 
     </span>
     <span class='ocr_line' id='line_1_95' title="bbox 922 2491 1629 2532; baseline -0.003 -9"><span class='ocrx_word' id='word_1_450' title='bbox 922 2492 1081 2532; x_wconf 87' lang='lat' dir='ltr'>Babylon</span> <span class='ocrx_word' id='word_1_451' title='bbox 1107 2492 1187 2523; x_wconf 88' lang='lat' dir='ltr'>olim</span> <span class='ocrx_word' id='word_1_452' title='bbox 1211 2491 1291 2523; x_wconf 86' lang='lat' dir='ltr'>fuit.</span> <span class='ocrx_word' id='word_1_453' title='bbox 1315 2492 1459 2524; x_wconf 78' lang='lat' dir='ltr'>Torrent.</span> <span class='ocrx_word' id='word_1_454' title='bbox 1491 2492 1629 2532; x_wconf 81' lang='lat' dir='ltr'>Babylo-</span> 
     </span>
    </p>
   </div>
   <div class='ocr_carea' id='block_1_7' title="bbox 922 2538 1631 2882">
    <p class='ocr_par' dir='ltr' id='par_1_23' title="bbox 922 2538 1629 2623">
     <span class='ocr_line' id='line_1_96' title="bbox 922 2538 1629 2583; baseline -0.001 -11"><span class='ocrx_word' id='word_1_455' title='bbox 922 2541 1006 2581; x_wconf 85' lang='lat' dir='ltr'>nios]</span> <span class='ocrx_word' id='word_1_456' title='bbox 1029 2538 1310 2581; x_wconf 81' lang='lat' dir='ltr'>Mathematicus,</span> <span class='ocrx_word' id='word_1_457' title='bbox 1327 2542 1386 2583; x_wconf 87' lang='lat' dir='ltr'>qui</span> <span class='ocrx_word' id='word_1_458' title='bbox 1397 2541 1629 2580; x_wconf 85' lang='lat' dir='ltr'>Astrologiam</span> 
     </span>
     <span class='ocr_line' id='line_1_97' title="bbox 923 2590 1286 2623; baseline -0.006 0"><span class='ocrx_word' id='word_1_459' title='bbox 923 2591 1094 2623; x_wconf 85' lang='lat' dir='ltr'>iuvenisse</span> <span class='ocrx_word' id='word_1_460' title='bbox 1113 2590 1286 2622; x_wconf 87' lang='lat' dir='ltr'>dicuntur.</span> 
     </span>
    </p>

    <p class='ocr_par' dir='ltr' id='par_1_24' title="bbox 924 2639 1631 2882">
     <span class='ocr_line' id='line_1_98' title="bbox 967 2639 1630 2681; baseline 0.002 -10"><span class='ocrx_word' id='word_1_461' title='bbox 967 2643 986 2671; x_wconf 82' lang='lat'><strong>3</strong></span> <span class='ocrx_word' id='word_1_462' title='bbox 1008 2641 1052 2671; x_wconf 76' lang='lat' dir='ltr'>Ut</span> <span class='ocrx_word' id='word_1_463' title='bbox 1073 2639 1198 2679; x_wconf 77' lang='lat' dir='ltr'>melius]</span> <span class='ocrx_word' id='word_1_464' title='bbox 1221 2640 1270 2671; x_wconf 89' lang='lat' dir='ltr'>Ut</span> <span class='ocrx_word' id='word_1_465' title='bbox 1286 2639 1399 2679; x_wconf 80' lang='lat' dir='ltr'>sapias</span> <span class='ocrx_word' id='word_1_466' title='bbox 1419 2639 1539 2671; x_wconf 87' lang='lat' dir='ltr'>melius</span> <span class='ocrx_word' id='word_1_467' title='bbox 1555 2640 1630 2681; x_wconf 88' lang='lat' dir='ltr'>pati</span> 
     </span>
     <span class='ocr_line' id='line_1_99' title="bbox 924 2688 1629 2733; baseline 0 -11"><span class='ocrx_word' id='word_1_468' title='bbox 924 2690 1085 2733; x_wconf 85' lang='lat' dir='ltr'>quicquid</span> <span class='ocrx_word' id='word_1_469' title='bbox 1098 2689 1276 2721; x_wconf 83' lang='lat' dir='ltr'>acciderit.</span> <span class='ocrx_word' id='word_1_470' title='bbox 1301 2688 1458 2730; x_wconf 80' lang='lat' dir='ltr'>Quicquid</span> <span class='ocrx_word' id='word_1_471' title='bbox 1472 2690 1536 2721; x_wconf 82' lang='lat' dir='ltr'>erit</span> <span class='ocrx_word' id='word_1_472' title='bbox 1542 2691 1629 2732; x_wconf 74' lang='lat' dir='ltr'>paci]</span> 
     </span>
     <span class='ocr_line' id='line_1_100' title="bbox 925 2737 1631 2780; baseline -0.003 -8"><span class='ocrx_word' id='word_1_473' title='bbox 925 2741 980 2772; x_wconf 75' lang='lat' dir='ltr'>‘ns</span> <span class='ocrx_word' id='word_1_474' title='bbox 1003 2740 1147 2780; x_wconf 80' lang='grc' dir='ltr'>κρεῖττον</span> <span class='ocrx_word' id='word_1_475' title='bbox 1159 2738 1196 2770; x_wconf 70' lang='lat' dir='ltr'>bv</span> <span class='ocrx_word' id='word_1_476' title='bbox 1211 2738 1274 2770; x_wconf 74' lang='grc' dir='ltr'>πᾶν</span> <span class='ocrx_word' id='word_1_477' title='bbox 1292 2737 1331 2770; x_wconf 78' lang='grc' dir='ltr'>τὺ</span> <span class='ocrx_word' id='word_1_478' title='bbox 1346 2737 1496 2777; x_wconf 77' lang='grc' dir='ltr'>ἐσόμενον</span> <span class='ocrx_word' id='word_1_479' title='bbox 1514 2738 1631 2780; x_wconf 79' lang='grc' dir='ltr'>φέρειν,</span> 
     </span>
     <span class='ocr_line' id='line_1_101' title="bbox 930 2788 1629 2830; baseline 0.001 -9"><span class='ocrx_word' id='word_1_480' title='bbox 930 2792 1008 2821; x_wconf 88' lang='lat' dir='ltr'>Cum</span> <span class='ocrx_word' id='word_1_481' title='bbox 1031 2790 1140 2822; x_wconf 81' lang='lat' dir='ltr'>melius</span> <span class='ocrx_word' id='word_1_482' title='bbox 1161 2790 1203 2821; x_wconf 83' lang='lat' dir='ltr'>sit</span> <span class='ocrx_word' id='word_1_483' title='bbox 1218 2789 1288 2830; x_wconf 72' lang='lat' dir='ltr'>pati</span> <span class='ocrx_word' id='word_1_484' title='bbox 1308 2788 1452 2829; x_wconf 79' lang='lat' dir='ltr'>quicquid</span> <span class='ocrx_word' id='word_1_485' title='bbox 1476 2791 1629 2829; x_wconf 66' lang='lat' dir='ltr'>evenerit,</span> 
     </span>
     <span class='ocr_line' id='line_1_102' title="bbox 929 2839 1628 2882; baseline 0 -10"><span class='ocrx_word' id='word_1_486' title='bbox 929 2850 1029 2882; x_wconf 86' lang='lat' dir='ltr'>quam</span> <span class='ocrx_word' id='word_1_487' title='bbox 1055 2850 1075 2873; x_wconf 84' lang='lat' dir='ltr'>a</span> <span class='ocrx_word' id='word_1_488' title='bbox 1093 2840 1274 2872; x_wconf 81' lang='lat' dir='ltr'>vanissimo</span> <span class='ocrx_word' id='word_1_489' title='bbox 1294 2839 1352 2871; x_wconf 91' lang='lat' dir='ltr'>illo</span> <span class='ocrx_word' id='word_1_490' title='bbox 1371 2839 1542 2873; x_wconf 85' lang='lat' dir='ltr'>hominum</span> <span class='ocrx_word' id='word_1_491' title='bbox 1570 2850 1628 2882; x_wconf 85' lang='lat' dir='ltr'>ge-</span> 
     </span>
    </p>
   </div>
  </div>
 </body>
</html>
