1916 3262
389 256 504 318 1380

390 387 465 411 nem
493 387 623 418 sequor.
667 377 775 408 Recte
810 381 920 409 autem
957 378 1071 408 audito

391 427 615 467 rapacissimae
638 426 826 457 meretricis
841 426 984 461 nomine,
999 436 1071 457 eam

388 476 558 516 Charybdi
581 480 767 515 comparat,
802 482 839 506 ut
869 477 967 516 paulo
999 483 1073 515 post

389 525 574 557 Chimaerae.
589 525 727 556 Torreat.
765 524 934 564 Charybdi]
956 524 1071 556 Poe'tae

389 573 506 605 dicunt
520 573 685 604 foeminam
702 572 802 603 fuisse
813 574 1073 612 veracissimam,

387 632 460 663 quae
483 623 570 662 quod
588 622 744 652 Herculis
770 623 869 653 boves
897 624 1073 662 rapuisset,

387 680 406 701 a
429 670 566 701 fulmine
587 671 668 709 icta,
687 671 719 701 in
746 680 836 701 mare
859 673 1072 711 praecipitata

387 719 444 758 sit,
459 724 495 750 et
509 719 542 749 in
557 719 745 759 hujusmodi
767 723 947 751 monstruni
965 731 1071 758 versa,

387 769 474 809 quod
502 769 608 799 adhuc
637 769 807 808 pristinam
838 774 951 799 servat
978 775 1072 799 natu-

387 826 477 848 ram:
503 816 662 848 absorbet
676 817 762 847 enim
785 818 952 849 universa.
979 819 1073 848 Eras-

387 875 467 896 mus.

429 919 471 947 20
494 916 648 955 Flamma]
673 916 810 947 Meliori
826 925 948 946 amore.

428 969 468 996 21
494 966 571 1001 Quae
581 967 672 1006 saga]
697 967 781 998 Quae
795 966 914 995 mulier
927 963 1073 995 venefica

388 1019 424 1046 et
453 1016 664 1050 incantatrix,
695 1015 769 1054 quis
799 1015 919 1054 Magus
947 1015 1073 1053 poterit

387 1067 421 1093 te
437 1064 507 1102 ejus
523 1072 634 1093 umore
656 1063 819 1093 liberare?
857 1063 1009 1092 Thessalis
1024 1071 1073 1092 ve-

386 1110 487 1149 nenis]
511 1111 549 1140 ld
586 1116 652 1147 est,
681 1111 792 1140 herbis
822 1110 1074 1149 efficacissimis,

387 1158 574 1198 cujusmodi
583 1164 659 1190 sunt
669 1160 700 1189 in
711 1159 892 1190 Thessalia.
912 1159 1074 1198 [Schoen-

387 1208 483 1239 born.
496 1211 527 1239 2.
550 1209 618 1247 quis
630 1212 660 1239 te
680 1210 794 1239 solvere
812 1208 1000 1248 Thessalum]

427 1260 468 1288 23
496 1258 558 1288 Vix
578 1257 748 1297 illigatum]
771 1258 920 1297 Pegasus
949 1263 983 1288 te
1010 1257 1073 1288 illi-

388 1312 514 1347 gatum,
526 1308 558 1338 id
572 1312 637 1346 est,
654 1313 686 1338 te
701 1308 734 1338 in
751 1308 808 1338 illa
823 1309 1020 1347 implicitum
1037 1313 1072 1338 et

386 1355 594 1394 impeditum,
607 1357 660 1386 vix
676 1356 783 1386 solvet
795 1356 836 1386 ab
852 1356 914 1386 hac
932 1356 1070 1386 triformi

387 1404 563 1434 Chimaera.
607 1404 725 1442 Poeta,
740 1410 776 1435 ut
793 1414 895 1444 supra
919 1406 1072 1435 meretri-

386 1462 458 1484 cem
483 1453 661 1493 Charybdi,
677 1459 817 1493 propter
843 1453 1072 1492 rapacitatem,

386 1502 434 1533 itu
449 1502 502 1532 hic
518 1502 707 1540 Chimoerae,
730 1507 869 1542 propter
884 1503 990 1532 varios
1013 1502 1070 1532 do-

385 1551 435 1587 los
451 1556 486 1581 et
503 1550 674 1581 libidinum
697 1551 922 1590 incitamenta,
939 1561 1071 1591 compa-

386 1604 450 1630 rat.
497 1600 645 1636 TrnYormi
675 1600 851 1639 Chimoeroe]
878 1601 984 1631 Recte
1016 1601 1072 1631 tri·

377 1649 512 1684 formem
527 1653 642 1678 vocat:
666 1652 763 1678 notus
778 1648 865 1678 enim
883 1648 938 1678 ille
955 1648 1072 1678 Hesio-

386 1696 422 1726 di
445 1706 558 1726 versus
571 1706 580 1726 ε
604 1695 721 1735 Πρόσθε
735 1694 825 1735 λέων,
840 1694 942 1726 ὄπιθεν
959 1695 991 1726 δὲ
1005 1695 1070 1736 δρά-

386 1758 456 1784 κων,
469 1745 569 1785 μέσση
589 1745 622 1777 δὲ
634 1746 769 1785 χίμαιρα·
793 1756 891 1786 quem
907 1747 956 1777 sic
971 1749 1072 1777 vertit

386 1796 564 1826 Lucretius
580 1805 587 1825 ε
612 1796 720 1826 Prima
736 1795 793 1834 leo,
803 1797 959 1834 postrema
972 1796 1072 1829 draco,

387 1844 486 1875 media
500 1845 564 1884 ipse
582 1844 745 1874 Chimoera.

428 1896 470 1924 24
491 1893 646 1932 Pegasus]
683 1893 749 1924 Pro
786 1892 919 1932 Pegaso
956 1898 1072 1924 vectus

386 1942 621 1981 Bellerophon,
636 1941 692 1981 qui
707 1941 852 1972 Palladis
868 1942 990 1972 auxilio
1014 1943 1071 1972 mi·

386 1990 561 2020 randailla
578 1990 747 2029 praestitit.
789 1989 876 2019 vide
899 1990 1071 2021 Plutarch.

387 2038 428 2068 de
458 2038 555 2068 claris
580 2037 784 2075 mulieribus,
807 2047 882 2076 cap.
910 2045 965 2069 tx.
999 2039 1072 2068 Tor-

385 2089 464 2116 rent.
501 2086 640 2124 Pegasus
651 2085 807 2124 expediet]
821 2086 936 2125 Equus
953 2087 1071 2124 alatus,

386 2135 657 2174 Bellerophontis
683 2135 829 2174 Neptuni
856 2140 891 2165 et
919 2135 1071 2166 Medusae

386 2182 485 2214 filius.
518 2184 694 2223 Chimaerae]
709 2183 884 2218 Chimaera,
901 2183 1072 2223 Typhonis

387 2237 422 2263 et
451 2232 591 2263 Echidni
618 2232 697 2272 filia,
722 2237 905 2262 monstrum
938 2233 1072 2263 horren-

389 2282 477 2317 dum,
488 2282 551 2312 tria
564 2282 679 2312 habuit
690 2282 812 2322 capita,
825 2291 922 2312 unum
940 2283 1071 2316 Leonis,

389 2332 530 2362 alterum
561 2332 694 2371 Caprae,
725 2332 860 2362 tertium
898 2332 1072 2371 Draconis,

387 2379 475 2410 unde
491 2381 579 2410 dicta
595 2384 648 2411 est
665 2378 831 2410 triformis.

388 2429 469 2460 Ona·
485 2437 618 2460 xxviii.
652 2427 929 2468 Προσαγορευτική,
970 2428 1072 2459 Indu-

428 2477 516 2508 citur
530 2478 695 2518 Archytas
705 2478 927 2517 Philosophus
939 2483 974 2508 et
984 2477 1071 2509 Geo-

429 2532 547 2565 metia,
569 2532 679 2557 nautae
702 2524 836 2557 cuidam
861 2527 1073 2566 respondens,

427 2575 516 2615 quod
531 2575 682 2607 omnibns
709 2576 754 2606 sit
777 2576 993 2615 moriendum,
1018 2586 1072 2616 pe-

429 2628 568 2664 tensque
593 2634 613 2655 a
638 2629 752 2658 nauta,
773 2634 815 2655 ne
842 2625 928 2656 sinat
952 2633 1072 2665 corpus

429 2673 646 2711 suumjacere
661 2674 693 2704 in
718 2674 832 2704 littore
858 2674 1071 2713 insepultum,

429 2718 488 2748 sed
504 2720 741 2760 aliquantulum
755 2731 864 2753 areum
877 2723 1008 2762 corpori
1024 2723 1071 2752 iu-

424 2768 534 2807 jiciat.

838 287 979 317 NOTAE
1013 286 1271 317 VARIORUM
1310 287 1360 318 IN

1165 379 1262 409 Hanc
1272 379 1368 410 Oden
1380 379 1412 409 in
1423 382 1561 410 mortem
1575 378 1803 420 Archytoeffo·

1121 428 1242 459 rentini
1257 429 1456 468 conscripsit
1478 428 1659 460 Horatius:
1683 438 1722 460 nc
1737 430 1803 469 pri-

1122 486 1209 506 mum
1224 477 1355 517 quidem
1373 478 1443 516 ipse
1457 476 1653 507 defunctum
1667 476 1805 518 alloqui-

1123 531 1186 556 tur.
1210 531 1334 564 postea-
1357 535 1435 556 vero
1465 526 1707 566 philosophum,
1732 531 1803 558 tnu-

1121 584 1219 614 quam
1233 576 1360 606 recenti
1372 575 1478 606 adhuc
1488 574 1806 616 cadavere‚ioquon-

1124 628 1190 653 tem
1216 622 1311 664 facit,
1331 629 1431 664 atque
1446 625 1493 655 ita
1508 633 1639 654 carmen
1655 624 1804 662 deducit,

1122 676 1158 702 ut
1170 672 1280 703 ridere
1292 673 1534 714 Pythagoricos
1543 674 1686 704 voluisse
1697 674 1806 704 videa-

1122 726 1194 759 tur;
1213 721 1412 762 Pythagorae
1429 723 1514 753 enim
1531 722 1714 762 discipulus
1731 721 1805 753 fnit.

1125 771 1262 802 Tot-rent.

1164 821 1181 848 1
1209 819 1249 849 Te
1269 819 1379 859 mai-is]
1407 819 1563 860 Archytae
1593 820 1735 851 cadaver
1758 821 1805 851 sic

1123 872 1222 897 nauta
1246 868 1446 908 alloquitur:
1471 869 1502 899 O
1521 867 1684 909 Archyta,
1705 879 1805 909 parva

1123 925 1259 946 munera
1281 916 1394 956 exigui
1416 917 1560 956 pulveris
1579 927 1684 958 prope
1710 920 1806 949 littus

1123 963 1288 994 Matinum
1303 965 1456 996 cohibent
1471 966 1520 1007 (id
1534 971 1599 1004 est,
1613 966 1804 1006 continent)

1124 1017 1155 1042 te
1171 1022 1355 1044 mensorem
1371 1015 1480 1052 maris,
1495 1019 1607 1053 terra»,
1629 1020 1665 1045 et
1686 1024 1807 1053 arenae,

1123 1071 1196 1101 quae
1214 1066 1308 1092 caret
1323 1071 1469 1094 numero.
1495 1062 1625 1094 Tui-neb.
1637 1071 1701 1093 vn.
1714 1065 1766 1093 2⁰.

1163 1113 1183 1140 2
1219 1111 1406 1151 llIensorem]
1443 1111 1615 1142 Ridicule:
1653 1120 1806 1152 quonium

1123 1159 1338 1199 Pythagorici
1355 1159 1466 1190 omnin
1487 1165 1640 1190 constare
1661 1159 1805 1190 numeris

1121 1209 1291 1247 volebant,
1320 1208 1418 1238 etiam
1449 1217 1582 1238 arenam
1610 1208 1806 1239 metientem

1121 1256 1229 1296 fingit.
1270 1257 1360 1288 Hinc
1375 1256 1475 1295 ἅμμον
1487 1258 1610 1297 μετρεῖν
1620 1258 1655 1287 ‘ln
1671 1266 1806 1297 prover·

1123 1306 1194 1336 hiis.
1211 1307 1348 1337 Tou-rent.
1363 1307 1491 1338 Turneb.
1503 1315 1606 1338 xxvi.
1625 1310 1655 1338 1.
1683 1306 1807 1337 Menso-

1120 1357 1197 1395 rem]
1212 1356 1439 1387 Geomeuam.
1461 1357 1643 1396 [Messorem
1663 1356 1806 1386 Schoen-

1122 1404 1213 1434 born.
1225 1403 1271 1443 2.]

1161 1455 1180 1482 3
1205 1451 1321 1491 Parva]
1345 1452 1487 1482 Munera
1516 1451 1608 1490 parvi
1643 1456 1805 1491 sumptus,

1120 1500 1153 1531 id
1193 1505 1256 1538 est,
1294 1510 1431 1540 parvum
1478 1501 1679 1540 sepulcrum,
1717 1502 1805 1540 quod

1122 1559 1237 1580 munus
1253 1554 1287 1579 et
1310 1548 1453 1580 officium
1473 1550 1623 1580 viventes
1639 1554 1803 1589 praestnre

1121 1598 1246 1629 dehent
1262 1599 1411 1630 mortuis.
1454 1599 1626 1638 Matinum]
1655 1598 1804 1629 Matinus

1121 1657 1215 1677 mons
1231 1652 1284 1678 est
1305 1648 1337 1678 in
1363 1648 1604 1687 Apulia,juxta
1625 1657 1723 1688 quem
1742 1647 1804 1678 Ar-

1121 1696 1236 1734 chytas
1246 1695 1341 1735 jacet
1353 1696 1514 1735 sepultus.
1799 1699 1806 1707 “

1162 1746 1182 1774 4
1216 1743 1362 1782 Prodest]
1397 1743 1451 1774 Ad
1479 1747 1616 1775 mortem
1644 1743 1806 1785 effugien-

1123 1793 1220 1823 dam„

1163 1846 1181 1872 5
1209 1842 1334 1882 Aerias]
1358 1842 1456 1875 Quod
1479 1842 1524 1872 sis
1553 1841 1636 1872 adeo
1656 1842 1806 1874 curiosus

1122 1891 1154 1921 in
1164 1892 1262 1921 astris
1274 1891 1502 1922 observandis.

1163 1945 1183 1972 6
1195 1942 1322 1981 Polum]
1336 1942 1460 1972 Caelum
1471 1945 1583 1972 mente
1597 1949 1805 1981 peragrasse.

1162 1992 1182 2020 7
1202 1990 1338 2028 Occidit,
1351 1990 1419 2029 ξω]
1446 1989 1617 2028 Deinceps
1634 1990 1725 2029 loqui
1739 1990 1804 2021 Ar-

1122 2038 1252 2076 chytam
1277 2038 1412 2068 volunt:
1437 2037 1496 2067 sed
1518 2037 1595 2077 quia
1609 2037 1752 2068 Carmen
1767 2038 1806 2068 it-

1121 2087 1177 2116 lud
1193 2086 1299 2116 instar
1310 2086 1442 2123 Satyros
1454 2091 1519 2120 est,
1541 2095 1606 2116 non
1620 2090 1713 2130 θηρὶ
1737 2085 1804 2118 for-

1123 2135 1230 2172 tassis,
1242 2134 1296 2174 qui
1313 2134 1496 2164 orationem
1512 2132 1804 2177 continuet-utque

1122 2183 1164 2214 ad
1181 2192 1321 2214 versum.
1348 2183 1403 2214 Me
1413 2193 1525 2223 quoque
1538 2184 1646 2215 deved
1659 2185 1804 2226 νηπίω

1121 2231 1207 2262 enini
1224 2232 1284 2262 sub
1296 2232 1432 2262 alterius
1444 2241 1541 2272 quam
1555 2232 1715 2273 Arch'ytae
1729 2243 1804 2273 per-

1121 2289 1199 2311 sona
1216 2284 1366 2310 renatum
1382 2281 1472 2310 illum
1490 2281 1714 2321 Pythagoran
1730 2283 1804 2314 irri-

1121 2330 1213 2360 serit.
1241 2329 1378 2360 Torreat.
1439 2329 1576 2368 Occidit]
1609 2330 1805 2371 Respondet

1122 2377 1309 2417 Archytas:
1334 2377 1409 2408 Non
1433 2381 1485 2408 est
1507 2377 1636 2415 mirum,
1655 2389 1708 2412 me
1730 2380 1803 2411 Μ..

1120 2427 1334 2458 thematicum
1348 2432 1382 2456 et
1394 2426 1628 2466 Philosophum
1639 2437 1804 2460 ememor-

1123 2481 1227 2514 tuum,
1252 2485 1348 2520 quum
1374 2484 1460 2506 mors
1482 2476 1525 2506 sit
1546 2476 1698 2508 omnibns
1713 2486 1803 2508 com-

1121 2525 1238 2555 munis.
1285 2523 1428 2563 Genitor,
1457 2525 1598 2565 conviva]
1631 2526 1803 2566 Tantalus,

1121 2574 1175 2613 qui
1191 2574 1284 2603 Deos
1297 2572 1329 2602 in
1344 2573 1530 2604 convivium
1546 2573 1685 2614 recepit.

1162 2625 1181 2652 8
1222 2621 1439 2661 Tithonusque]
1465 2622 1639 2661 Tithonus,
1666 2623 1800 2654 home-

1121 2671 1230 2702 doutis
1258 2670 1358 2708 filius,
1386 2670 1519 2701 tandem
1549 2676 1625 2711 post
1651 2668 1800 2710 mui-

1121 2729 1204 2750 mam
1217 2720 1319 2749 vitam
1337 2719 1369 2748 in
1380 2719 1534 2750 Cicadnm
1550 2717 1802 2750 transmutatus

1120 2771 1251 2802 dicitur.
1300 2768 1444 2799 Remmius
1471 2769 1504 2799 in
1532 2767 1639 2806 aaran]
1669 2767 1797 2798 Recte:
