1916 3262
568 257 919 290 Bms'romnum
954 258 1052 290 mn.
1082 258 1134 289 11.
1163 247 1207 290 2.

153 355 396 399 Vehemens
414 359 459 397 et
476 354 689 409 liquidus,
706 366 903 410 puroque
923 355 1172 397 simillimus
1190 352 1322 404 amni,

1482 249 1596 292 1259

1510 355 1595 396 120

154 424 330 466 Fundet
348 436 470 478 opeS,
490 422 752 477 Latiumque
772 424 925 466 beabit
944 423 1081 464 divite
1100 422 1271 475 lingua:

152 491 446 532 Luxuriantia
461 495 733 544 compescet;
762 490 893 531 nimis
911 503 1071 544 aspera
1090 502 1199 531 sano

152 557 343 599 Levabit
361 557 499 610 cultu;
528 558 691 599 virtute
712 557 910 599 carentia
928 557 1082 598 tollet:

151 623 367 666 Ludentis
387 625 578 678 speciem
598 624 744 677 dabit3
775 631 819 667 et
838 624 1121 678 torquebitur,
1142 628 1193 665 ut
1210 622 1288 677 qui

151 690 286 733 Nunc
306 691 525 747 Satyrum,
544 705 661 733 nunc
682 695 899 746 agrestem
918 690 1120 745 Cyclopa
1139 693 1352 731 movetur.

1510 688 1594 730 125

150 756 188 807 ἿῘ
206 758 483 801 Praetulerim
502 760 688 814 scriptor
705 759 870 801 delirus
890 759 1088 812 inersque
1111 758 1267 807 videri,

148 825 267 867 Dum
282 839 382 868 mea
400 826 620 868 delectent
638 826 758 868 mala
778 839 861 875 me,
881 826 954 868 vel
969 825 1156 879 denique
1176 824 1348 874 fallant,

149 889 296 942 Quam
317 904 490 946 sapere,
512 897 559 934 et
577 893 704 947 tingi.

764 893 868 935 Fuit
885 892 1004 934 haud
1023 891 1233 946 ignobilis
1251 889 1400 944 Argis,

143 1021 252 1062 gubit:
274 1024 316 1055 ad
329 1023 430 1056 instar
442 1024 588 1066 fluminis
611 1024 718 1066 rapidi
739 1035 775 1056 ac
798 1024 906 1064 nitidi,
923 1024 1062 1067 proferet
1085 1023 1228 1063 divitius,
1242 1032 1278 1054 uc
1292 1032 1430 1054 sermone
1452 1023 1594 1064 opulento

147 1065 262 1098 uitabit
275 1066 422 1098 Latium:
445 1068 650 1099 redundantia
665 1067 826 1107 coercebit,
841 1069 969 1099 duriora
982 1069 1059 1099 scite
1073 1067 1220 1106 exposta,
1235 1066 1387 1097 inertibus
1401 1065 1465 1096 vim
1479 1067 1571 1097 addet
1582 1076 1593 1097 .-

147 1109 236 1147 qumi
248 1108 352 1140 ludens
366 1110 606 1150 circumagetur,
619 1110 702 1141 velut
726 1111 779 1150 qui
801 1112 889 1141 modo
910 1110 1072 1151 Satyrum,
1093 1110 1180 1139 modo
1202 1109 1310 1139 rudem
1326 1109 1489 1149 Cyclopem
1508 1111 1594 1138 moe·

145 1149 285 1181 simulat.
316 1151 386 1190 Ego
399 1155 482 1183 certe
496 1153 602 1183 malim
616 1152 723 1183 haberi
735 1153 826 1194 poie'tu
839 1162 970 1183 vesanus
982 1156 1014 1183 et
1027 1152 1174 1189 insulsus,
1187 1151 1346 1182 dummodo
1360 1151 1501 1190 placeant
1516 1149 1594 1180 mihi

145 1192 196 1223 vel
210 1193 305 1224 etiam
318 1193 427 1234 ignota
439 1194 503 1226 sint
517 1195 596 1226 vitia
610 1204 677 1226 mea
686 1205 700 1232 ;
720 1205 812 1236 quam
827 1195 901 1226 bene
915 1194 1060 1235 scribere,
1074 1197 1104 1225 et
1116 1193 1218 1224 animo
1232 1192 1378 1224 cruciari.
1417 1191 1593 1231 Arg-isfuit

746 1287 963 1303 ‘WOO‘OOOO
967 1290 985 1302 e

139 1364 343 1404 produxerat.
365 1362 491 1395 Venet.
505 1365 600 1395 1492.
613 1363 916 1404 perduxerim-120
938 1363 1006 1395 Hic
1019 1363 1180 1396 vehemens
1194 1363 1330 1404 liquidus
1343 1364 1425 1395 Vat.
1448 1363 1546 1395 Rom.
1562 1366 1595 1397 5.

144 1416 166 1437 a
180 1415 224 1437 m.
238 1414 307 1437 sec.
320 1409 358 1437 et
371 1405 452 1437 vat.
464 1406 578 1437 Palat.
593 1409 625 1438 6.
662 1407 709 1437 Et
722 1406 856 1446 liquidus
869 1406 1030 1437 vehemens
1044 1407 1128 1438 Vat.
1145 1407 1242 1438 Rom.
1255 1409 1287 1437 6.
1311 1406 1492 1438 Barberin.
1509 1409 1542 1438 2.
1555 1413 1592 1438 et

140 1447 300 1490 Angelic.
311 1450 344 1479 3.
381 1447 426 1479 Ue
450 1449 609 1479 uehemens
632 1447 768 1488 liquidus
792 1448 868 1480 Vat.
884 1451 935 1480 18.
974 1448 1142 1481 Vehemens
1168 1452 1199 1481 et
1218 1448 1354 1489 liquidus
1376 1448 1413 1480 in
1437 1449 1591 1481 omnibus

141 1489 229 1522 aliis.
260 1490 435 1522 simillimus
445 1491 522 1522 anni
534 1491 764 1522 Schoenborn.
775 1493 915 1523 6.-121
939 1490 1062 1523 Fundit
1072 1501 1144 1533 opes
1157 1491 1238 1523 Vat.
1253 1492 1350 1522 Rom.
1366 1493 1510 1523 5.-122
1525 1493 1591 1523 Cu-

139 1533 232 1574 ning.
247 1532 282 1564 in
298 1537 379 1564 nota
393 1534 484 1574 conj.
499 1534 651 1574 depascet.
683 1533 764 1566 vat.
780 1533 891 1566 Palat.
903 1536 935 1565 3.
952 1538 988 1566 et
1011 1533 1166 1566 vallicel.
1182 1537 1212 1566 1.
1227 1535 1507 1574 campania—123
1532 1534 1591 1566 Le-

139 1575 224 1607 πίνει
237 1576 324 1607 cultu
337 1575 416 1606 Vat.
438 1577 535 1607 Rom.
551 1580 583 1607 5.
600 1586 620 1607 a
634 1585 678 1607 m.
693 1585 763 1608 sec.
797 1575 877 1607 Vid.
896 1575 973 1608 Art.
990 1576 1092 1608 Ροὲῐ.
1108 1579 1162 1608 26.
1199 1577 1334 1608 calentia
1348 1577 1427 1609 Vat.
1444 1576 1543 1608 Rom.
1558 1581 1591 1609 5.

140 1627 162 1648 a
177 1626 221 1649 m.
233 1626 286 1658 pr.
298 1617 380 1650 Vat.
394 1618 508 1651 Palat.
519 1621 551 1651 3.
575 1619 734 1650 vallicel.
751 1622 782 1650 l.
796 1623 832 1650 et
844 1618 910 1650 duo
926 1618 1027 1651 codd.
1047 1620 1338 1651 Torrentii.—-l25
1364 1619 1458 1650 Nunc
1470 1628 1593 1650 sacrum

139 1659 373 1692 Schoenborn.
385 1663 417 1691 4.
454 1661 590 1702 Cyclopa
603 1661 748 1692 imitatur
763 1661 879 1692 Zarot.
892 1661 1033 1693 Mediol.
1049 1667 1085 1693 et
1099 1662 1178 1693 Vet.
1194 1661 1425 1693 Comb.—l26
1445 1661 1591 1692 Pertule-

138 1702 201 1733 rim
213 1702 295 1734 Vat.
310 1703 408 1734 Rom.
421 1705 453 1734 2.
488 1703 682 1734 Protulerim
697 1703 776 1734 Vat.
789 1705 948 1735 14.—12⁷
973 1705 1053 1735 Cum
1064 1713 1131 1734 meu
1145 1704 1224 1735 Vat.
1240 1703 1352 1735 Palat.
1368 1705 1401 1734 3.
1437 1703 1591 1734 delectant

140 1744 239 1776 Vatt.
253 1746 304 1776 10.
319 1747 372 1776 14.
387 1747 440 1776 18.
457 1746 509 1776 19.
532 1746 629 1776 Vatt.
646 1745 744 1777 Rom.
763 1748 795 1776 2.
810 1748 839 1777 3.
855 1749 886 1777 5.
900 1748 933 1776 9.
956 1746 1040 1777 Vat.
1057 1746 1170 1777 Palat.
1186 1748 1218 1777 1.
1239 1745 1426 1785 Bamberg.
1442 1744 1590 1775 Chisian.

142 1787 174 1818 1.
197 1795 218 1817 a
232 1795 276 1816 m.
292 1795 344 1826 pr.
357 1787 508 1817 Chisian.
520 1789 552 1817 5.
568 1792 605 1818 et
619 1787 776 1818 Vullicel.
792 1789 824 1818 3.
848 1787 898 1818 ita
913 1791 1068 1818 notatum
1084 1797 1128 1818 ex
1142 1787 1219 1818 cod.
1233 1786 1266 1818 in
1282 1796 1386 1827 marg.
1402 1786 1483 1818 Ald.
1497 1789 1592 1818 1509.

141 1827 176 1858 in
198 1827 360 1859 Biblioth.
375 1828 556 1859 Barberin.
577 1827 699 1867 fallunt
724 1828 952 1860 Schoenborn.
970 1832 1002 1860 2.
1018 1832 1049 1861 3.
1073 1830 1156 1860 Vat.
1170 1832 1223 1860 10.
1244 1833 1280 1860 et
1304 1829 1384 1860 Vat.
1401 1829 1499 1860 Rom.
1514 1831 1592 1859 9.-

143 1871 207 1902 128
228 1869 334 1910 Argos
349 1871 403 1902 vel
417 1871 526 1910 Arg-us
541 1870 641 1902 codd.
654 1871 813 1904 Torrent.
828 1875 864 1903 et
879 1871 929 1903 ita
940 1871 1064 1904 Sanad.
1079 1871 1231 1903 Mervill·
1246 1875 1283 1903 et
1297 1864 1496 1904 Phih—-lao
1518 1870 1592 1903 An-

793 1979 935 2012 NOTAE

168 2048 244 2084 '124
265 2051 420 2083 Ludentis
430 2051 560 2092 speciem
569 2052 672 2093 dabit]
693 2052 743 2083 Ea
756 2051 836 2084 sub-

138 2100 266 2133 tilitate
290 2101 428 2141 scribet,
449 2106 488 2134 ut
511 2102 628 2134 ludere
653 2102 835 2135 videatur:

136 2150 223 2183 adeo
237 2158 291 2183 res
306 2161 449 2193 quaeque
470 2152 663 2184 luculenter
678 2157 715 2184 et
730 2152 835 2185 facile

64 2223 70 2229 .
134 2200 272 2243 scriptae
299 2202 526 2244 apparebunt,
551 2204 612 2235 ‘ut
639 2203 703 2235 sibi
725 2203 835 2245 quivis

135 2253 260 2295 &peret
288 2253 422 2294 idem3'
458 2260 496 2287 at
523 2255 534 2274 ‘
558 2255 660 2288 sudet
691 2257 835 2288 multum

135 2303 328 2346 frustraque
342 2304 474 2336 laboret
489 2305 600 2337 Ausus
614 2305 727 2337 idem?
757 2305 834 2338 Art.

137 2353 239 2386 Poet.
252 2363 302 2386 vs.
319 2357 395 2386 240.
439 2355 528 2386 Vide
543 2355 589 2387 ibi
602 2355 686 2388 Not.

183 2403 228 2436 Ut
256 2403 309 2444 qua·
341 2405 436 2436 Nunc
463 2406 624 2448 Satyrum,
651 2416 733 2438 nunc
764 2416 835 2447 ugr.

136 2453 206 2495 dyc]
222 2453 329 2485 velut
343 2455 485 2487 eximius
502 2457 744 2497 pantomimus,
759 2467 834 2499 ges-

136 2503 227 2546 tibus
253 2503 446 2544 exprimens
475 2514 564 2537 nuuc
586 2507 708 2548 agilem
734 2509 834 2548 Saty-

137 2562 224 2593 rum,
250 2561 340 2584 nunc
364 2553 496 2585 tardum
518 2555 716 2596 Cyclopem,
735 2561 835 2589 tanta

137 2603 274 2645 quidem
289 2607 376 2642 arte,
395 2607 435 2635 ut
458 2603 532 2644 ipsa
556 2604 671 2646 Satyri
695 2607 749 2637 vel
766 2607 834 2647 Cy-

135 2652 244 2695 clopis
256 2659 376 2685 natura
390 2657 426 2684 et
441 2662 587 2694 persona
601 2662 702 2693 agere
718 2656 833 2687 creda-

135 2707 214 2735 tur:
238 2702 327 2745 quod
361 2702 497 2744 quidem
528 2702 656 2743 pariter
685 2704 833 2736 aemulari

135 2764 172 2786 ne
198 2763 296 2795 posse
318 2753 458 2794 quisque
481 2752 708 2793 spectantium
732 2750 833 2786 facile

137 2805 199 2838 ribi
215 2804 443 2847 persuaserit:
469 2812 585 2835 verum
613 2803 640 2835 si
664 2812 734 2835 rem
762 2809 834 2837 teu-

888 2057 950 2088 tet,
969 2053 1043 2094 jam
1065 2052 1302 2086 difficultatem
1318 2053 1454 2086 sentiat.
1498 2052 1588 2086 Vide

889 2112 914 2136 1.
930 2105 1000 2136 Sat.
1012 2109 1044 2136 5.
1062 2107 1117 2137 63.

932 2158 996 2187 126
1019 2155 1224 2187 Proetulerim
1238 2153 1382 2196 scriptor,
1395 2153 1467 2195 ξω]
1481 2153 1588 2186 Vide·

889 2207 944 2237 tur
956 2215 1018 2246 per
1027 2205 1305 2246 prosopopoeiam
1322 2204 1437 2236 induci
1458 2204 1590 2245 Florus,

890 2256 944 2286 vel
959 2255 1044 2286 alius
1058 2255 1237 2296 quispiam,
1251 2254 1325 2286 haec
1338 2254 1454 2286 dicens
1465 2260 1500 2286 et
1509 2264 1588 2286 con-

890 2306 1030 2338 cludens
1066 2315 1109 2338 ex
1138 2305 1328 2337 rationibus
1361 2305 1405 2337 ab
1440 2305 1588 2338 Horatio

889 2356 1044 2397 prolatis.

931 2408 994 2437 128
1031 2403 1150 2445 Ringz]
1195 2405 1421 2440 Stomachari,
1458 2403 1587 2436 intimis

888 2455 1044 2487 sensibus
1067 2455 1158 2496 angi.
1192 2455 1265 2487 Cic.
1291 2454 1334 2486 ad
1349 2455 1458 2486 Attio.
1481 2463 1532 2485 ιν.
1555 2459 1587 2485 5.

885 2505 896 2523 ‘
913 2506 962 2537 Hi
998 2504 1254 2545 subringentur,
1291 2503 1348 2544 qui
1379 2504 1493 2534 villam
1529 2512 1585 2533 me

886 2555 1031 2586 moleste
1057 2553 1172 2585 ferunt
1197 2553 1336 2593 habere,
1363 2562 1439 2593 quae
1470 2552 1585 2585 Catuli

886 2603 1022 2636 fuerat!

935 2655 1010 2686 Fuit
1041 2655 1124 2685 haud
1148 2651 1297 2692 ignobilis
1322 2651 1439 2693 Arg-is]
1469 2652 1584 2686 Homo

886 2703 945 2737 ille
963 2705 1148 2735 vocabatur
1170 2703 1294 2743 Lycas,
1316 2711 1360 2734 ex
1381 2703 1461 2734 Vet.
1484 2702 1584 2735 Com-

887 2759 993 2787 ment.
1023 2755 1075 2786 De
1091 2753 1194 2795 Argis
1210 2752 1307 2795 urbe,
1323 2762 1349 2785 1.
1366 2751 1434 2786 Od.
1451 2755 1483 2786 7.
1497 2753 1582 2786 Not.
