1930 3204
654 275 867 306 noRA'ru
903 276 1047 309 EPOD.
1079 277 1176 308 xit.

185 372 278 400 tuam
293 367 469 401 libidinem
479 367 683 410 explendam
697 367 860 399 sollicitas
875 367 887 397 ὲ

225 421 245 450 3
269 418 576 460 Necfirmojuveni]
598 417 833 456 MihiJnveni,
850 418 884 448 iu

183 468 372 500 certamine
394 477 539 500 venereo
561 476 626 499 non
649 465 769 498 valido.
817 467 884 498 Nec

181 521 271 550 nans
295 519 409 560 obem]
453 517 523 550 Sed
550 517 638 549 naris
667 516 884 558 acutissimae,

181 568 236 600 cui
253 572 311 600 tua
335 567 564 600 immundities
589 567 722 608 placere
740 577 807 598 non
824 576 884 607 po-

181 622 263 650 test.
298 618 398 650 Naris
411 618 524 659 obesae]
538 618 682 650 Veteres
701 618 710 635 ‘
724 618 883 658 pingues’

181 666 349 700 vocabant
365 668 506 700 obtusos
522 673 624 708 atque
640 666 792 706 hebetes,
806 676 883 707 per·

179 716 259 748 inde
273 726 314 749 ac
337 717 366 749 si
381 717 534 758 corporis
555 716 692 748 habitus
710 717 881 758 ingenium

178 763 342 798 afficeret.
379 767 484 798 Turn.
517 775 594 799 xiv.
624 769 678 798 20.
713 767 880 799 Canterus

178 814 268 846 Nov-
285 815 384 847 Lect.
401 825 438 847 v.
454 818 508 848 20.

214 866 236 898 Δ
260 864 404 906 Namque
417 865 565 904 sagacius
579 866 675 907 unus]
706 865 796 897 Nam
812 875 874 906 ego

173 914 264 947 solus
279 914 380 947 citius
394 914 520 947 odoror
541 921 655 947 utrum
677 916 798 947 mulier
815 925 873 956 po-

174 963 304 1005 lypum,
333 964 368 996 id
394 969 460 1004 est,
483 965 613 998 narium
639 964 791 996 morbum
819 965 875 996 lia-

174 1011 268 1053 bent,
283 1022 326 1044 an
341 1023 478 1054 gravem
493 1013 638 1055 hircum,
654 1013 688 1045 id
702 1019 768 1055 est,
778 1014 875 1047 foeto-

175 1068 246 1092 rem
276 1065 402 1095 tetrum
432 1063 466 1094 in
497 1064 558 1095 alis
594 1063 711 1105 (citius
738 1065 874 1106 inquam

173 1110 315 1151 odoror)
337 1122 438 1154 quam
464 1113 558 1145 canis
582 1114 738 1155 rimatur,
753 1115 811 1147 nbi
828 1117 874 1147 la-

173 1163 250 1192 teat
270 1169 367 1201 aper.

213 1212 234 1239 5
258 1210 412 1252 Polypus]
441 1212 609 1254 Polypum
626 1213 790 1246 definiunt
806 1224 875 1247 me-

170 1258 238 1292 dici
255 1264 419 1293 tumorem
437 1269 564 1303 praeter
585 1269 740 1296 naturam
762 1266 794 1296 in
817 1275 874 1297 na-

170 1309 263 1342 ribus
293 1312 458 1352 genitum,
491 1313 613 1354 Polypi
645 1315 749 1354 piscis
779 1315 873 1346 carni

169 1359 326 1399 similem,
350 1361 439 1392 unde
460 1366 496 1393 et
519 1371 640 1393 nomen
658 1363 772 1394 habet.
818 1364 873 1394 De

169 1417 236 1448 quo
249 1409 367 1441 Celsus
383 1418 433 1443 vt.
446 1413 476 1442 8.
522 1410 622 1442 Unde
639 1410 753 1451 foetor,
768 1421 869 1453 quem

166 1457 258 1490 inter
271 1468 428 1492 nasorum
446 1465 560 1501 postes
577 1466 777 1493 annumerat
794 1462 866 1493 Ho-

163 1507 284 1539 ratius.
306 1509 427 1540 Hirtus
438 1510 473 1541 in
487 1509 562 1549 alis]
586 1510 752 1542 Proverb.
775 1511 866 1542 Anus

163 1556 224 1588 ozee
238 1557 371 1590 hircum.
408 1558 544 1600 Hircus]
563 1559 713 1592 Foetidus
729 1560 814 1592 odor
830 1562 864 1593 in

163 1605 291 1639 alarum
307 1607 397 1649 pilis.
425 1624 430 1628 -

204 1659 226 1688 7
250 1657 332 1694 Quin
344 1659 439 1690 sudor
452 1658 560 1699 vietis]
585 1659 677 1691 Libri
695 1670 776 1692 sex:
801 1662 866 1698 Qui

161 1707 255 1739 sudor
268 1707 372 1740 vietis.
417 1708 474 1739 Sic
491 1709 581 1739 enirn
597 1714 733 1740 veteres
749 1710 864 1750 loque-

163 1755 298 1791 bantur,
328 1757 378 1787 ‘si
407 1756 492 1798 qui,’
521 1758 583 1788 ‘ne
611 1757 691 1797 qui,’
716 1758 865 1799 ‘aliqui‚’

163 1813 227 1844 pro
257 1806 267 1822 ⁶
279 1804 308 1835 si
337 1803 438 1846 qnis‚'
465 1809 475 1823 ‘
488 1814 531 1836 ne
567 1805 667 1846 quis,’
704 1807 866 1848 ‘aliquis.’

163 1854 175 1871 ⁴
191 1853 329 1886 Vietus’
351 1859 464 1886 antem
485 1864 505 1885 a
527 1854 632 1894 viere,
650 1859 688 1887 nt
703 1856 814 1889 Varro
829 1863 866 1890 et

163 1903 284 1935 Festus
301 1902 453 1943 tradunt,
471 1903 562 1944 quod
587 1903 716 1936 vincire
732 1911 768 1938 et
794 1907 864 1938 alli-

162 1962 244 1994 gare
258 1952 442 1994 significat,
459 1953 551 1994 qnasi
568 1954 640 1986 sine
667 1955 712 1995 vi,
734 1956 863 1998 langui-

161 2002 224 2034 dus
240 2011 281 2034 ac
295 2002 364 2034 suis
381 2002 455 2043 jam
479 2003 605 2034 viribus
622 2005 773 2045 privatus
788 2007 863 2048 ipsa

158 2056 293 2093 natura,
307 2056 347 2084 ut
364 2052 481 2084 morbo
494 2057 531 2084 et
544 2057 648 2086 aetate
660 2056 860 2097 contingere

155 2102 254 2134 solet.
297 2103 435 2134 Terent·
451 2103 607 2136 Eunuch.
628 2106 639 2123 ‘
655 2105 722 2137 Hic
736 2111 790 2138 est
803 2118 859 2140 ve-

158 2157 227 2192 tus,
258 2153 381 2192 vietus,
408 2158 610 2185 veternosus
632 2155 763 2187 senex!
791 2167 858 2199 qno

155 2203 232 2235 loco
247 2203 405 2235 Donatus
419 2212 429 2233 t
451 2203 462 2220 ⁴
475 2202 621 2235 Araneae
636 2205 791 2246 vestem,¹
806 2207 856 2238 in-

155 2253 244 2294 quit,
277 2252 288 2270 ‘
306 2252 497 2292 Lucretius,
530 2253 654 2285 vietam
701 2257 856 2296 appellat

155 2302 249 2343 putri
265 2301 404 2333 mollitie
419 2301 623 2342 preditam!
668 2303 755 2335 Quae
772 2314 854 2338 sane

155 2348 358 2393 significatio
395 2351 519 2382 vetnlae
556 2351 652 2391 hujus
693 2354 854 2386 membris

156 2398 265 2440 probe
276 2399 448 2430 convenit.
467 2398 610 2430 Tor-rent.
652 2400 732 2436 Quis
745 2403 853 2444 sudor]

155 2447 270 2480 Poeta
281 2456 395 2480 secum
411 2448 562 2488 loquitur
578 2448 620 2479 de
635 2449 696 2482 hac
717 2459 781 2482 anu
797 2461 854 2484 ex-

155 2498 308 2530 clamans
323 2497 357 2527 in
374 2497 478 2528 tertia
494 2506 653 2537 persona.
701 2499 802 2533 Vietis
823 2505 855 2534 et

154 2547 263 2588 quam]
307 2545 479 2578 senilibus
514 2550 550 2578 et
590 2546 743 2580 flaccidis
779 2551 854 2592 eJus

153 2594 326 2628 membris.

197 2647 218 2676 8
242 2644 329 2676 Pene
341 2644 458 2685 soluto]
482 2643 578 2675 Pene
594 2653 670 2676 meo
691 2646 852 2687 languen-

153 2699 202 2733 te,
227 2702 300 2726 nec(
313 2693 417 2725 ullam
444 2693 510 2724 vim
535 2693 694 2736 habente,
710 2703 852 2738 propter

155 2744 204 2775 tui
217 2742 404 2774 fastidium.

193 2795 215 2825 9
238 2793 425 2826 Indomitum
435 2795 596 2838 properat]
614 2795 722 2829 Quum
739 2796 849 2831 effrae·

1530 269 1641 311 1563

940 374 1054 401 natam
1078 368 1253 402 libidinem
1277 367 1350 399 haec
1375 376 1458 398 auus
1477 377 1640 410 properat

939 421 1090 460 explere.
1135 419 1244 458 Neque
1272 417 1337 459 ἰαί]
1382 418 1458 449 Nec
1488 418 1535 449 illi
1562 423 1640 452 anui

932 469 1004 508 jam
1026 473 1142 499 manet
1163 472 1261 499 creta
1289 468 1412 500 sudore
1438 468 1642 509 humefacta,

939 526 1002 548 nec
1014 516 1112 548 fucus
1123 525 1190 557 quo
1203 515 1325 548 faciem
1342 518 1504 549 tinxerat.
1526 519 1640 549 'l'auto

939 567 1027 597 enim
1045 572 1139 598 motu
1154 567 1186 598 in
1202 576 1307 607 opere
1332 577 1477 599 venereo
1493 567 1638 609 seipsam

939 617 1143 656 agitaverat,
1180 621 1217 648 ut
1257 616 1367 656 fucus,
1404 627 1472 658 quo
1514 617 1638 650 faciem

938 666 1110 708 pinxerat,
1126 676 1197 707 prae
1213 666 1335 698 sudore
1351 666 1546 700 defluxerit.

979 717 1020 747 10
1046 715 1187 747 Humida
1200 715 1301 756 creta]
1324 717 1449 748 Errant
1466 718 1522 758 qui
1541 719 1550 735 ‘
1565 727 1638 750 cre-

935 769 1004 797 tam
1016 764 1025 779 '
1040 774 1102 807 pro
1117 775 1254 798 cerussa
1269 766 1324 797 hic
1342 767 1534 807 accipiunt:
1559 777 1635 799 naun

934 820 968 847 et
984 820 1080 847 creta
1103 819 1139 847 et
1154 825 1288 848 cerussa
1304 815 1439 848 feminae
1462 817 1503 848 ad
1521 816 1635 848 formae

932 865 1137 897 lenocinium
1161 865 1360 905 utebantur,
1381 871 1417 898 et
1440 871 1537 898 creta
1565 868 1635 908 qui-

929 914 1006 946 dem
1024 916 1200 956 praecipue
1216 924 1269 951 ea,
1289 925 1390 957 quam
1414 919 1423 934 ‘
1435 915 1611 947 Cimoliam
1626 910 1634 922 '

930 964 1111 1004 vocabant,
1134 975 1154 996 a
1178 965 1321 1001 Cimolo,
1347 975 1414 996 una
1435 965 1636 1006 Cycladum,

929 1014 973 1046 de
1004 1025 1070 1057 qua
1106 1015 1237 1047 Plinius
1267 1023 1386 1046 xxxv.
1419 1017 1470 1045 17.
1532 1015 1633 1046 Nunc

930 1068 940 1082 '
954 1069 1044 1096 terra
1058 1065 1240 1106 saponaria
1254 1064 1262 1078 ’
1280 1065 1378 1103 vulgo
1394 1063 1534 1103 dicitur,
1547 1064 1634 1096 mira

929 1114 962 1145 in
977 1114 1206 1155 abstergendo
1223 1114 1254 1144 vi
1273 1113 1427 1154 praedita.
1452 1114 1596 1146 Torreat.

973 1167 987 1195 l
998 1167 1012 1195 l
1038 1164 1182 1195 Stercore
1186 1163 1316 1202 fucatus
1326 1163 1487 1203 crocodili]
1504 1163 1632 1195 Miran-

929 1213 1008 1244 dum
1026 1218 1079 1244 est
1099 1214 1132 1244 iu
1157 1213 1295 1253 optimis
1312 1213 1437 1253 passim
1454 1212 1631 1244 codicibus

929 1268 1026 1295 tanta
1050 1264 1241 1294 constantia
1260 1263 1404 1294 crocodili
1426 1262 1540 1301 scribi,
1555 1272 1629 1294 cnm

928 1313 1120 1354 Etymologi
1156 1322 1175 1343 a
1210 1312 1301 1344 croci
1340 1313 1461 1342 timore
1492 1312 1630 1343 animali

926 1363 1003 1393 huic
1019 1361 1163 1393 inditum
1180 1370 1253 1392 esse
1271 1370 1393 1391 nomen
1419 1361 1545 1399 velint;
1568 1362 1628 1392 δει-

923 1411 979 1443 λία
1007 1411 1096 1443 enirn
1133 1410 1289 1442 timiditas
1315 1410 1455 1442 dicitur.
1511 1409 1628 1451 Atque

923 1461 1009 1494 adeo
1026 1460 1091 1492 mel
1118 1468 1219 1491 croco
1243 1468 1396 1499 sparsum
1411 1462 1533 1491 contra
1553 1469 1628 1490 cro·

919 1511 1049 1543 codilos
1075 1514 1214 1541 servant
1237 1509 1401 1550 AEgyptii.
1444 1509 1512 1541 Sed
1533 1509 1624 1551 quod

920 1561 1039 1593 Poetae
1071 1564 1189 1591 nostro
1226 1558 1488 1599 interpretando
1519 1559 1624 1599 niagis

919 1603 1039 1650 servit,
1055 1609 1196 1641 tradunt
1209 1614 1366 1640 auctores
1380 1608 1448 1640 duo
1463 1618 1537 1640 esse
1550 1618 1624 1640 cro-

919 1660 1108 1692 codilorum
1118 1667 1262 1699 genera:
1276 1658 1419 1689 alterum
1432 1658 1522 1699 quod
1534 1668 1623 1690 nunc

920 1708 955 1739 in
971 1709 1080 1749 aquis,
1097 1717 1185 1738 nunc
1204 1707 1236 1737 in
1260 1711 1355 1737 terra
1375 1706 1500 1745 degat3
1538 1707 1623 1738 alte-

921 1766 994 1788 rum
1016 1756 1106 1798 quod
1130 1756 1163 1786 in
1191 1755 1292 1786 terris
1320 1759 1471 1786 tantum:
1511 1754 1623 1796 hujus,

919 1816 996 1839 cum
1023 1807 1174 1839 odoratis
1201 1804 1342 1837 floribus
1368 1809 1540 1841 vescatur,
1563 1815 1622 1837 ex-

919 1861 1096 1889 crementa
1117 1856 1301 1896 diligenter
1324 1854 1450 1895 colligi,
1473 1864 1549 1896 quae
1566 1856 1622 1896 ju.

919 1907 1064 1938 cundum
1091 1906 1244 1937 nidorem
1271 1904 1427 1940 reddant,
1456 1905 1620 1937 maculas-

917 1966 984 1997 que
1007 1966 1123 1989 omnes
1146 1966 1165 1987 e
1191 1955 1280 1987 facie
1302 1954 1454 1996 deleant,
1470 1964 1511 1987 ac
1534 1955 1621 1987 nito·

917 2014 987 2044 rem
1013 2005 1170 2037 afferant.
1212 2005 1270 2036 Sic
1291 2014 1335 2036 ex
1359 2005 1493 2037 Galerio
1517 2010 1618 2047 atque

915 2055 990 2086 aliis
1023 2054 1302 2096 diligentissimus
1334 2054 1415 2086 Pet.
1443 2054 1618 2087 Victorius

883 2096 885 2098 ¹
914 2104 997 2137 Var.
1014 2105 1111 2136 Lect.
1129 2113 1182 2136 xr.
1197 2107 1230 2136 4.
1267 2103 1429 2145 Subando]
1442 2109 1450 2123 ⁰
1465 2104 1617 2136 Snbare'

912 2163 977 2186 non
1000 2155 1063 2186 hoc
1090 2154 1180 2196 qnod
1206 2155 1277 2184 vuit
1300 2153 1416 2186 Lamb.
1433 2154 1616 2195 significat,

909 2204 969 2235 sed
993 2209 1031 2236 ut
1053 2214 1150 2246 equae
1177 2204 1308 2245 equire,
1331 2213 1432 2235 canes
1456 2205 1614 2244 catulire,

909 2254 958 2286 sic
982 2254 1144 2287 ‘subare'
1172 2259 1208 2286 et
1235 2253 1387 2285 ‘aurire'
1411 2254 1547 2294 proprie
1562 2254 1613 2285 di-

908 2307 1032 2336 cuntur
1042 2314 1132 2343 sues,
1148 2303 1283 2345 quando
1295 2303 1464 2335 Venerem
1479 2303 1613 2335 deside·

909 2358 996 2384 rant.
1033 2353 1285 2394 Graecinarrpcfv
1299 2357 1432 2385 vocant.
1464 2353 1611 2384 Tantam

908 2411 988 2441 ergo
1006 2402 1212 2433 intilierculae
1230 2402 1359 2434 rabiem
1372 2402 1426 2434 hic
1438 2402 1611 2442 significat

909 2449 1032 2490 Poe'ta,
1046 2456 1081 2481 ut
1097 2451 1210 2482 omnia
1233 2457 1432 2492 perrumpat
1454 2460 1495 2482 ac
1518 2452 1610 2483 lace-

908 2504 972 2530 ret.
997 2499 1086 2531 Tor-r.
1130 2498 1273 2531 Stercore
1278 2500 1424 2540 fucatus]
1455 2501 1508 2531 Ex
1534 2509 1608 2531 cro-

908 2548 1012 2581 codili
1058 2549 1232 2580 terrestris
1279 2548 1359 2580 fimo
1396 2553 1434 2580 et
1471 2557 1609 2581 cerussa

908 2598 1024 2640 (quam
1041 2597 1152 2629 Poeta
1167 2597 1220 2628 hic
1232 2603 1360 2629 cretam
1380 2596 1552 2639 appellat)
1568 2597 1608 2630 fit

906 2648 1191 2680 medicamentum
1203 2646 1243 2678 ad
1260 2647 1365 2678 cutim
1382 2646 1522 2678 nitidam
1536 2657 1605 2679 ser-

908 2698 1060 2730 vandam.
1103 2698 1237 2738 Jamque
1251 2696 1386 2728 subando
1405 2697 1501 2728 Teuta
1518 2697 1604 2728 cubi-

904 2749 958 2789 lia,
974 2753 1117 2790 tectaque
1133 2747 1263 2789 rumpit]
1290 2748 1362 2788 Ego
1374 2751 1471 2788 puto,
1485 2746 1524 2778 τὸ
1536 2751 1602 2780 teu-

902 2802 936 2830 ta
962 2799 1004 2830 de
1033 2799 1107 2841 ipsa
1134 2807 1197 2830 anu
1224 2797 1304 2838 dici,
1332 2801 1369 2829 ut
1395 2796 1440 2830 sit
1463 2797 1599 2831 subando
