1916 3262
355 270 465 313 1432

354 382 491 414 quarum
515 373 635 415 spiritu
662 374 765 406 afflati
787 376 900 407 divina
915 384 1039 408 canunt

354 420 509 463 'poemata
533 429 568 455 et
588 424 700 455 civilia
723 431 909 466 praecepta,
927 427 970 458 ad
991 427 1039 458 vi-

352 468 420 504 tam
447 473 608 513 praeclare
633 474 872 505 instituendam
894 475 1039 515 cumpri-

352 522 414 553 mis
440 522 534 554 utilia
559 527 595 553 et
619 524 809 554 necessaria
835 523 931 554 nobis
953 533 1039 564 prae-

351 571 514 602 scribunt.
539 571 643 609 Figat.

392 622 412 650 4
442 619 635 658 Virginibus,
656 620 830 662 puerisque]
852 621 929 652 Non
949 619 1038 661 quod

350 668 373 698 ii
389 667 560 699 auditores
583 669 650 700 sint
669 669 794 708 idonei,
818 669 878 701 sed
902 679 943 700 ea
962 678 1039 700 can-

352 722 425 748 tare
441 727 477 748 se
493 716 673 758 profitetur
687 718 859 754 Horatius,
875 728 948 759 quae
974 717 1038 748 vir-

351 767 444 806 gines
462 771 496 797 et
513 767 607 806 pueri
622 767 755 807 ingenui
772 768 814 798 ad
834 768 982 798 Deorum
999 776 1039 797 ac

350 814 496 845 virorum
522 815 647 847 virtute
669 817 899 856 praestantium
926 816 1039 847 laudes

350 862 542 894 referendas
572 864 745 895 addiscere
776 865 935 896 debeant.
966 865 1039 895 Tor-

349 915 430 944 reat.
470 913 664 953 Virginibus,
685 914 858 954 puerisque]
875 914 950 946 Quo
966 922 1038 944 rec-

351 962 418 993 tius
433 972 525 993 suam
543 963 644 993 vitam
660 963 850 994 instituant.

392 1014 411 1041 6
437 1012 557 1050 Regum
584 1011 800 1051 timendorum]
835 1011 933 1042 Dicit
966 1015 975 1029 ‘
997 1010 1039 1042 ti-

351 1059 514 1098 mendos‚’
525 1059 581 1099 qui
593 1059 723 1099 imperii
735 1059 880 1099 gladium
893 1063 1041 1098 gestant,

351 1113 387 1138 et
410 1107 443 1138 iu
465 1117 604 1148 quorum
631 1112 801 1148 potestate
827 1112 906 1138 sunt
933 1108 1038 1148 leges,

350 1155 475 1196 quique
489 1155 549 1186 soli
564 1156 639 1196 plus
654 1157 787 1187 caeteris
801 1155 951 1187 omnibus
964 1166 1040 1197 pos·

350 1209 441 1245 sunt,
455 1205 540 1237 adeo
557 1210 594 1237 ut
609 1215 684 1237 cum
697 1206 820 1238 Plauto
837 1207 846 1222 ⁸
859 1206 1020 1237 humanos
1030 1206 1039 1220 ’

350 1255 511 1295 quosdam
534 1255 637 1286 Joves
658 1265 715 1286 eos
735 1259 827 1287 recte
848 1255 1041 1296 appellave-

350 1305 407 1335 ris.
437 1304 505 1335 Sed
519 1309 599 1335 tunc
610 1303 759 1335 feliciter
770 1305 952 1344 imperant,
965 1314 1040 1335 cum

350 1352 463 1382 divino
481 1362 517 1383 se
543 1353 616 1392 regi
642 1352 782 1383 arbitrio
812 1352 1039 1383 recordantur.

352 1402 493 1432 Torreut.
538 1401 676 1440 Regum]
699 1401 794 1433 Ordo
824 1406 895 1432 est:
930 1401 1041 1441 Impe-

349 1451 435 1481 rium
452 1459 568 1491 regum
585 1450 807 1481 timendorum
832 1455 884 1480 est
907 1450 940 1480 in
964 1459 1041 1489 pro-

349 1500 441 1539 prios
465 1508 594 1539 greges.
638 1499 821 1539 Imperium
838 1498 935 1530 Jovis
958 1498 1042 1529 clari

349 1547 508 1587 giganteo
520 1542 709 1587 triumpho,
723 1551 759 1578 et
769 1551 893 1578 cuncta
907 1555 1042 1577 moven-

350 1595 394 1626 tis
412 1595 605 1635 supercilio,
621 1599 672 1626 est
687 1595 721 1626 in
737 1596 828 1636 ipsos
843 1604 951 1635 reges.
991 1595 1044 1625 Ta·-

350 1645 538 1680 mendorum,
562 1645 596 1674 in
618 1644 774 1684 proprios]
796 1645 907 1684 Reges
927 1654 946 1675 a
967 1643 1043 1674 sub-

351 1692 431 1723 ditis
447 1692 558 1722 timeri
574 1692 713 1731 debent,
729 1696 766 1723 at
779 1692 882 1723 amari
897 1692 1011 1731 magis.

393 1744 414 1771 6
437 1741 539 1781 Reges
563 1741 599 1771 in
624 1740 720 1781 ipsos]
743 1741 854 1781 Reges
882 1740 960 1780 ipsi,
986 1740 1042 1781 qui

350 1790 478 1822 habent
492 1791 670 1832 imperium
683 1791 715 1822 in
729 1790 796 1822 sibi
807 1790 974 1830 subditos,
986 1790 1043 1821 ha-

349 1841 434 1871 bent
448 1840 549 1872 etiam
564 1840 677 1871 Deum
693 1849 788 1871 suum
808 1848 921 1880 regem
937 1838 1042 1870 omnis

351 1890 549 1931 iniquitatis,
563 1894 600 1921 et
614 1889 784 1921 violentiae
800 1888 979 1920 vindicem.

393 1942 412 1970 7
439 1940 527 1970 Clari
553 1939 701 1979 giganteo
734 1939 904 1979 triumpho]
927 1938 1043 1980 Atque

352 1997 394 2019 ea
417 1989 552 2030 quidem
575 1989 674 2023 Jovis
701 1997 829 2019 summa
852 1988 958 2028 gloria
980 1994 1045 2030 est,

352 2037 440 2076 quod
462 2036 568 2076 impii,
590 2036 646 2076 qui
667 2045 728 2075 per
748 2036 901 2076 gigantes
923 2041 1044 2068 notan-

351 2088 419 2124 tur,
433 2084 557 2115 debitis
572 2093 632 2115 suo
654 2084 772 2115 sceleri
797 2083 903 2124 poenis
924 2083 1044 2115 divini-

353 2138 407 2163 tus
424 2131 626 2163 afficiuntur.
649 2133 792 2164 Torreat.
831 2132 918 2162 Clari
929 2133 1044 2172 gigan-

353 2185 400 2212 teo
415 2180 583 2222 triumpho]
605 2181 700 2213 Jovis
717 2180 900 2221 magnifici,
913 2182 970 2222 qui
985 2191 1045 2222 po·

353 2231 421 2262 tuit
438 2229 694 2262 immanissimos
717 2230 872 2271 gigantes
895 2231 1043 2271 superci-

351 2281 409 2320 lio,
431 2280 466 2311 id
485 2283 550 2320 est,
564 2283 660 2320 nutu,
680 2284 715 2311 et
729 2280 909 2320 maiestate
929 2289 1044 2321 super-

354 2338 424 2361 are.

356 2415 358 2417 v
396 2381 417 2408 9
442 2378 512 2417 Est,
535 2380 570 2408 ut
595 2377 662 2408 viro
687 2376 751 2417 vir]
781 2377 837 2408 Sic
861 2378 1044 2419 loquuntur

354 2428 481 2460 Graeci.
499 2425 583 2460 ἔστιν
596 2428 647 2468 ὣς,
664 2428 718 2459 vel
733 2426 817 2459 ἔστιν
831 2427 922 2468 ὅπως,
935 2428 969 2460 id
983 2433 1047 2468 est,

345 2478 435 2518 fieri,
449 2477 503 2508 vel
523 2477 643 2509 evenire
662 2480 773 2518 potest.
816 2476 979 2508 Ostendit
992 2486 1047 2508 va-

356 2527 408 2558 ria
429 2527 599 2558 hominum
623 2536 699 2558 esse
723 2526 860 2566 ingenia
874 2536 914 2558 ac
928 2526 1050 2558 studia.

358 2576 496 2607 Lambin.
532 2577 604 2617 Est,
617 2580 652 2607 ut
662 2576 729 2607 viro
741 2575 807 2615 uir]
822 2575 912 2607 Fieri
924 2579 1050 2617 potest,

355 2629 396 2654 ut
415 2626 497 2656 alius
522 2626 590 2656 alio
613 2625 726 2666 plures
746 2624 916 2666 possideat
937 2633 1047 2664 agros,

356 2671 391 2702 in
407 2673 524 2712 quibus
544 2673 680 2706 arbores
701 2673 734 2704 in
756 2673 907 2704 ordinem
931 2673 1048 2704 redac-

356 2724 410 2751 tas
444 2721 588 2760 plantet,
624 2723 707 2754 alius
739 2723 878 2754 honores
909 2722 1045 2762 ambiat,

358 2768 441 2800 alius
468 2768 533 2800 alia
559 2775 721 2812 sectetur,
745 2773 806 2803 &c.
850 2770 973 2804 Mortis
995 2775 1044 2802 ta-

807 284 947 315 NOTAE
982 285 1242 315 vARmRUM
1277 287 1327 315 IN

1092 387 1167 410 men
1184 378 1332 409 conditio
1349 381 1399 408 est
1415 377 1569 409 omnibus
1586 387 1691 419 aequa.

1135 428 1341 470 [io-Arbusta
1352 429 1385 458 in
1395 429 1487 459 sulcis
1496 427 1725 460 Schoenboru.
1733 429 1780 469 2.]

1134 480 1173 508 11
1191 477 1230 508 In
1243 487 1377 518 campum
1392 477 1522 518 petitor]
1537 477 1663 509 Patitor
1677 477 1783 510 Juris·

1093 526 1264 560 consultis.
1282 531 1317 557 et
1334 526 1488 558 Ciceroni
1505 526 1570 567 ipsi
1585 531 1733 558 actorem
1747 526 1782 558 in

1090 574 1304 614 judicio‚1·oc
1329 581 1381 606 est
1403 585 1476 606 eum
1497 575 1554 616 qui
1576 575 1674 606 alteri
1689 575 1782 607 litem

1092 626 1216 661 movet,
1230 622 1410 663 significat.
1448 622 1611 654 Horatius
1625 632 1688 665 pro
1703 633 1781 655 can-

1093 670 1207 701 didato
1229 671 1283 702 hic
1303 673 1425 712 posuit.
1453 673 1594 704 Tor-rent.
1640 672 1680 703 In
1700 680 1782 704 cm-

1090 728 1164 759 pum
1181 719 1312 760 petitor]
1346 722 1386 752 In
1417 731 1572 762 campum
1605 721 1782 761 Martium,

1093 766 1151 798 ubi
1168 768 1310 809 alicujus
1326 770 1547 809 Magistratus
1569 774 1621 800 est
1643 769 1784 810 petitor,

1091 816 1146 847 hic
1171 818 1303 857 generis
1317 819 1485 859 claritate,
1500 819 1555 850 ille
1569 820 1635 850 suis
1650 819 1784 850 virtuti-

1092 865 1166 907 bus,
1178 866 1261 897 alius
1274 868 1455 898 amicorum
1465 877 1605 899 numero
1616 867 1773 899 celebris.

1135 917 1175 946 12
1190 916 1333 947 Moribus
1346 917 1395 947 hic
1408 917 1528 957 melior]
1539 917 1613 948 Hoc
1629 921 1694 958 est,
1704 917 1783 948 vitae

1091 963 1284 994 innocentia
1299 963 1408 995 fretus
1424 967 1458 994 et
1474 967 1568 995 recte
1581 964 1694 996 factis.
1727 967 1784 998 mi

1091 1012 1180 1043 turba
1203 1012 1374 1054 clientium]
1395 1012 1567 1043 comitatu
1589 1016 1625 1043 et
1646 1010 1786 1044 fautori-

1091 1060 1165 1099 bus,
1179 1070 1318 1102 quorum
1333 1059 1502 1101 suffragiis
1518 1060 1787 1102 clamoribusque

1091 1109 1264 1141 meliorem
1289 1115 1427 1150 superet
1451 1109 1486 1140 in
1507 1109 1706 1150 magistratu
1727 1118 1787 1150 pe-

1094 1159 1207 1190 tendo.
1233 1160 1329 1200 Cruq.

1133 1209 1189 1249 [13
1205 1209 1392 1247 Contendit,·
1406 1209 1429 1240 i.
1442 1213 1466 1240 t.
1478 1209 1625 1240 clientum
1640 1208 1786 1241 Schoen-

1094 1257 1191 1289 born.
1206 1258 1256 1298 2.]

1137 1309 1177 1338 14
1195 1308 1299 1347 AEqua
1325 1307 1407 1347 lege]
1439 1308 1635 1340 Necessitas
1663 1311 1789 1347 tamen,

1094 1354 1128 1384 id
1159 1359 1222 1394 est,
1248 1357 1342 1386 Mors
1369 1357 1545 1396 aequaliter
1571 1356 1726 1395 sortitur,
1753 1356 1786 1386 id

1094 1406 1160 1441 est,
1176 1406 1280 1443 sorte,
1293 1407 1329 1434 et
1350 1404 1422 1434 sine
1444 1404 1580 1435 delectu
1600 1404 1702 1435 sumit
1716 1413 1786 1435 om·

1094 1459 1153 1480 nes
1167 1454 1234 1481 tam
1250 1452 1373 1491 claros,
1388 1461 1486 1492 quam
1504 1452 1677 1483 obscuros.
1719 1453 1786 1483 Ne-

1092 1499 1232 1539 cessitas]
1253 1500 1382 1531 Graecis
1403 1499 1535 1539 ἀνάγκη,
1551 1501 1592 1532 ab
1608 1501 1680 1540 ἄναξ
1694 1499 1801 1532 Euan-⁴

1092 1558 1159 1585 τος,
1174 1548 1227 1579 vel
1244 1548 1285 1579 ab
1301 1547 1438 1589 ἀνάσσω,
1451 1548 1579 1580 πάντων
1591 1549 1652 1591 γὰρ
1666 1549 1788 1590 ἐπικρα-

1095 1597 1154 1628 τεῖ.
1198 1597 1314 1638 Atque
1329 1598 1413 1629 adeo
1430 1600 1536 1630 Deam
1563 1608 1636 1630 esse
1659 1600 1787 1639 volunt,

1097 1655 1170 1685 quae
1201 1651 1298 1686 regat
1326 1648 1448 1679 omnia.
1515 1648 1658 1679 Erudite
1685 1648 1789 1689 igitur

1097 1693 1276 1734 Horatius,
1290 1695 1345 1726 hic
1371 1700 1408 1727 et
1426 1697 1504 1728 alibi
1528 1698 1538 1715 ‘
1554 1698 1766 1729 necessitatis
1778 1698 1788 1712 '

1096 1741 1258 1773 vocabulo
1279 1743 1399 1783 utitur,
1412 1748 1451 1775 ut
1470 1744 1550 1776 nihil
1572 1745 1662 1776 aliud
1685 1755 1786 1787 quam

1096 1790 1165 1822 Dei
1194 1792 1348 1823 voluntas
1375 1792 1434 1832 sit,
1463 1802 1562 1834 quam
1593 1794 1604 1812 ‘
1626 1794 1790 1826 Parcam’

1095 1838 1215 1871 Poetae
1228 1839 1299 1871 sive
1313 1841 1322 1858 ‘
1335 1840 1478 1882 Fatum,’
1490 1841 1598 1874 Stoici
1609 1841 1683 1873 fere
1695 1847 1704 1861 ·
1717 1843 1789 1875 De-

1096 1892 1226 1920 cretum
1236 1889 1246 1903 '
1259 1890 1450 1930 appellant.
1475 1891 1619 1931 Torreat.

1139 1940 1180 1968 16
1203 1938 1312 1969 Movet
1331 1939 1424 1979 urna]
1444 1939 1561 1971 Volvit
1583 1940 1626 1972 ad
1648 1940 1790 1973 sortien-

1098 1984 1176 2016 dum
1191 1984 1310 2018 fatum.
1354 1987 1444 2018 Vide
1459 1996 1500 2019 ιι.
1523 1988 1591 2020 Od.
1607 1991 1640 2020 8.

1142 2036 1181 2065 17
1205 2034 1382 2066 Districtus
1401 2036 1482 2066 ensis
1502 2036 1554 2066 cui
1566 2035 1697 2076 semper]
1733 2037 1788 2068 De

1096 2082 1262 2112 Damocle
1286 2083 1440 2123 Dionysii
1466 2087 1688 2122 assentatore,
1712 2084 1789 2116 vide

1098 2129 1147 2160 M.
1164 2129 1320 2169 Tullium,
1334 2131 1431 2162 Tusc.
1447 2131 1506 2162 lib.
1522 2140 1558 2162 v.

1141 2181 1180 2209 18
1197 2178 1311 2210 Sicula
1322 2179 1432 2220 dapes]
1448 2180 1634 2212 Siculorum
1646 2186 1682 2213 et
1695 2191 1788 2214 max-

1097 2226 1163 2258 ime
1184 2227 1470 2267 Syracusanorum
1487 2238 1624 2266 mensae.
1640 2239 1702 2270 pro
1717 2231 1788 2262 lau-

1098 2275 1141 2306 tis
1175 2279 1276 2317 atque
1307 2278 1456 2318 opiparis
1491 2278 1671 2318 proverbio
1700 2279 1789 2311 cele-

1097 2325 1280 2357 brabantur
1292 2337 1302 2357 ε
1325 2326 1406 2367 quin
1422 2330 1457 2357 et
1471 2335 1514 2357 ex
1528 2326 1656 2366 Sicilia,
1677 2327 1720 2359 ob
1735 2337 1791 2359 va-

1099 2373 1181 2404 riam
1210 2374 1389 2405 condiendi
1417 2378 1539 2415 artem,
1563 2375 1672 2416 coqui,
1699 2379 1790 2407 teste

1098 2422 1275 2463 Athenaeo,
1283 2424 1456 2464 praecipue
1465 2424 1699 2457 laudabantur.
1715 2425 1790 2456 Tor·-

1097 2475 1178 2503 rent.
1222 2472 1337 2503 Siculae
1359 2473 1467 2513 dapes]
1497 2473 1610 2515 Dapes
1627 2484 1648 2507 a
1662 2474 1792 2516 Diony-

1099 2522 1148 2552 sio
1172 2521 1298 2554 Siciliae
1328 2525 1472 2562 tyranno
1501 2523 1691 2564 apparatas,
1713 2533 1788 2566 quae

1099 2575 1197 2602 erant
1221 2570 1505 2612 exquisitissimae,
1529 2576 1566 2602 et
1586 2572 1681 2612 regio
1707 2572 1787 2604 luxu

1098 2619 1281 2652 instructae.

1141 2671 1182 2699 19
1217 2668 1444 2709 Elaborabunt]
1481 2669 1556 2700 Non
1593 2668 1784 2700 elaborarunt

1098 2718 1288 2758 legendum.
1332 2717 1409 2749 Hoc
1444 2723 1508 2756 est,
1536 2715 1663 2756 'magua
1689 2723 1784 2755 cura,

1098 2767 1337 2808 praestantique
1366 2771 1440 2798 arte
1470 2765 1612 2797 conditoe
1640 2772 1704 2796 non
1730 2773 1781 2795 sa-
