1916 3262
435 269 642 302 noenu
676 270 950 303 cuminum
983 273 1078 304 mn.
1111 273 1189 305 111.
1218 262 1291 305 27.

167 368 208 398 33
234 366 313 402 Qua
334 363 440 405 simul]
459 363 544 398 Quae
560 363 698 404 Europe
709 363 825 395 statim

125 423 163 451 ut
181 419 311 460 tetigit,
324 419 388 451 &c.

166 471 208 501 34
232 467 364 508 Creten]
386 467 512 500 Creten
524 465 694 499 Homerus
704 466 824 507 appel-

122 519 172 550 lat
182 517 404 558 ἑκατόμπολιν,
410 517 469 550 Ἰλ.
476 521 512 549 Β.
530 517 627 548 Pater
635 525 653 547 o
664 515 823 557 relictum]

123 569 237 606 Dixit.
261 579 282 602 o
309 577 434 600 nomen
454 567 563 600 Pater
587 566 759 605 relictum,
787 566 821 598 id

123 622 189 659 est,
205 626 329 650 nomen
345 620 436 659 pata·
449 616 644 657 neglectum
660 624 681 647 a
694 614 778 652 filia,
800 624 823 647 ο

121 667 234 707 pietas
248 667 366 699 insano
380 675 495 699 amore
506 665 596 698 tauri
609 665 711 697 victa.
732 664 822 698 Haec

121 721 158 748 et
167 725 244 758 que
258 720 457 758 sequuntur,
464 714 538 747 fere
548 723 655 756 usque
667 713 710 746 ad
718 713 821 746 finem

123 766 226 806 Ode,
254 771 335 799 sunt
357 766 462 799 verba
482 765 630 807 Europae
659 764 820 806 ingemis-

120 817 240 848 centis.
254 814 539 857 [Cretampaerl
550 825 568 847 ο
577 815 718 848 relietum
729 815 823 848 Filia

116 866 290 908 pietasque,
319 867 395 898 sine
433 876 555 903 nomeu,
597 865 748 908 Gnelph.
785 869 822 898 et

119 915 351 948 Schoenborn.
365 916 414 958 2.]

161 967 203 997 35
226 965 322 998 Fitioe
344 965 469 1007 nomen]
502 965 597 998 Male
624 969 739 997 sutem
762 965 822 1007 qui

117 1024 230 1047 numen
243 1016 373 1057 legunt.
395 1016 565 1057 Pietasque
578 1014 679 1056 dixit]
705 1015 823 1048 Pietas

120 1068 174 1096 est
187 1070 287 1106 grata
302 1066 461 1098 voluntas
473 1066 508 1098 in
522 1069 694 1106 parentes.

162 1116 204 1146 3¹1
230 1113 343 1147 Unde?
363 1125 421 1156 qm
440 1114 527 1155 veni]
550 1115 750 1148 Erotemata
771 1114 823 1147 in·

121 1163 205 1200 cisa,
219 1164 470 1197 vehementiam
485 1164 624 1204 doloris,
646 1168 682 1196 et
697 1165 824 1197 mentis

120 1213 327 1246 emotionem
338 1213 515 1246 denotant.
533 1213 631 1255 Cruq.
653 1213 748 1245 Lenis
761 1224 825 1247 una

120 1271 204 1294 uum
216 1261 279 1304 est]
301 1262 380 1294 Una
394 1271 482 1294 mors
504 1262 614 1294 levior
628 1271 730 1303 poena
755 1267 824 1304 est,

120 1322 221 1355 quam
227 1322 305 1355 qua
315 1311 464 1345 sufficiat
473 1311 666 1352 virginitati
678 1312 823 1352 amissae,

120 1362 155 1393 id
170 1366 235 1402 est,
258 1361 367 1402 pudor
380 1360 524 1392 violatus
538 1361 573 1391 in
589 1360 723 1401 virgine
738 1362 822 1393 mul-

118 1417 172 1444 tas
194 1416 346 1445 meretur
358 1415 503 1444 mortes.

170 1465 214 1494 88
240 1457 408 1502 Vir-giam
441 1459 557 1502 culpo]
594 1461 724 1503 Culpam
758 1470 823 1503 pro

119 1511 246 1554 probro
257 1510 406 1553 dixit,ex
419 1511 558 1552 virginis
569 1520 736 1552 persona:
753 1512 821 1543 vir-

82 1581 88 1589 ·
117 1561 215 1602 giues
228 1561 318 1594 enim
334 1560 523 1602 graviorem
541 1561 667 1592 nullam
682 1561 820 1602 culpam

118 1615 322 1650 agnoscunt,
332 1619 432 1652 quun
444 1619 520 1642 cum
532 1614 650 1652 stupro
660 1610 821 1652 conjunc-

120 1666 203 1693 tum.
229 1660 372 1693 Tment.
426 1660 610 1701 Vnguame
627 1660 733 1702 ploro]
747 1684 750 1687 Α
765 1660 821 1693 An

118 1710 193 1742 sine
220 1710 306 1743 vitio
327 1720 416 1751 sum,
436 1720 480 1743 eu
502 1710 636 1752 species
660 1718 759 1749 vana,
781 1708 817 1741 id

119 1764 186 1801 est,
199 1760 404 1802 phantasma
417 1761 452 1792 in
467 1760 591 1791 somnis
610 1759 691 1790 mibi
705 1767 823 1791 occur-

120 1810 182 1851 rit,
193 1815 231 1842 et
251 1819 307 1842 me
328 1809 482 1850 decipit?
524 1808 714 1849 [Virginem
734 1808 826 1848 culpa

120 1859 305 1900 Bamberg.
347 1858 492 1899 Virginis
510 1859 608 1899 culpe
628 1856 824 1890 Markland.

121 1919 177 1951 ap.
193 1909 334 1950 Jseck.]

162 1961 204 1991 41
228 1959 327 1991 Porta
335 1958 470 1999 miens
487 1956 617 1998 eburna]
638 1956 729 1989 Vide
743 1956 821 1989 Ma-

122 2009 219 2042 crob.
238 2009 284 2041 de
309 2009 449 2041 Somnio
470 2007 641 2049 Scipionis
670 2016 696 2039 ι.
724 2010 757 2041 3.
786 2011 824 2039 et

120 2060 274 2092 Tumeb.
289 2069 342 2092 xv.
360 2062 413 2092 14.
445 2059 592 2100 Ebur-na]
609 2057 678 2090 Per
691 2062 824 2099 portam

119 2109 283 2142 eburnam
294 2118 383 2142 vana
391 2109 519 2141 somnia
533 2108 748 2141 emittuntur.
767 2108 826 2140 De

119 2159 228 2192 somni
250 2159 371 2200 portis,
386 2159 465 2191 vide
486 2159 586 2200 Virg.
610 2157 744 2190 AEneid.
770 2165 824 2190 vr.

119 2210 134 2227 ⁸
146 2209 234 2242 Sunt
248 2210 392 2251 gemina».
407 2208 513 2241 somni
529 2207 742 2250 portae,',&c.

103 2267 106 2269 ·
163 2261 208 2290 4⁵
225 2257 264 2291 Sa·
285 2259 356 2300 quis
372 2258 534 2300 infamem]
553 2258 591 2290 Si
607 2257 684 2300 quis
708 2258 744 2289 in
760 2266 820 2299 po-

122 2313 285 2342 testatem
299 2309 380 2341 mibi
398 2308 533 2350 redigat
543 2313 676 2341 taurum
687 2311 822 2349 turpem

123 2363 160 2390 et
174 2357 355 2390 infament
377 2358 512 2397 Enitar,
524 2358 590 2389 &c.

165 2410 208 2440 47
232 2405 520 2446 branges-centur]
542 2406 680 2438 Cornua
693 2404 823 2438 discer-

124 2465 219 2498 pere.
255 2457 319 2488 Est
331 2457 394 2488 boc
410 2455 574 2496 imprimis
583 2456 760 2496 muliebre,
784 2461 825 2489 nt

125 2507 194 2539 suis
208 2505 363 2537 manibus
376 2505 516 2546 iujurias
535 2505 651 2538 ulcisci
673 2506 826 2547 cupiant.

127 2557 223 2589 Modo
243 2556 375 2587 mutam
394 2554 509 2596 amati]
533 2555 636 2597 eujus
657 2556 708 2587 ori
721 2555 824 2587 flores

127 2607 224 2648 virgo
246 2605 457 2645 admoverat,
478 2604 574 2646 cujus
596 2614 722 2636 cornua
734 2603 827 2636 flori-

126 2657 187 2689 bus
210 2656 377 2695 cinxerat,
388 2654 487 2695 cnjus
510 2657 652 2694 pectora
672 2653 828 2686 manibus

127 2708 313 2749 plauserat.
332 2705 430 2736 Modo
442 2704 570 2736 multum
583 2703 697 2746 amati]
717 2703 828 2736 Paulo

128 2761 221 2789 aute.

133 2809 214 2840 ι’48
237 2805 362 2838 Cornua
377 2803 476 2846 tauri]
504 2803 757 2837 Bland.omnes
773 2803 829 2837 iia·

1465 265 1575 310 1487

878 363 961 395 bent
975 365 1118 405 nwnseri,
1133 373 1209 397 cum
1224 364 1457 402 adnotatione,
1471 368 1481 385 ‘
1495 369 1580 402 alias

876 413 984 454 taut-if
996 423 1060 446 nec
1074 414 1248 455 displicet.
1274 415 1371 455 Cruq.

919 467 962 496 49
976 465 1142 506 Impatiens
1152 465 1356 506 liquiputrios
1364 466 1508 508 penates]
1523 468 1581 500 In-

877 514 1072 546 verecunda
1082 524 1154 546 sum
1165 514 1434 557 bifariam,qnod
1447 522 1580 558 putrem

875 564 1083 605 reliquerim,
1099 565 1260 608 quodque
1281 573 1360 607 post
1376 567 1446 599 tale
1467 568 1581 600 scelus

874 614 1056 646 admissum
1071 624 1226 647 maneam
1241 616 1274 647 in
1292 616 1375 648 vita.

916 667 961 696 50
977 666 1094 697 Orcum
1101 665 1219 706 moror]
1243 666 1366 697 Festus
1381 667 1499 698 Orcum
1512 667 1582 700 dici

874 715 1062 756 existimat,
1077 716 1168 758 quod
1182 716 1238 747 ine
1254 716 1348 748 Deus
1362 726 1422 748 nos
1433 717 1582 750 maxime

874 771 1007 807 urgeat,
1019 766 1109 798 unde
1126 770 1163 799 et
1183 769 1193 784 ⁸
1205 766 1351 807 Uragus’
1379 767 1507 800 dixisse
1524 777 1582 800 ve-

875 820 968 848 teres
984 826 1046 857 pro
1062 817 1073 834 ‘
1087 816 1224 848 Orcus?
1266 815 1359 850 Quid
1385 816 1503 857 igitur,
1527 817 1581 849 in-

875 867 948 910 quit
964 869 1114 910 Europe,
1128 872 1272 901 mortem
1291 870 1478 910 exspecto?
1499 871 1581 912 quia

874 926 950 949 eam
965 918 1046 950 mibi
1059 918 1134 959 ipsa
1145 917 1279 950 infero?
1305 918 1448 952 Tot-rent.
1465 920 1583 951 Orcum

873 966 991 1008 moror]
1016 967 1157 1008 Orcum,
1171 968 1226 999 vel
1244 967 1426 1000 Plutonem
1442 970 1582 1009 morari,

874 1021 941 1056 est,
958 1026 1026 1049 nou
1040 1017 1125 1049 mori
1142 1026 1220 1048 cum
1239 1021 1408 1057 oporteat.

917 1069 958 1098 51
987 1067 1119 1098 Utinam
1130 1067 1215 1099 inter
1225 1066 1339 1106 errem]
1360 1067 1500 1099 Utinam
1526 1077 1582 1100 er-

875 1125 947 1147 rem
959 1116 1050 1148 nuda
1061 1116 1149 1147 inter
1158 1117 1288 1155 leones,
1301 1120 1405 1157 atque
1416 1116 1460 1148 ab
1469 1117 1512 1149 iis
1522 1117 1583 1150 de·

873 1174 986 1206 vorer‚
1015 1170 1198 1207 antequam
1228 1165 1480 1198 contabescam.
1525 1167 1583 1208 [Si

872 1215 942 1256 quis
952 1215 1009 1247 Iwc
1020 1214 1122 1247 codd.
1132 1213 1315 1256 apdaeck.
1326 1215 1417 1247 audit
1431 1215 1584 1248 Schoen·.

875 1265 974 1298 born.
990 1265 1040 1306 2,]
1216 1294 1219 1297 ,

918 1318 960 1346 53
983 1315 1161 1356 Antequam
1184 1314 1304 1355 turpis]
1331 1313 1498 1346 Puellaris
1522 1323 1584 1346 cu-

875 1372 932 1395 m:
966 1367 1006 1395 ut
1027 1364 1164 1404 integra
1193 1363 1283 1394 enim
1312 1362 1422 1394 forma
1444 1369 1581 1403 pereat,

876 1413 969 1444 Deos
998 1416 1110 1453 rogat.
1162 1411 1356 1453 [Antequam
1386 1415 1493 1452 turpes
1513 1421 1581 1443 ma-

874 1463 952 1493 culoe
976 1463 1119 1494 decentes
1152 1462 1311 1502 occupent
1343 1461 1443 1493 malas
1478 1461 1583 1493 Bam-

875 1511 988 1552 berg.]

915 1565 958 1594 54
981 1561 1103 1603 Malas]
1137 1561 1296 1604 Maxillas
1318 1559 1487 1601 pulchras.
1523 1561 1583 1593 Te-

874 1614 1030 1657 neraeque]
1048 1612 1244 1654 Antequam
1257 1611 1427 1651 viriditas,
1438 1612 1492 1643 vel
1506 1613 1581 1653 pul-

875 1663 1033 1695 chritudo
1047 1662 1127 1693 mihi
1142 1661 1327 1699 dilabatur,
1338 1661 1440 1701 cupio
1452 1661 1581 1700 praedae

871 1722 948 1746 esse
975 1712 1122 1753 tigribus
1146 1716 1184 1744 et
1207 1710 1375 1744 leonibus.
1419 1709 1578 1750 [Occupat

875 1761 1108 1794 Schoenborn.
1122 1761 1176 1801 2.]

920 1813 962 1842 57
990 1809 1073 1842 Vitis
1087 1807 1230 1850 Europe]
1251 1807 1396 1839 Perdite
1415 1807 1490 1848 jam
1515 1807 1583 1839 vir-
1606 1846 1612 1850 Π

879 1860 1034 1900 ginitatis
1039 1858 1244 1900 flore,vilem
1253 1867 1294 1890 ac
1305 1866 1341 1889 se
1349 1861 1581 1900 contemptam

876 1914 990 1942 vocat.
1026 1908 1209 1941 Lambinus
1227 1908 1365 1948 Europa
1379 1907 1484 1940 tertio
1500 1917 1583 1940 casu

874 1959 1054 2001 legendum
1076 1963 1190 2001 putat,
1215 1963 1255 1990 ut
1269 1958 1372 1990 vilem
1394 1958 1427 1990 ei
1450 1963 1584 2000 patrem

877 2009 1069 2051 Agenorem
1097 2008 1202 2040 fuisse
1222 2008 1328 2048 dicat,
1353 2017 1427 2050 quae
1453 2007 1582 2041 debitae

878 2059 970 2101 patri
994 2059 1133 2101 pietatis
1153 2067 1260 2100 nsque
1280 2057 1368 2090 adeo
1382 2067 1449 2090 non
1464 2059 1584 2090 memi-

878 2109 983 2150 nerit,
996 2112 1034 2140 ut
1055 2108 1187 2150 raptori
1202 2117 1239 2140 se
1252 2107 1484 2149 permitteret.
1508 2108 1583 2140 Tor-

874 2162 958 2191 rent.
1007 2158 1090 2190 Vilis
1103 2157 1254 2198 Europa]
1266 2157 1369 2189 ,Nam
1380 2161 1417 2189 et
1430 2156 1506 2198 ipse
1521 2167 1583 2199 pa·

875 2213 929 2241 ter
947 2212 1025 2241 tuus
1049 2208 1128 2251 (qni
1142 2207 1205 2240 tibi
1228 2208 1377 2249 Europus
1397 2207 1475 2239 vilis
1501 2206 1583 2247 fuit,

874 2258 955 2291 dum
978 2268 1050 2301 prae
1073 2262 1172 2290 tauro
1193 2257 1304 2299 ipsum
1327 2257 1583 2298 contempsisti)

875 2308 934 2340 iile
962 2307 1084 2340 absens
1114 2311 1215 2348 urget
1238 2315 1280 2338 ac
1306 2306 1460 2338 stimulat
1483 2310 1518 2337 te
1541 2309 1582 2336 ut

875 2358 1043 2390 moriaris.
1063 2357 1178 2389 Lubin.
1199 2357 1282 2390 Vilis
1296 2355 1450 2397 Europae]
1472 2356 1582 2388 Pater

876 2417 973 2440 mens
1008 2407 1130 2439 absens
1168 2415 1328 2447 corpore,
1364 2405 1426 2437 sed
1470 2405 1583 2437 animo

877 2465 1044 2498 praesens,
1068 2455 1144 2487 vilis
1165 2455 1314 2491 babitus.
1348 2459 1384 2486 et
1404 2455 1582 2494 neglectus

877 2506 958 2539 mihi
988 2507 1135 2545 Europae
1164 2514 1234 2536 suae
1261 2502 1341 2535 filiae
1371 2512 1425 2534 me
1465 2505 1579 2542 urget,

879 2555 1114 2598 prosequitur,
1122 2557 1158 2585 et
1166 2552 1289 2594 flagitii
1298 2550 1510 2585 conscientia
1521 2559 1582 2582 ex-

878 2605 1022 2638 cruciat.

921 2657 963 2686 58
988 2653 1073 2690 Quid
1086 2651 1182 2692 mori]
1204 2652 1344 2693 Europa
1367 2649 1516 2691 seipsam
1532 2650 1580 2681 al-

878 2704 1042 2743 loquitur.

921 2757 965 2786 60
987 2752 1118 2784 Loedere
1146 2747 1273 2789 collum]
1306 2748 1465 2780 Muretus
1492 2747 1579 2789 legit

879 2803 993 2836 elidere
1006 2801 1127 2834 collum.
1148 2799 1278 2832 Loedere
1296 2797 1421 2839 collum]
1440 2798 1489 2832 Te
1509 2807 1581 2830 sus-
