1916 3262
534 262 883 294 EPISTULARUM
920 263 1017 294 mn.
1049 263 1101 294 ιι.
1129 253 1171 293 2.
1270 296 1276 299 ,
1459 254 1573 295 1253

131 361 345 403 Omnibus
362 357 546 402 officiis:
577 359 715 400 cubat
734 358 805 399 hic
826 359 871 399 in
892 358 1006 399 colle
1026 357 1215 408 Quirini,

131 428 223 470 Hic
241 433 435 487 extremo
456 427 500 467 in
519 424 742 467 Aventino
759 440 770 477 ;
799 424 1003 466 visendus
1022 431 1207 479 uterque
1223 439 1235 476 ;

131 495 369 538 Intervalla
388 493 514 535 vides
535 493 723 534 humane
745 492 991 534 commoda.
1050 492 1086 541 ἾῙ
1102 493 1270 534 Verum
1517 493 1574 534 70

129 562 262 604 Purae
281 566 383 603 sunt
401 561 576 615 plateae,
593 560 707 602 -nihil
727 565 776 603 ut
795 560 1101 602 meditantibus
1121 561 1276 602 obstet.

130 629 328 672 Festinat
347 628 516 670 calidus
537 628 671 669 mulis
692 629 940 682 gerulisque
959 628 1203 680 redemtor;

127 696 326 751 Torquet
343 709 456 737 nunc
477 696 685 751 lapidem,
703 709 816 737 nunc
836 696 989 749 ingens
1009 696 1210 738 machina
1230 695 1391 750 tignum
1408 707 1420 748 ;

127 761 292 805 Tristia
310 763 498 804 robustis
517 763 736 804 luctantur
754 763 905 804 funera
923 763 1135 817 plaustris
1154 777 1165 815 ;

128 829 233 872 Hac
253 830 432 873 rabiosa
448 829 560 883 fugit
578 831 718 880 canis,
735 830 818 871 hae
836 830 1045 872 lutulenta
1063 831 1150 871 ruit
1171 843 1261 871 sus.
1518 830 1575 871 75

127 895 151 938 Ι
173 908 304 949 nunc,
325 901 367 940 et
386 910 544 941 versus
564 902 706 940 tecum
729 897 940 940 meditare
963 911 1159 940 canoros.

124 1050 170 1082 sis
183 1050 418 1092 quibuscumque
432 1051 559 1093 officiis.-
576 1052 658 1082 alter
671 1050 791 1082 habitat
806 1050 840 1081 in
851 1051 927 1082 colle
944 1049 1119 1089 Quirinali,
1130 1051 1212 1082 alter
1224 1050 1259 1081 in
1275 1049 1384 1081 ultimo
1398 1047 1574 1080 Aventino.-

126 1091 230 1124 mboe
243 1094 330 1125 adire
344 1097 481 1134 oportet:
504 1095 604 1126 cernis
619 1095 684 1125 loca
697 1093 778 1125 satis
791 1094 954 1125 distantia.
987 1093 1034 1124 At
1051 1103 1156 1125 vacuae
1171 1096 1243 1127 sunt
1256 1092 1329 1131 τέω,
1343 1095 1379 1122 ut
1393 1091 1474 1122 nihil
1488 1091 1574 1129 cogi-

126 1134 294 1167 tabunaum
307 1136 467 1176 impediat.
511 1136 609 1167 Immo
630 1136 764 1167 occurrit
779 1145 902 1176 operum
915 1136 1081 1166 conductor
1098 1144 1166 1166 cum
1181 1135 1272 1166 mulis
1287 1137 1318 1165 et
1333 1133 1442 1172 bajulis
1464 1142 1575 1172 prope-

124 1187 199 1208 rans
207 1187 220 1214 ;
242 1177 382 1209 machina
396 1179 528 1218 lapidem
542 1182 597 1210 aut
614 1178 731 1210 trabem
745 1179 903 1218 ingentem
916 1178 1050 1209 attollit:
1070 1187 1180 1218 pompa
1194 1176 1341 1215 funebris
1355 1177 1492 1207 decertat
1506 1183 1575 1204 cum

125 1220 247 1260 magnis
264 1221 433 1262 plaustris.-
457 1221 528 1252 illac
543 1221 665 1253 rabiosa
681 1221 778 1258 canis,
799 1221 879 1252 istac
893 1230 1005 1260 porcus
1020 1229 1158 1254 comosus
1180 1219 1341 1250 discurrit.
1386 1219 1457 1258 Age
1472 1217 1574 1257 modo,

736 1323 963 1336 ”novoe-00

122 1405 166 1435 66
188 1400 336 1434 chisian.
349 1403 380 1432 l.
393 1408 483 1431 curas
494 1402 540 1431 tot
555 1401 755 1440 totque—68
769 1399 854 1430 Exc.
869 1398 949 1429 Sax.
962 1401 998 1429 et
1013 1402 1081 1429 tres
1098 1397 1153 1429 alii
1171 1397 1264 1438 Feoe,
1276 1397 1311 1428 in
1324 1397 1404 1428 valle
1421 1398 1552 1434 Quirini
1561 1410 1574 1437 ,-

122 1449 158 1476 et
174 1444 221 1476 ita
231 1442 332 1475 codd.
349 1442 466 1474 Ovidii
483 1442 576 1474 Fast.
590 1450 645 1474 ιν.
659 1444 735 1473 375.
758 1441 839 1473 Vnt.
856 1444 908 1473 14.
930 1441 964 1472 in
978 1444 1080 1472 monte
1097 1440 1236 1475 Quirini.
1279 1439 1358 1472 Nic.
1382 1440 1503 1474 Heius.
1529 1442 1574 1473 ad

122 1486 228 1519 ovid.
243 1486 265 1517 l.
281 1486 302 1517 Ι.
316 1485 413 1517 malit
429 1485 572 1520 Quirino.
614 1483 706 1516 Vide
722 1483 867 1515 cundem
884 1483 1002 1515 Heins.
1029 1484 1072 1514 ad
1097 1482 1202 1515 Ovid.
1216 1482 1304 1514 Met.
1321 1491 1399 1514 xlv.
1416 1485 1493 1514 834.
1513 1485 1574 1516 nbi

121 1529 197 1561 ealle
210 1528 342 1565 Quirini
355 1532 407 1560 est
421 1527 558 1568 scriptis
576 1527 768 1568 plerisque:
795 1535 858 1567 pro
874 1526 965 1568 vulg.
983 1530 1119 1558 tamen:
1142 1526 1218 1557 colle
1235 1525 1371 1561 Quirino
1386 1530 1480 1558 stant
1504 1527 1574 1567 pri·

121 1579 195 1603 mus
211 1571 402 1612 Hamburg.
419 1574 455 1602 et
469 1570 618 1611 quinque
633 1570 789 1601 alu-69
812 1568 927 1600 Hicin
942 1568 1102 1600 Aventino
1117 1571 1255 1600 extremo
1268 1566 1424 1607 Angelic.
1441 1571 1473 1600 2.
1505 1570 1574 1601 Ad-

121 1613 245 1646 venitin·
265 1612 495 1646 Schoenborn.
510 1615 542 1644 2.
561 1616 689 1653 uterque
711 1615 758 1643 est
779 1611 929 1643 Chisian.
943 1614 976 1643 5.
1003 1615 1040 1643 et
1063 1611 1223 1642 Vallicel.
1241 1613 1362 1642 1.--70
1384 1610 1504 1643 Rerum
1528 1621 1576 1643 ex

122 1656 258 1698 ingenio
273 1657 378 1697 Cruq.
402 1665 469 1687 non
485 1665 527 1686 ex
543 1655 643 1687 codd.
660 1659 696 1685 nt
712 1654 831 1685 asserit
846 1653 1117 1686 Gesnerus.-71
1142 1653 1259 1684 Plures
1272 1656 1344 1684 sunit
1366 1652 1465 1684 codd.
1481 1654 1575 1693 Fem,

122 1704 159 1730 et
168 1698 402 1732 Schoenborn.
414 1701 446 1729 4.
468 1698 515 1728 nil
528 1701 562 1728 ut
576 1697 721 1737 Cuning.
745 1696 825 1728 obsit
841 1705 883 1727 ex
895 1696 1030 1727 duobus
1044 1695 1146 1728 codd.
1161 1696 1263 1736 Cruq.
1288 1695 1410 1726 obstet?
1433 1704 1508 1726 cnm
1521 1696 1574 1728 in-v

121 1741 319 1780 ten-rogandi
338 1746 420 1772 nota
434 1742 504 1771 tres
521 1749 576 1779 ap.
593 1739 696 1770 Feam
710 1749 720 1777 ;
744 1738 794 1769 ita
807 1737 948 1769 edidere
966 1739 1034 1769 Fe'a
1050 1743 1087 1769 et
1103 1738 1312 1769 Bothe.—-72
1338 1737 1573 1770 Schoenborn.

123 1785 156 1815 ⁸.
171 1783 272 1814 mulae
293 1783 574 1822 gnatusque—73
601 1781 734 1821 Torquet
756 1790 839 1811 nunc
861 1780 973 1819 ingens
995 1780 1130 1820 lapidem
1153 1788 1236 1810 nunc
1257 1779 1401 1810 machina
1426 1779 1576 1811 Schoen-

123 1824 222 1856 born.
235 1827 354 1856 2.—-74
377 1824 446 1855 Hic
463 1832 580 1853 versus
595 1822 696 1854 deest
721 1822 765 1856 in,
778 1821 899 1853 eodem
916 1821 1134 1853 codice.—⁷5
1159 1822 1227 1852 Hic
1241 1820 1364 1852 rabiosa
1370 1821 1455 1859 furit
1471 1822 1576 1854 Bam-

124 1866 220 1907 berg.
240 1866 364 1898 rubim
378 1865 463 1904 furit
477 1865 565 1896 canis
581 1865 658 1896 Vat.
673 1867 706 1896 4.
719 1864 798 1895 Vnt.
814 1864 927 1895 Palat.
943 1866 976 1895 6.
992 1869 1028 1895 et
1045 1864 1143 1895 Harl.
1159 1867 1191 1895 6.
1213 1864 1281 1895 ruit
1297 1863 1376 1895 Vat.
1391 1866 1444 1896 16.
1465 1866 1475 1882 ‘
1488 1865 1573 1896 an-

124 1913 204 1950 gata
218 1909 321 1941 lectio
337 1908 443 1948 fugit,
469 1907 535 1938 etsi
560 1911 612 1938 tot
636 1907 710 1938 aliis
735 1905 834 1938 codd.
860 1905 1010 1946 suffulta,
1034 1906 1088 1937 hic
1106 1906 1241 1938 videtur
1265 1906 1471 1947 impropria3
1494 1916 1573 1939 nam

124 1952 298 1992 proprium
316 1955 372 1983 est
396 1959 517 1981 canum
531 1948 724 1980 rabidorum
746 1950 757 1966 ‘
770 1947 919 1987 fnrere;’
940 1953 976 1980 et
997 1949 1048 1980 ita
1074 1958 1192 1980 verum
1214 1949 1372 1980 timorem
1392 1949 1575 1982 incutiunt.

124 1995 234 2026 canes
248 2002 365 2025 ornnes
387 1998 541 2030 currunt,
564 1990 711 2031 fugiunt,
726 1991 807 2031 quin
831 1990 1056 2022 exterreant!
1081 1991 1158 2022 Fea.
1203 1990 1332 2022 Eadem
1358 1991 1506 2023 varietas
1531 2001 1574 2024 ιι.

123 2035 194 2068 Set.
206 2038 239 2068 7.
254 2038 308 2069 35.
353 2035 437 2067 Mox
459 2034 526 2066 duo
542 2033 642 2066 codd.
659 2034 686 2065 F
688 2043 752 2069 eae.
769 2033 863 2073 fugit
875 2035 1028 2065 sum-⁷6
1049 2033 1132 2066 Vat.
1147 2033 1262 2066 Palat.
1279 2036 1310 2064 1.
1324 2036 1355 2064 et
1379 2042 1486 2065 vernus
1507 2044 1572 2066 me·

773 2140 918 2175 NOTAE

127 2229 133 2231 <
163 2211 208 2242 68
223 2208 311 2242 cone
326 2207 471 2248 Quirini]
487 2206 542 2239 Ad
557 2205 818 2239 remotissimam
919 2206 1033 2239 Verum
1057 2206 1157 2238 Puroe
1179 2210 1253 2238 sunt
1278 2206 1407 2248 plateae]
1430 2206 1575 2248 Prolep-

121 2259 214 2292 urbis
230 2259 413 2301 regionem.
875 2256 934 2289 sis.
982 2257 1031 2288 At
1061 2267 1181 2288 vacuae
1210 2257 1464 2297 impedimentis
1491 2262 1573 2289 sunt

163 2311 206 2341 69
229 2310 380 2340 Extremo
393 2308 428 2339 in
442 2306 614 2348 Aventino]
641 2305 695 2338 Ad
711 2315 819 2348 oppo-
873 2307 959 2352 viae:
981 2310 1084 2348 atque
1100 2307 1191 2338 inter
1206 2307 1351 2338 eundum
1369 2317 1486 2339 versus
1503 2318 1573 2340 me-

123 2357 332 2390 sitamurbis
344 2362 477 2400 partem
494 2367 611 2389 versus
625 2357 785 2389 Tiberim.
873 2355 977 2388 ditari
992 2357 1086 2388 licet.
1130 2355 1252 2395 Immo,
1267 2356 1380 2398 inquit
1395 2357 1574 2396 Horatius,

161 2411 206 2440 ‘10
217 2407 574 2448 Intervallavidee‚8fc.]
585 2407 682 2439 Inter
692 2410 818 2438 utram·
873 2406 1110 2438 molestissima
1137 2411 1191 2438 est
1211 2407 1269 2438 vel
1290 2406 1334 2438 ob
1349 2407 1450 2439 istam
1469 2408 1573 2439 ratio-

124 2467 191 2501 que
216 2457 308 2489 illam
330 2457 502 2497 regionem
525 2460 604 2488 sunt
624 2465 747 2496 nempe
769 2454 818 2486 fo-
873 2466 951 2489 nem
965 2457 1129 2499 quaelibet
1144 2456 1223 2488 urbs
1243 2456 1342 2488 valde
1357 2455 1520 2498 frequens
1537 2461 1575 2487 et

123 2519 198 2541 rum
210 2508 411 2546 Romanum,
425 2507 591 2550 templum
604 2507 699 2540 Jovis
715 2507 818 2539 Fere·
874 2507 1051 2548 populosa.
1093 2506 1183 2538 Vide
1197 2506 1354 2538 Juvenal.
1369 2506 1442 2538 Sat.
1455 2515 1514 2537 111.

121 2559 192 2599 trii,
207 2557 426 2600 Capitolium,
439 2557 623 2590 Palatium.
917 2559 960 2588 ⁷2
986 2556 1115 2587 Calidas
1128 2557 1297 2597 redemtor]
1320 2555 1455 2587 Ardens
1471 2561 1507 2588 et
1522 2556 1572 2588 in·

166 2609 315 2640 Humane
327 2605 495 2646 commoda]
518 2605 669 2646 1ronice,
692 2605 727 2638 id
753 2611 820 2648 est,
873 2605 968 2638 hians
983 2605 1026 2637 nd
1043 2610 1220 2647 quaestum.
1243 2604 1333 2636 Vide
1350 2613 1405 2636 ιιι.
1421 2605 1489 2638 Od.
1508 2609 1540 2639 1.

121 2659 222 2691 valde
244 2655 456 2689 incommoda
478 2655 522 2687 ob
536 2655 820 2697 longinquitatem
915 2659 956 2688 73
981 2656 1100 2696 Ingens
1127 2654 1286 2695 machina]
1324 2655 1390 2686 Vel
1417 2665 1498 2688 saxa
1527 2657 1571 2688 ad

119 2708 253 2741 itineris
287 2717 327 2739 ac
364 2705 538 2747 regionum
573 2704 819 2738 diversitatem.
873 2715 1001 2746 muros,
1027 2706 1082 2738 vel
1103 2705 1199 2747 tigna
1219 2703 1261 2736 ad
1281 2705 1570 2747 contignationem

121 2759 310 2800 Pei-peram
344 2758 428 2790 istas
457 2764 558 2789 voces
588 2755 693 2797 aliqui
724 2764 820 2797 sepa·
859 2756 1045 2788 ¹attollens.

124 2813 214 2842 rant.
