1930 3204
392 277 504 321 1616

391 380 534 413 subinde
546 381 732 423 significet:
756 384 791 412 ut
803 381 876 413 haec
888 382 934 414 sit
945 387 1078 414 senten-

393 429 459 460 tia:
488 430 593 463 Queis
623 429 752 470 placuit
782 431 875 470 paria
902 440 976 462 esse
1005 430 1078 462 fere

390 482 545 517 peccata,
559 478 621 509 hoc
638 481 702 516 est,
715 477 844 508 omnin:
861 478 908 509 sic
925 478 1078 519 dicimus,

391 525 532 556 Romani
559 525 631 556 fere
657 526 774 557 orbem
800 526 1020 566 subegerunt,
1042 527 1076 558 id

390 573 536 613 est,fere
552 578 671 605 totum.
690 575 786 614 Cruq.
812 574 982 616 laborant]
997 575 1077 606 Hae-

387 627 466 653 rent
481 626 516 653 et
530 621 686 654 dubitant
700 622 818 654 Stoici.

431 673 471 701 97
494 670 547 701 Ad
567 681 672 702 verum
697 671 758 711 eat]
782 671 834 702 Ad
855 671 925 702 veri
941 671 1075 713 inquisi-

388 718 526 751 tionem.
571 721 730 761 Moresque
755 721 944 761 repugnant]
980 721 1075 753 Jndi-

387 767 474 798 ciutn
502 768 670 800 homiuum
696 774 874 808 repugnat,
897 770 952 810 qui
975 770 1076 801 aliter

386 813 508 854 furem,
523 816 622 847 aliter
636 816 834 847 homicidam
851 819 1004 857 puniunt.

429 867 471 896 98
493 864 596 905 Atque
617 866 684 906 ipsa
706 865 841 905 utilitas]
868 866 1006 897 Utilitas
1022 867 1075 898 hic

387 921 429 944 ea
457 914 626 944 censenda
651 920 715 953 est,
736 924 810 953 qnae
835 923 899 945 non
921 915 1015 946 abest
1033 916 1075 946 ab

387 962 528 994 honesto
546 972 588 993 ex
602 963 791 994 Stoicorum
808 963 985 1002 opinione:
1009 974 1075 996 non

388 1010 491 1039 etiam
520 1019 561 1041 ea
590 1019 664 1050 quae
697 1010 788 1050 turpi
817 1011 1006 1051 conjuncta,
1031 1013 1077 1043 lu.

388 1066 481 1088 crum
510 1059 633 1098 quaerit
656 1068 699 1089 ex
724 1067 760 1089 re
777 1059 939 1099 qualibet.
984 1061 1073 1092 Quo-

390 1115 464 1136 nam
489 1110 598 1137 autem
623 1110 724 1146 pacto
743 1107 787 1137 sit
809 1112 917 1137 mater
937 1108 1023 1148 justi
1039 1114 1076 1140 et

391 1154 491 1194 aequi,
507 1163 571 1185 non
584 1154 682 1186 facile
699 1155 771 1195 quis
787 1154 934 1194 dixerit3
956 1157 1019 1187 nisi
1032 1157 1074 1188 ad

387 1204 428 1232 ea
443 1211 479 1233 se
494 1202 660 1240 conferat,
676 1212 750 1243 quae
767 1207 845 1234 sunt
861 1204 946 1244 juris
960 1205 1075 1236 huma-

386 1251 432 1289 ni,
449 1251 518 1282 sive
535 1252 697 1292 gentium.
715 1252 810 1291 (ἕνας.
842 1252 946 1292 Prope
959 1255 1073 1295 mater]

390 1299 494 1331 Quasi
512 1305 628 1331 mater.

428 1349 470 1378 99
494 1349 571 1378 Cum
583 1348 812 1388 prorepserunt]
829 1349 980 1381 Probare
996 1351 1074 1381 niti-

389 1399 445 1425 tur
461 1395 548 1436 quod
562 1402 640 1427 ante
653 1396 888 1436 dixit,justum
901 1399 1074 1430 sanctione

388 1442 554 1474 hominum
583 1453 666 1479 esse,
695 1453 759 1474 non
786 1450 915 1477 natura.
961 1448 1074 1477 Mure-

389 1495 444 1522 tus
461 1491 636 1523 variarum
663 1501 688 1523 1.
714 1496 746 1523 5.
773 1493 913 1524 Torreat.
956 1495 1074 1525 Primis

383 1540 546 1579 animalia]
570 1541 686 1571 Prima
701 1541 867 1582 animatia,
883 1542 915 1572 id
939 1547 1002 1581 est,
1017 1543 1073 1574 ho·

384 1589 502 1620 mines.
526 1589 713 1630 Hypsllage
728 1595 792 1621 est.
820 1590 963 1629 [Venet.
979 1594 1071 1623 1509.

383 1639 531 1669 animalia
545 1638 672 1679 glebis]

430 1689 491 1717 100
524 1686 639 1726 Pecus]
669 1687 784 1717 Veluti
812 1696 914 1727 pecus
937 1689 1074 1719 rationis

386 1739 421 1766 et
445 1735 606 1766 orationis
629 1745 760 1776 expers.
807 1737 957 1768 Glandem
967 1737 1074 1778 atque]

388 1783 538 1815 Glandes
573 1789 670 1815 erant
700 1784 865 1815 hominum
894 1785 1074 1825 primorum

387 1833 492 1864 cibus.
532 1832 672 1872 [Mutum
687 1843 723 1864 ac
737 1837 825 1874 turpe
840 1834 998 1874 Cuuing.]

428 1883 487 1913 101
517 1882 679 1920 Unguibus
702 1885 732 1913 et
756 1882 884 1922 pugnis]
906 1883 1016 1914 Multa
1041 1883 1073 1914 in

385 1929 526 1961 eandem
542 1931 742 1962 sententiam
758 1931 855 1962 Lucr.
868 1932 924 1962 lib.
943 1941 977 1962 v.
992 1932 1074 1963 ‘Ar-

385 1989 439 2010 ma
465 1981 614 2021 antiqua,
628 1990 758 2019 manus,
775 1991 914 2022 ungnes,
939 1981 1074 2013 dentes-

384 2037 449 2068 que
466 2028 612 2064 fuerunt,
625 2030 668 2060 Et
684 2030 826 2069 lapides,
838 2030 964 2061 etitem
978 2031 1073 2061 silva-

386 2086 457 2108 rum
473 2077 639 2118 fragmina
655 2079 759 2110 rami!
782 2080 921 2110 Torrent.
957 2079 1073 2118 Porro]

386 2124 470 2156 Post
486 2126 648 2165 temporis
665 2126 889 2157 intervallum.
933 2127 1071 2166 [Ungui-

384 2173 440 2203 bus
453 2173 524 2204 hinc
534 2174 647 2214 pugnis
663 2174 823 2214 Cuning.]

429 2223 491 2252 102
518 2222 611 2262 Usus]
635 2221 839 2260 Indigentia.

428 2273 489 2301 103
514 2271 686 2310 Notat-ent]
707 2270 956 2310 significarent.

428 2322 490 2350 104
512 2320 671 2351 Absistere
693 2319 783 2358 bello]
804 2320 927 2350 Eorum
943 2319 1073 2350 scilicet

383 2368 520 2400 consilio
549 2373 650 2409 atque
676 2377 793 2408 opera,
817 2367 873 2408 qui
895 2367 1073 2408 prudentia

383 2417 637 2457 praecellebant.
664 2417 805 2447 Tor-rent.
840 2415 998 2447 Absistere
1012 2415 1071 2446 bel-

383 2466 428 2506 lo]
451 2465 633 2497 Abstinere
651 2475 671 2496 a
686 2465 784 2496 bello.
817 2463 913 2505 [Vat.
929 2463 1070 2495 Rom.9.

383 2515 559 2555 obsistere]

426 2566 486 2595 105
521 2564 643 2604 Oppida
667 2565 819 2603 coeperunt
849 2561 983 2602 munire]
1020 2561 1071 2592 De

383 2614 584 2653 oppidorum
612 2613 739 2653 origine
757 2621 856 2652 agens
871 2612 992 2643 Cicero
1014 2610 1070 2641 lib.

386 2670 413 2692 ι.
443 2663 493 2693 De
509 2663 639 2700 Gloria,
654 2663 703 2694 sic
719 2661 888 2702 appellata
899 2669 972 2692 esse
985 2659 1070 2690 exis-

386 2710 497 2749 timat,
510 2712 597 2750 quod
621 2721 715 2752 opem
734 2710 868 2749 darent,
891 2712 976 2740 teste
992 2709 1069 2739 Fes-

386 2762 444 2789 to:
467 2758 518 2788 vel
537 2760 623 2799 quod
647 2760 693 2792 ibi
716 2769 797 2800 opes
820 2769 896 2790 suas
917 2757 1068 2790 homines

848 290 986 322 No'rAE
1018 291 1076 320 VA
1089 290 1275 322 utoRtJM
1309 292 1360 323 IN

1125 382 1311 422 conferant,
1323 383 1376 414 vel
1397 382 1485 424 quod
1499 392 1601 424 opere
1615 384 1805 418 muniebam

1125 434 1181 462 tur
1197 433 1328 471 moenia,
1345 441 1410 472 quo
1424 432 1527 463 tutius
1542 437 1664 474 essent,
1681 434 1710 464 si
1723 435 1808 466 Var-

1126 479 1199 509 roni
1213 479 1390 511 credimus.
1417 479 1557 511 Torreat.

1110 535 1137 554 »ι
1167 530 1227 558 107
1252 528 1392 567 Curinus]
1419 529 1569 560 Fuerunt
1594 534 1673 561 ante
1704 530 1807 562 Hele-

1124 585 1198 606 nam
1215 577 1290 607 alim
1314 578 1483 616 mulieres,
1499 587 1573 618 quae
1595 578 1674 610 belli
1688 588 1807 612 causas

1125 625 1349 664 praebuerunt.
1396 627 1578 668 Tetem'ma]
1611 627 1668 659 sie
1703 629 1808 660 nostri

1124 672 1222 704 codd.
1243 675 1370 714 antiqui
1392 684 1517 711 omnes,
1542 685 1610 707 non
1632 677 1807 712 deterrima,

1125 726 1161 752 ut
1176 727 1254 754 ante
1271 723 1447 755 Lambinus
1463 724 1628 756 ediderat.
1650 726 1790 757 Torrent-

1167 775 1227 803 108
1270 772 1451 814 Perierunt]
1497 774 1689 814 Perierunt,
1728 774 1807 815 quia

1122 821 1339 860 scriptoribus
1355 826 1544 853 caruerunt.

1166 873 1227 900 109
1249 871 1400 901 Incertam
1424 871 1593 912 rapientes]
1627 871 1806 903 Mulierem

1123 917 1275 948 omnibus
1305 919 1505 958 expositam,
1534 928 1598 950 nou
1626 919 1712 950 certi
1739 929 1808 951 me·

1124 965 1190 996 riti.

1166 1016 1228 1045 110
1256 1013 1381 1045 Viribus
1403 1013 1528 1054 editior]
1549 1013 1612 1044 Vir
1627 1013 1805 1047 robustior.

1124 1062 1285 1134 ξαέὶεῠαι]
1322 1062 1525 1102 Occidebat,
1561 1062 1615 1093 vel
1651 1062 1807 1094 verbera-

1149 1113 1166 1134 a
1186 1125 1194 1134 .

1166 1154 1225 1182 111
1250 1152 1340 1183 Metu
1363 1150 1488 1192 injusti]
1513 1151 1660 1192 Propter
1682 1151 1808 1184 iucem·-

1123 1201 1210 1232 modi
1227 1205 1364 1232 metum.

1167 1253 1226 1281 112
1245 1249 1410 1290 Faseosque
1421 1249 1511 1290 velis]
1524 1249 1684 1289 Annales,
1698 1249 1731 1281 id
1743 1254 1806 1287 est,

1123 1298 1236 1329 muudi
1253 1303 1414 1338 tempora.

1166 1349 1225 1378 113
1248 1347 1425 1388 secernere]
1450 1348 1664 1388 Distinguere
1678 1347 1804 1388 justum

1123 1395 1164 1425 ab
1181 1395 1317 1435 injusto.

1166 1446 1225 1474 114
1258 1444 1381 1476 Dividit
1406 1448 1440 1475 ut
1469 1445 1562 1485 bona]
1602 1444 1678 1476 Quo
1706 1444 1805 1476 modo

1124 1495 1235 1531 potest
1251 1502 1407 1532 separare
1426 1493 1512 1523 bons
1526 1502 1545 1523 a
1562 1493 1666 1523 malis.

1167 1543 1223 1570 115
1249 1541 1316 1571 Nec
1325 1541 1423 1572 vincet
1434 1540 1528 1580 ratio]
1544 1541 1619 1572 Nec
1633 1541 1718 1572 ratio
1731 1550 1806 1581 pro-

1122 1588 1226 1619 babit.
1266 1590 1453 1621 Tantundem
1474 1593 1509 1620 ut
1528 1589 1645 1630 peccet]
1667 1590 1716 1620 Ut
1737 1595 1805 1621 tam

1121 1638 1271 1677 graviter
1286 1642 1418 1677 peccet.

1165 1687 1225 1716 117
1251 1686 1313 1720 Qvi
1327 1685 1503 1725 nocturnus]
1526 1686 1591 1718 Qui
1611 1691 1713 1718 noctu
1737 1696 1805 1718 rem

1123 1741 1250 1763 sacram
1287 1732 1417 1764 furatus
1457 1733 1574 1764 fuerit.
1631 1735 1806 1766 Nocturnus

1123 1780 1242 1811 Divum
1260 1791 1347 1812 sacra
1361 1782 1485 1822 legerit]
1506 1781 1731 1822 ‘sublegere‚'
1757 1783 1806 1814 in-

1123 1830 1195 1870 quit
1210 1831 1346 1861 Servius
1360 1831 1431 1861 Eclc.
1444 1839 1496 1862 rx.
1508 1829 1610 1862 furari
1624 1836 1693 1863 est:
1718 1832 1807 1863 unde

1123 1883 1158 1910 et
1179 1879 1406 1920 ‘sacrilegus‚'
1441 1880 1496 1921 qui
1527 1889 1622 1911 sacra
1652 1881 1743 1920 legit,
1772 1881 1804 1912 id

1123 1932 1185 1963 est,
1198 1927 1342 1959 furatur.
1363 1929 1372 1946 ‘
1388 1929 1553 1960 Nocturni
1566 1928 1576 1942 '
1593 1938 1724 1970 quoqne
1737 1930 1805 1960 ‘fu-

1123 1977 1201 2008 res'
1233 1978 1451 2018 improbiores
1476 1978 1641 2009 habentur
1669 1987 1711 2008 ex
1739 1987 1806 2009 ΧΠ.

1120 2026 1268 2057 Tabulis.
1312 2028 1520 2068 Quamquam
1547 2026 1684 2058 suren-n
1713 2026 1804 2058 ‘fur—

1122 2074 1185 2109 vo,’
1214 2075 1302 2114 quod
1329 2078 1437 2106 atrum
1461 2074 1639 2115 significat,
1654 2075 1718 2106 dici
1735 2076 1805 2105 vult

1120 2122 1240 2159 Varro,
1270 2123 1348 2162 quia
1374 2132 1433 2162 per
1462 2128 1606 2162 noctem,
1633 2132 1707 2163 quae
1730 2128 1804 2154 atra

1120 2174 1183 2208 est,
1198 2170 1289 2200 furta
1303 2170 1434 2201 facilius
1449 2171 1703 2202 committuntur
1719 2182 1725 2199 ι
1745 2181 1804 2202 uu-

1118 2217 1161 2248 de
1177 2217 1303 2249 factum
1326 2223 1363 2250 ut
1384 2223 1548 2251 nocturnus
1572 2219 1724 2250 absolute
1744 2229 1804 2259 pro

1120 2265 1194 2298 fure
1208 2267 1375 2299 interdum
1390 2273 1544 2308 ponatur.
1586 2267 1648 2306 [Ut
1663 2268 1716 2307 qui
1727 2268 1804 2299 Chi-

1120 2314 1202 2345 siau.
1218 2315 1263 2355 1.]

1163 2365 1224 2394 118
1245 2364 1377 2404 AEquas]
1400 2364 1523 2396 Poenas
1544 2374 1664 2405 parvas
1680 2365 1802 2406 parvis,

1120 2420 1256 2451 magnas
1273 2413 1399 2450 magnis
1415 2413 1574 2453 peccatis.
1701 2434 1713 2442 .

1163 2464 1224 2493 119
1253 2461 1377 2493 scutica
1401 2461 1544 2502 dignum]
1581 2460 1706 2492 Semina
1734 2461 1803 2502 qui-

1120 2510 1195 2541 dem
1218 2509 1384 2551 flagellum
1407 2516 1470 2551 est,
1493 2521 1512 2542 a
1534 2510 1656 2542 Graeco
1679 2508 1801 2547 σκίη-ος,

1121 2559 1209 2601 quod
1240 2560 1366 2592 corium
1391 2560 1581 2601 significan
1611 2558 1670 2591 sed
1695 2559 1802 2591 minus

1120 2619 1191 2640 esse
1218 2609 1375 2640 horribile
1403 2608 1538 2647 indicat*
1559 2607 1662 2639 Mart.
1690 2615 1726 2639 x.
1749 2609 1802 2639 62.

1120 2657 1322 2690 ‘scuticam’
1350 2658 1438 2688 inter
1466 2656 1726 2698 paedagogorum
1751 2664 1802 2687 ar-

1119 2717 1184 2748 ma,
1199 2707 1247 2738 nti
1264 2711 1299 2738 et
1319 2707 1329 2725 ‘
1343 2705 1490 2746 ferulas,'
1503 2715 1700 2744 recenseus;
1722 2713 1800 2747 qua·

1119 2765 1191 2788 rum
1221 2756 1396 2792 levissima,
1432 2764 1589 2796 percussa
1623 2762 1798 2795 puerorum
