1982 3230
572 310 928 343 nms‘ronARUM
964 310 1058 341 mn.
1088 309 1120 340 1.
1151 297 1220 340 18.
1506 296 1620 343 1183

165 407 321 451 Virtus
341 412 411 449 est
431 405 616 449 medium
638 406 857 456 vitiorum,
879 408 922 447 et
939 404 1161 459 utrimque
1182 403 1430 445 reductum.

164 475 291 519 Alter
308 477 353 518 in
372 475 638 529 obsequium
654 475 755 529 plus
768 487 900 528 aequo
921 485 1097 528 pronus,
1117 476 1162 514 et
1180 471 1256 514 imi
1563 470 1619 510 10

166 545 350 587 Derisor
366 543 485 594 lecti,
507 543 574 584 sic
593 546 741 583 nutum
764 542 915 584 divitis
934 541 1095 589 horret,

163 613 241 655 Sic
259 612 390 654 iterat
407 623 554 660 voceS,
574 615 622 652 et
642 611 778 652 verba
797 609 998 652 cadentia
1017 608 1150 658 tollit,

165 678 232 721 Ut
249 691 429 734 puerum
451 690 575 719 saevo
595 677 750 719 credas
768 677 935 719 dictata
954 676 1164 729 magistro

166 745 389 796 Reddere,
409 745 484 787 vel
502 750 655 799 partes
677 745 858 786 mimum
875 748 1065 787 tractare
1086 743 1306 786 secundas
1324 759 1334 784 :

1565 811 1621 853 15

164 811 290 856 Alter
307 813 480 887 rixatur
497 811 553 854 de
573 811 676 853 lana
695 825 818 866 saepe
839 811 1037 866 caprina,

162 943 285 976 sincera
297 943 412 976 virtus.
431 943 543 975 Virtus
554 942 656 975 media
667 946 714 975 est
729 944 814 975 inter
823 943 915 984 vitiu,
931 943 1003 975 hinc
1011 946 1042 975 et
1056 942 1145 974 illinc
1159 942 1315 974 recedens.
1345 941 1439 972 Alter
1453 939 1618 981 obsequen-

164 986 240 1025 tior,
255 988 339 1019 velut
349 996 459 1018 scurra
471 986 575 1028 infimi
590 986 665 1024 tori,
689 986 736 1018 ita
757 988 896 1027 potentis
909 989 1019 1018 nulum
1033 986 1182 1026 religiose
1196 988 1375 1023 emautur,
1398 984 1445 1015 ita
1459 983 1544 1015 dicta
1568 994 1618 1015 re-

160 1029 257 1070 petit,
268 1033 393 1061 etvooes
406 1030 552 1061 cadentes
561 1030 693 1068 attollit,
705 1033 740 1060 ut
753 1028 995 1070 putesjuvenem
1011 1029 1143 1060 recitare
1157 1028 1279 1059 dictata
1293 1038 1313 1058 α
1327 1028 1405 1058 duro
1417 1029 1620 1067 praeceptore,

162 1073 211 1104 vel
223 1072 407 1105 histrionem
419 1076 527 1114 parles
541 1073 691 1104 secundas
705 1081 811 1112 agere.
854 1072 949 1105 Alter
954 1072 1109 1112 jurgatur
1119 1081 1202 1112 soepe
1215 1072 1253 1103 de
1267 1070 1341 1102 lanu
1354 1070 1496 1111 caprina,
1517 1079 1622 1100 ανηια·

770 1168 1013 1182 eeeeeeeeeeee

163 1232 258 1264 tione
273 1233 449 1275 Principe.
472 1243 558 1266 mera
583 1234 725 1266 dici.—9
746 1234 829 1266 Vat.
855 1236 886 1266 1.
919 1234 999 1265 Vat.
1019 1233 1117 1265 Rom.
1133 1235 1164 1264 4.
1191 1236 1227 1264 et
1253 1231 1404 1264 chisian.
1418 1234 1449 1262 5.
1473 1229 1621 1262 tiliorum

161 1275 318 1316 utrimque
332 1277 404 1307 sine
419 1279 461 1308 et.
509 1276 640 1308 Heller.
663 1279 836 1316 utrumque.
883 1277 964 1307 Duo
980 1276 1078 1308 Vatt.
1096 1275 1250 1316 Angelic.
1265 1277 1296 1306 2.
1313 1284 1331 1305 a
1347 1283 1391 1304 m.
1416 1282 1484 1304 sec.
1501 1273 1621 1313 Zarot.

164 1317 310 1350 Medici.
328 1321 423 1350 1477.
456 1318 596 1351 Venett.
612 1321 709 1351 1477.
724 1321 820 1350 1478.
837 1321 931 1350 1479.
948 1321 1043 1349 1481.
1059 1320 1154 1349 1495.
1181 1322 1218 1348 et
1242 1316 1382 1348 Ascens.
1405 1316 1622 1347 redactum.—

164 1362 203 1391 11
227 1361 326 1393 Unus
350 1360 461 1392 codex
484 1370 538 1400 ap.
559 1362 672 1391 Bentl.
694 1361 741 1390 sic
755 1362 971 1390 vultum-44
992 1359 1226 1390 Schoenborn.
1241 1361 1273 1389 2.
1295 1359 1342 1388 vel
1355 1357 1483 1388 niimum
1503 1360 1622 1397 partes.

163 1407 234 1435 tres
249 1413 304 1442 ap.
322 1403 438 1439 ream,
453 1403 501 1433 vel
518 1405 627 1442 parles
641 1401 781 1433 nimium.
829 1400 912 1438 Alii,
927 1402 977 1432 vel
993 1411 1026 1441 p.
1042 1401 1214 1432 minimum.
1261 1399 1361 1431 Harl.
1379 1403 1410 1430 6.
1432 1399 1621 1430 recitare.—

163 1448 204 1477 15
223 1445 234 1463 ⁶
246 1445 340 1476 Alter
353 1445 477 1476 rixoeaeor
496 1445 583 1486 conj.
599 1444 729 1475 Muret-
745 1443 869 1484 probat
885 1443 1032 1484 Cuning.
1059 1443 1177 1484 rejicit
1197 1442 1391 1481 Bentleius,
1406 1441 1483 1484 quia
1497 1442 1622 1472 rici-olor

162 1487 316 1527 nuspiam
333 1487 535 1526 invenerat;
561 1488 620 1518 sed
638 1487 724 1518 eun.
740 1485 990 1520 Quintilianum
1015 1485 1102 1518 Inst.
1120 1485 1218 1518 Orat.
1237 1493 1288 1517 xr.
1306 1487 1336 1516 1.
1354 1484 1484 1525 objecit
1499 1494 1506 1514 :
1531 1486 1540 1502 ‘
1558 1483 1620 1514 Vi-

161 1529 244 1561 deas
271 1535 385 1561 autem
411 1529 580 1561 rixatores
608 1530 770 1572 quosdam
797 1539 909 1570 neque
932 1528 1100 1569 judicium
1128 1528 1344 1566 reverentia3
1371 1536 1480 1568 neque
1497 1526 1621 1567 agendi

161 1581 270 1613 more,
285 1582 326 1604 ae
341 1573 441 1603 modo
455 1572 647 1605 contineri!
693 1572 755 1604 Cui
780 1572 868 1603 adde
891 1571 962 1605 Jul.
988 1571 1124 1603 Firmie.
1148 1571 1192 1602 de
1209 1572 1285 1602 Err.
1302 1569 1389 1610 prof.
1407 1570 1520 1610 Relig.
1537 1578 1571 1600 v.
1589 1571 1621 1600 8.

162 1615 172 1633 ‘
190 1615 355 1647 Homines
371 1619 468 1647 erant
484 1615 574 1654 mali,
590 1615 742 1656 litigiosi,
759 1615 940 1651 rixatores,
957 1614 1188 1647 contentiosi-¹
1219 1614 1342 1651 Unica,
1357 1619 1392 1644 et
1410 1622 1489 1643 vera
1502 1611 1622 1649 lectio,

163 1666 264 1699 quam
280 1658 469 1698 praesertim
487 1663 670 1690 contextus
686 1658 806 1699 exigit,
823 1662 859 1689 et
875 1656 1117 1689 antecedentia
1131 1657 1280 1697 agrestis,
1296 1657 1376 1687 alter
1395 1665 1523 1696 prorum,
1539 1655 1621 1685 deri-

159 1709 233 1738 sor5
247 1701 326 1732 hinc
343 1702 424 1732 aller
438 1701 572 1733 rixatur.
616 1701 738 1733 Sensni
754 1701 880 1738 hiulco,
892 1706 928 1732 et
944 1701 1145 1732 inconcinno
1162 1700 1248 1731 male
1263 1699 1419 1730 medetur
1431 1697 1624 1735 Bentleius,

163 1742 292 1776 addens
305 1747 338 1776 et
347 1743 390 1776 ad
401 1747 592 1785 propugnat.
617 1743 787 1786 Cruquius
801 1753 844 1775 ex
857 1743 989 1775 dnobus
999 1743 1080 1775 Mss.
1093 1742 1230 1784 legebat
1240 1740 1388 1774 rixatus!
1400 1741 1482 1773 Fea.
1506 1740 1623 1772 Ceteri

821 1840 852 1871 N
861 1824 965 1870 01³AE

207 1917 229 1946 9
256 1916 419 1957 Utrimque
436 1917 610 1957 reductum]
642 1915 698 1947 Ab
720 1919 865 1957 utroque

165 1969 321 1996 extremo
337 1970 465 1997 remota
481 1970 535 1997 est
552 1966 670 1996 virtus.
785 1991 795 1994 -

209 2018 250 2047 10
273 2014 366 2047 Alter
387 2015 420 2046 in
443 2014 636 2056 obsequium]
659 2014 866 2046 Assentator

164 2065 326 2097 divitibus
342 2065 457 2097 amicis
475 2064 573 2096 nimis
588 2064 799 2106 obsequitur.

206 2115 271 2147 Imi
306 2116 440 2148 Derisor
472 2114 559 2155 lecti]
613 2115 795 2147 Parasitus
829 2113 864 2146 in

162 2167 279 2200 intimo
301 2169 392 2200 lecto
413 2168 468 2200 vel
490 2168 524 2200 in
547 2167 706 2200 subsellio
729 2177 864 2199 accum-

165 2217 248 2249 bens
263 2223 322 2249 ant
335 2217 500 2259 assidens,
513 2217 618 2248 risum
634 2217 734 2248 diviti
751 2217 865 2258 propi-

163 2276 248 2301 nans
259 2268 350 2300 inter
360 2268 490 2309 epulas.
514 2267 628 2298 Plaut.
644 2267 753 2299 Stich.
768 2267 778 2284 ‘
789 2267 865 2298 Scis

165 2327 218 2350 me
241 2318 369 2350 dudum
392 2328 468 2350 esse
491 2318 549 2349 imi
565 2317 716 2350 subsellii
732 2317 865 2350 virum.'

164 2367 255 2400 Vide
271 2377 297 2399 ι.
313 2368 386 2400 Sat.
399 2371 431 2401 4.
445 2371 500 2400 86.
513 2372 549 2400 et
563 2376 603 2400 11.
614 2368 687 2400 Sat.
702 2371 736 2400 8.
750 2371 805 2401 41.

209 2420 249 2450 11
266 2418 404 2459 Horret]
420 2418 653 2450 Admiratione
669 2424 706 2450 et
725 2428 866 2450 venera-

167 2467 262 2498 tione
269 2466 444 2500 affectata.
458 2469 554 2510 Virg.
563 2468 638 2501 AEn.
648 2478 699 2501 vr.
707 2472 760 2501 10.
773 2469 783 2486 ‘
792 2470 868 2501 hor-

168 2516 351 2558 rendaeque
381 2519 502 2558 procul
534 2525 668 2551 secreta
703 2519 869 2561 Sibyllae:

166 2567 203 2599 id
219 2571 286 2603 est,
300 2575 432 2599 sacrum
448 2569 620 2600 horrorem
635 2579 868 2612 summamque

167 2617 421 2649 venerationem
436 2617 646 2652 incutientia.

212 2669 254 2697 12
281 2666 381 2698 Verba
407 2666 552 2698 cadmina
574 2667 672 2708 tollit]
693 2669 867 2711 Quicquid

167 2715 318 2756 loquitur
332 2715 427 2747 dives
443 2716 501 2747 ille
520 2716 657 2756 amicus,
671 2726 788 2749 scurra
800 2720 869 2750 vel-

167 2770 206 2797 ut
231 2765 391 2797 eximium
415 2767 555 2798 miratur
576 2776 616 2798 ac
639 2767 781 2808 repetit,
804 2777 866 2800 nec

169 2815 250 2847 sinit
265 2816 352 2847 elabi
371 2821 408 2848 et
430 2817 553 2848 cadere
575 2817 699 2859 absque
722 2817 867 2850 admira-

169 2866 292 2898 bundis
306 2867 619 2900 exclamationibus.
657 2868 810 2910 Epistola
824 2868 867 2900 ad

919 1913 1092 1952 Pisonem,
1118 1922 1167 1945 vs.
1189 1915 1265 1944 428.
1295 1912 1305 1929 ‘
1322 1911 1484 1943 clamabit
1507 1911 1596 1943 enim
1610 1923 1620 1943 :

920 1963 1087 1995 Pulchre!
1114 1963 1218 1995 bene!
1245 1963 1358 1994 recte!
1381 1962 1553 1994 Pallescet
1567 1971 1622 1992 su-

919 2023 980 2054 per
1005 2013 1078 2046 his:
1117 2013 1221 2044 etiam
1249 2012 1394 2044 stillabit
1423 2012 1539 2043 amicis
1569 2012 1622 2043 Ex

918 2062 1026 2094 oculis
1043 2071 1173 2100 rorem3
1190 2061 1301 2100 saliet,
1315 2061 1436 2092 tundet
1451 2061 1539 2101 pede
1553 2065 1623 2092 ter·

919 2122 1007 2145 ram.
1018 2135 1046 2145 ..
1057 2112 1199 2145 Derisor
1227 2122 1312 2151 vero
1338 2113 1415 2154 plus
1444 2111 1620 2143 laudatore

918 2162 1100 2195 movetur.'
1420 2184 1433 2205 ,

962 2215 1003 2244 13
1030 2213 1074 2245 Ut
1094 2222 1227 2254 puerum
1247 2212 1421 2254 soevo‚850.]
1442 2211 1541 2243 Sicut
1553 2211 1622 2243 dis-

918 2264 1051 2305 cipulus
1081 2264 1228 2295 recitare
1263 2263 1410 2304 jubetur
1441 2262 1537 2294 dicta
1567 2263 1623 2293 vel

919 2314 1052 2347 dictata
1067 2324 1086 2345 a
1102 2314 1277 2355 magistro,
1290 2323 1414 2354 nempe
1434 2317 1472 2345 ut
1494 2322 1622 2345 memo·

919 2365 978 2396 riae
995 2364 1192 2406 infigantur.

963 2417 1004 2446 14
1024 2414 1081 2447 Vel
1096 2417 1205 2455 partes
1222 2414 1350 2445 mimum
1363 2417 1501 2446 tractare
1516 2424 1624 2446 secun-

917 2466 989 2507 das]
1010 2465 1138 2497 Mimus
1156 2474 1281 2505 nempe
1297 2465 1520 2496 secundarius
1536 2465 1623 2495 solet

919 2525 1038 2547 vocem
1055 2520 1091 2547 et
1113 2516 1282 2547 actionem
1306 2515 1387 2546 data
1403 2525 1511 2556 opera
1527 2519 1623 2546 exte-

918 2574 1036 2601 nuare,
1052 2569 1089 2596 ut
1107 2565 1234 2606 primus
1249 2570 1345 2596 actor
1365 2565 1473 2604 magis
1493 2565 1623 2595 eluces·

920 2620 989 2656 cat,
1011 2620 1048 2647 et
1072 2619 1080 2633 ‘
1097 2625 1197 2657 quam
1212 2615 1359 2646 maxime
1377 2615 1525 2646 excellat
1538 2613 1562 2652 ς’
1583 2619 1622 2646 ut

920 2666 970 2697 ait
984 2666 1106 2698 Cicero
1121 2666 1222 2697 Verr.
1240 2675 1266 2696 1.
1282 2664 1371 2695 Vide
1387 2673 1412 2695 1.
1429 2665 1504 2696 Sat.
1519 2666 1552 2696 9.
1567 2667 1622 2696 46.

919 2718 1037 2760 ibique
1054 2719 1137 2750 Not.

964 2771 1004 2799 15
1019 2768 1114 2799 Alter
1127 2767 1254 2799 rixatur
1265 2767 1303 2799 de
1317 2766 1478 2808 ληφθῶ]
1496 2766 1620 2808 Agres-

921 2818 964 2850 tis
979 2818 1218 2859 reprehensor,
1231 2818 1308 2849 m'h'o
1321 2828 1417 2859 prope
1435 2819 1558 2858 maJ'ori,
1573 2819 1620 2850 al-

921 2874 1075 2902 tercatur
1089 2868 1285 2910 gravissime
1304 2869 1347 2902 de
1369 2869 1470 2902 rebus
1486 2869 1622 2902 leviori-
