1916 3262
355 299 465 341 1482

355 402 532 433 eon-ortem
544 403 668 442 socium,
682 405 734 443 sse.
760 405 805 436 Et
819 407 828 422 ‘
845 410 1016 437 consortes
1025 403 1034 416 ’

353 454 460 489 vocat,
474 450 515 481 ad
530 460 611 491 quos
634 452 757 494 aliquid
768 458 869 493 sorte
886 454 1034 486 dividen-

352 498 451 531 dum:
476 499 564 530 unde
588 505 740 533 consortes
763 503 898 534 haeredes
924 503 1035 534 Graeci

351 549 626 589 στηκληρονόμους,
641 551 753 582 Latini
765 553 966 592 pan-emtam
978 561 1034 583 vo-

349 603 440 632 cant.
471 599 595 630 Tibull.
617 603 630 617 ‘
645 600 772 632 Maenia
795 602 942 634 consorti
967 610 1034 632 non

350 647 530 678 habitanda
559 647 689 680 Remo!
727 649 847 689 [Fallat
868 654 1036 683 consortem

346 695 459 726 socium
473 698 504 726 et
517 695 649 736 hospites
662 696 820 739 Guelph]

389 746 430 774 61
460 744 650 786 Indignoque
675 748 848 789 pecuniam]
892 750 938 780 Et
965 748 1034 780 filio

346 791 491 832 prodigo
518 794 694 833 pecuniam
719 801 891 837 properet,
913 797 948 828 id
971 802 1035 837 est,

347 841 561 881 properando
575 844 775 884 accumulet,
788 845 844 886 qni
864 855 925 886 per
939 846 1034 877 luxu-

345 888 431 919 riam
446 895 631 929 consumet,
644 893 732 932 quod
749 898 844 933 pater
862 903 924 935 per
937 894 1033 926 nefas

346 938 561 978 conquisivit.
597 940 685 971 Nam
698 941 708 958 ‘
725 942 810 973 male
824 947 932 983 parta,
945 943 1031 974 male

345 984 563 1017 dilabuntur.’

385 1037 428 1065 62
451 1033 581 1066 Haeredi
604 1039 762 1080 properet]
791 1041 869 1072 Cito
894 1045 930 1073 et
955 1051 1030 1082 pro-

345 1090 427 1122 pere
452 1082 620 1115 haeredem
646 1086 855 1126 locupletare
884 1089 1030 1121 studeat.

345 1129 454 1161 Lamo.
506 1131 674 1174 Improba]
709 1134 847 1167 Divitiae
874 1137 1032 1169 dicuntur

343 1178 518 1219 improbe,
530 1180 596 1219 vel,
610 1182 689 1221 qnia
703 1182 854 1223 improbe
869 1190 946 1217 sunt
957 1195 1032 1217 coa-

343 1232 503 1264 cervatae.
520 1229 573 1260 vel
588 1230 665 1271 quia
685 1230 854 1272 improbos
869 1232 1031 1267 efficiunt.

346 1275 595 1315 [Marklandus.
619 1278 680 1310 Sed
700 1280 784 1321 licet,
809 1282 862 1313 vel
885 1283 945 1314 Cui
960 1283 1031 1315 licet

342 1325 367 1355 i.
394 1325 539 1356 Crescunt
553 1327 702 1367 divitia]

385 1376 426 1404 68
450 1375 562 1405 Tamen
581 1379 689 1415 eurtoe,
709 1377 780 1417 θα]
803 1378 887 1410 Post
907 1380 1030 1411 minitas

342 1420 478 1452 divitias
494 1426 617 1462 partas,
633 1424 760 1464 aliquid
782 1435 916 1467 semper
937 1427 1028 1459 vide-

341 1473 400 1501 tur
415 1479 516 1502 avaro
528 1471 666 1503 deesse:
684 1477 692 1490 ¹
705 1473 833 1505 Multa'
845 1475 935 1507 enim
949 1476 960 1494 ⁴
971 1485 1029 1517 pe-

342 1519 492 1550 tentibus
506 1520 640 1551 Desunt
655 1521 784 1552 multa.’

387 1570 430 1600 64
455 1569 562 1600 Curtoe
583 1569 683 1601 nescio
707 1571 782 1611 quid
804 1581 921 1613 semper
944 1574 1029 1605 obest

341 1615 403 1656 rei]
426 1615 561 1657 Aliquid
578 1626 712 1658 semper
733 1619 832 1652 abest
846 1621 910 1660 rei,
930 1622 979 1653 ita
993 1627 1030 1653 ut

341 1664 391 1695 illi
405 1669 502 1696 curta
517 1674 591 1696 esse
604 1665 757 1698 videatur
770 1678 779 1699 ε
797 1669 844 1700 ita
857 1673 897 1700 ut
909 1679 1029 1702 avarus

340 1720 416 1742 eam
430 1716 559 1743 curtam
575 1722 646 1744 esse
661 1715 844 1747 existimet.
866 1716 974 1757 steph.

341 1759 424 1792 Ona
448 1769 537 1793 xxv,
569 1761 724 1801 Ἐρωτικὴ.
756 1763 814 1794 An
838 1764 1031 1798 moenum.

381 1809 508 1841 Bacchi
531 1810 702 1842 instinctu·
718 1810 900 1853 afflatuque
921 1815 1032 1845 conci·

381 1861 486 1898 tatus,
498 1866 585 1890 nova
599 1859 753 1900 quaedam
768 1862 916 1893 carmina
930 1861 1025 1903 Lyri-

380 1915 422 1938 ca
435 1906 478 1938 de
495 1906 648 1947 Augusto
663 1912 715 1940 est
726 1909 891 1942 dicturus.
929 1911 1026 1952 [Ero-

380 1956 453 1988 tice.
485 1957 630 1989 Liberum
639 1962 763 1999 patrem
776 1959 910 2002 invocat,
922 1963 1027 1994 laudes

382 2006 518 2038 emeris
533 2006 670 2038 dicturus
685 2008 885 2049 Bamberg.]

380 2056 402 2084 2
423 2055 569 2094 Plenum]
601 2055 660 2086 Me
689 2061 747 2087 tuo
775 2057 910 2088 numine
935 2056 1025 2089 affla-

338 2104 421 2133 tum.
467 2103 546 2138 Quoe
559 2103 592 2133 in
609 2103 747 2142 nemora]
773 2105 910 2136 Mallem
930 2111 968 2137 ut
989 2107 1024 2137 in

337 2149 468 2182 duobus
495 2150 574 2182 libb.
601 2151 686 2182 Mss.
712 2152 791 2187 Quoe
813 2162 948 2193 umora,
969 2157 1024 2184 out

336 2207 410 2239 quos
430 2207 507 2237 agor
527 2199 561 2229 in
586 2202 714 2239 specus?
738 2200 894 2232 Torrent.
935 2201 1024 2241 Agor-

335 2242 370 2278 ὺι
382 2245 502 2287 specus]
525 2247 615 2280 Quas
637 2247 744 2280 ducor
765 2248 799 2279 in
822 2249 1024 2290 speluncas?

337 2298 386 2329 sic
401 2306 443 2329 11.
457 2298 525 2329 Od.
542 2301 595 2330 19.

378 2349 398 2378 8
414 2347 511 2378 Velox
521 2351 620 2380 mente
631 2348 723 2389 novo]
734 2349 920 2390 Expeditus
931 2359 1022 2382 men-

336 2399 371 2426 te
386 2405 450 2427 non
465 2406 551 2436 mea,
573 2397 633 2428 sed
656 2397 780 2430 divina.
826 2399 960 2439 Quibus]
980 2400 1021 2431 In

336 2445 458 2486 quibus
471 2445 553 2476 locis
570 2446 721 2478 secretis.
745 2446 840 2478 Ordo
853 2452 922 2479 est:
939 2448 1020 2481 Qui-

335 2492 397 2523 bus
413 2493 516 2523 antris
537 2493 714 2532 meditans,
736 2494 853 2526 anidiar
873 2495 1021 2528 inserere

335 2540 443 2572 stellis
459 2545 495 2572 et
517 2542 660 2573 concilio
673 2541 769 2574 Jovis
785 2547 947 2576 aeternum
961 2545 1020 2576 de-

335 2600 395 2622 cus
410 2591 538 2631 egregii
553 2592 707 2624 Caesaris.

377 2640 398 2668 4
413 2638 540 2679 Antris]
562 2639 633 2670 Per
649 2640 779 2680 ellipsin
793 2642 851 2673 τοῦ
863 2650 922 2673 ex.-
938 2642 1020 2673 ullu»

335 2680 388 2715 dit
401 2687 488 2716 euim
502 2687 543 2718 ad
557 2692 654 2719 antra
665 2697 724 2720 seu
738 2689 842 2730 adyta
856 2689 1020 2729 Deorum,

337 2732 426 2764 unde
450 2734 677 2767 reddebantur
698 2738 856 2770 oracula:
880 2738 1020 2778 perinde

337 2791 378 2815 ac
402 2783 431 2816 si
451 2792 584 2816 carmen
605 2787 669 2819 hoc
691 2787 736 2819 sit
758 2787 960 2826 vaticinium,
975 2787 1019 2821 de

798 312 936 343 NO'I'AE
969 313 1228 345 VARIORUM
1262 315 1313 345 IN

1085 403 1220 435 Caesare
1244 404 1278 435 in
1306 404 1452 436 Deorum
1478 414 1648 438 numerum
1670 403 1764 442 adse‘-

1086 452 1190 483 rendo
1205 461 1245 483 ex
1261 454 1363 484 antris
1379 453 1538 485 auditum.
1564 455 1660 495 Grnq.

1126 503 1148 532 6
1167 500 1275 532 stellis
1298 501 1443 541 inserere]
1479 502 1564 534 Tale
1590 503 1673 535 illud
1703 503 1766 536 Ca-

1086 549 1159 580 tulli
1183 549 1225 580 ad
1250 550 1406 582 Fanium:
1430 551 1440 568 ‘
1456 549 1542 582 Volo
1567 554 1602 583 te
1626 560 1667 583 ac
1688 557 1765 584 tuos

1085 606 1214 630 amores
1229 598 1282 630 Ad
1297 601 1415 631 coelum
1431 599 1544 641 lepido
1558 609 1681 632 vocare
1697 610 1768 633 ver·

1085 645 1150 677 su!
1171 647 1350 680 Possumus
1367 649 1467 680 etiarn
1489 657 1658 690 exponere
1677 649 1767 682 hunc

1085 695 1209 735 locum,
1221 701 1260 727 ut
1275 696 1317 728 de
1340 697 1420 729 Divi
1433 697 1455 730 J
1459 698 1514 728 ulii
1530 697 1671 730 Caesaris
1686 706 1765 730 con-

1084 744 1271 776 secratione
1285 746 1320 777 in
1337 745 1482 786 Augusti
1497 746 1638 786 gratiam
1653 747 1766 788 loqua-

1086 796 1152 823 tur.
1195 792 1283 824 Vide
1296 794 1433 827 sueton.
1447 803 1522 835 cap.
1537 797 1590 826 88.
1622 794 1668 826 Et
1681 795 1764 827 hanc

1084 841 1282 872 sententiam
1299 842 1418 882 juvant
1440 851 1479 874 ea
1502 843 1605 874 verba
1620 852 1695 884 quoe
1717 852 1767 875 se-

1085 893 1243 929 quuntur,
1270 891 1280 908 ‘
1297 891 1342 921 Et
1370 891 1511 923 concilio
1535 891 1656 924 Jovis.'
1688 901 1763 934 quae

1083 945 1163 967 sane
1176 938 1346 969 commode
1361 939 1403 970 ‹le
1417 939 1570 980 Augusto
1585 941 1692 973 adhuc
1710 951 1764 972 su-

1082 985 1226 1024 perstite
1238 985 1303 1016 dici
1315 991 1498 1026 nequeunt,
1507 988 1570 1018 nisi
1581 987 1668 1020 forte
1681 998 1762 1020 euu-

1083 1033 1158 1065 dem
1175 1034 1300 1065 versari
1315 1034 1348 1065 in
1365 1034 1476 1074 terris,
1494 1039 1532 1067 et
1554 1036 1704 1068 Deorum
1714 1037 1764 1068 in-

1083 1086 1211 1114 teresse
1227 1092 1324 1123 posse
1339 1083 1483 1115 concilio
1495 1088 1694 1118 astruamus.
1717 1085 1765 1116 Ut

1081 1139 1109 1163 1.
1124 1131 1191 1163 Od.
1206 1133 1238 1163 2.
1253 1133 1262 1149 ‘
1277 1131 1355 1163 Sive
1370 1138 1500 1164 mutata
1509 1133 1668 1174 juvenem
1681 1132 1766 1174 figu-

1082 1179 1142 1211 ra!
1179 1180 1252 1212 Nec
1274 1181 1428 1212 siluerim*
1442 1181 1477 1212 in
1498 1180 1651 1221 pluribus
1669 1180 1763 1212 libris

1079 1229 1205 1261 consilio
1218 1229 1298 1270 legi,
1319 1230 1442 1269 Recte,
1455 1234 1495 1262 ut
1507 1230 1673 1261 arbitror:
1689 1230 1764 1270 plus

1081 1278 1171 1309 enim
1185 1282 1236 1310 est
1255 1278 1334 1311 Jovi
1355 1287 1426 1310 esse
1449 1279 1482 1310 in
1499 1279 1653 1318 concilio,
1666 1287 1763 1320 quam

1079 1327 1090 1344 ‘
1106 1326 1252 1358 adscribi
1266 1327 1387 1368 quietis
1401 1327 1572 1359 ordinibus
1587 1326 1764 1359 Deorum.⁹

1085 1374 1224 1405 Torrent.
1265 1374 1372 1406 stellis
1395 1375 1538 1412 inserere,
1567 1379 1599 1406 et
1621 1374 1762 1413 coneilio]

1081 1424 1175 1456 Coelo
1189 1433 1398 1464 consecrare,
1409 1429 1444 1456 et
1459 1425 1606 1456 Deorum
1617 1424 1729 1456 coetni.

1121 1475 1143 1504 8
1164 1472 1335 1514 Indictum]
1356 1473 1412 1504 Sic
1432 1473 1528 1514 virg.
1551 1472 1680 1504 AEneid.
1698 1481 1760 1505 vn.

1080 1524 1091 1542 ‘
1108 1524 1183 1555 Nec
1204 1528 1241 1555 tu
1264 1523 1464 1555 carminibus
1478 1523 1601 1554 nostris
1615 1522 1761 1554 indictus

1079 1571 1211 1604 abibis?
1253 1572 1410 1604 Indietum
1437 1581 1489 1603 ore
1507 1572 1584 1612 olio]
1617 1571 1759 1603 Carmen

1081 1620 1252 1661 Lyricum,
1269 1620 1376 1662 ·quod
1408 1619 1533 1660 primus
1565 1619 1760 1651 Latinorum

1080 1669 1213 1708 protuli.
1257 1669 1330 1699 Non
1352 1677 1452 1706 secus,
1472 1667 1542 1708 δῖα]
1565 1667 1642 1699 Non
1663 1668 1760 1699 aliter

1080 1717 1214 1748 Baccha
1240 1716 1382 1748 miratur
1415 1715 1592 1747 Thraciam
1619 1715 1760 1747 barbaro

1079 1766 1227 1797 carmine
1242 1765 1441 1796 illustratam
1460 1769 1496 1796 et
1510 1763 1678 1796 celebrem
1690 1764 1759 1796 fac·

1080 1817 1162 1853 tam,
1175 1822 1274 1855 quam
1287 1813 1367 1844 mibi
1377 1813 1460 1844 libet
1471 1812 1650 1844 decantare
1661 1812 1762 1853 ripas,

1077 1862 1112 1894 id
1128 1867 1191 1898 est,
1206 1862 1352 1903 Italiam,
1367 1871 1488 1904 resque
1509 1861 1689 1901 Romanas,
1703 1861 1761 1892 de·

1077 1911 1132 1943 vio
1152 1911 1251 1952 pede,
1264 1920 1323 1943 seu
1343 1911 1489 1943 carmine
1510 1910 1643 1951 Lyrico.
1687 1910 1762 1941 Non

1076 1970 1162 1992 secus
1187 1961 1221 1992 in
1238 1960 1344 2001 jugis]
1374 1961 1452 1992 Non
1474 1960 1586 2000 aliter,
1606 1958 1666 1990 sed
1689 1958 1759 1997 sic;

1077 2010 1176 2041 Euius
1198 2009 1324 2042 Bacchi
1345 2008 1501 2041 sacerdos
1522 2007 1686 2040 concitari
1706 2016 1758 2038 so-

1076 2059 1137 2098 let,
1151 2062 1188 2090 ut
1208 2068 1271 2098 ego
1291 2060 1610 2090 nunc‘commoveor
1630 2054 1673 2086 ad
1689 2053 1758 2084 Au-

1077 2108 1164 2147 gusti
1186 2106 1302 2137 laudes
1323 2115 1398 2137 meo
1416 2105 1564 2137 carmine
1579 2104 1757 2135 decantan-

1075 2154 1147 2184 das.

1116 2204 1137 2233 9
1160 2201 1323 2232 Est-somnis
1349 2199 1463 2241 stupet]
1499 2199 1676 2231 Lambinus
1700 2208 1756 2230 ex-

1073 2250 1188 2281 somnis
1207 2258 1272 2280 uno
1287 2248 1391 2280 verbo
1414 2248 1509 2288 legit,
1531 2247 1638 2279 nostri
1659 2247 1757 2279 codd.

1073 2298 1216 2329 variant.
1255 2297 1373 2329 Solent
1387 2301 1498 2328 autem
1514 2295 1627 2327 divino
1641 2294 1755 2328 furore

1073 2346 1196 2387 perciti
1217 2346 1354 2377 tandem
1375 2345 1408 2376 in
1424 2354 1575 2376 somnum
1594 2345 1755 2385 incidere,

1072 2395 1162 2427 unde
1177 2394 1368 2436 experrecti
1382 2393 1630 2434 obstupescunt.
1672 2394 1755 2426 'rum

1071 2445 1105 2476 in
1116 2445 1262 2486 quinque
1277 2442 1523 2483 exemplaribus
1538 2442 1684 2483 Euchios,
1693 2451 1755 2483 pro

1071 2494 1170 2525 Euius
1193 2493 1246 2524 vel
1271 2492 1397 2533 Euhyos
1422 2492 1583 2532 scriptum
1609 2492 1753 2532 repperi.

1075 2543 1214 2574 Torrent.
1265 2540 1431 2572 Enormi:
1452 2540 1571 2581 stupet]
1592 2541 1758 2582 Vigilans,

1073 2591 1125 2621 vel
1137 2595 1346 2631 experrecta.
1373 2589 1460 2620 Nam
1473 2589 1547 2621 inec
1560 2598 1658 2620 sacra
1671 2594 1753 2621 tem-

1072 2650 1153 2682 pore
1170 2645 1332 2672 uocturno
1346 2638 1614 2670 celebrabantur.

1115 2692 1156 2721 lo
1188 2689 1329 2720 Hebrum
1356 2686 1558 2728 prospiciens]
1600 2686 1750 2718 'l'hraciae

1070 2738 1221 2778 fluvium,
1230 2747 1329 2778 quem
1343 2736 1468 2778 hyemis
1479 2735 1623 2768 sodalem
1637 2734 1750 2776 appel·

1058 2788 1120 2819 -lat
1133 2796 1160 2820 1.
1174 2786 1240 2818 Od.
1253 2788 1305 2818 25.
