1982 3230
618 528 699 586 Q.
768 522 1203 582 HORATII
1273 523 1645 580 FLACCI

739 700 1523 797 EPKISTOLARUM

970 893 1184 941 LIBER
1235 893 1308 939 ΙΙ.

925 1193 1281 1234 EPISTOLA
1326 1194 1363 1233 I.

949 1300 1014 1328 AD
1047 1301 1335 1330 AUGUSTUM.

435 1375 518 1405 Post
534 1374 744 1415 splendidum
760 1378 795 1405 et
810 1382 1018 1405 niunerosum
1036 1373 1249 1413 principium,
1264 1383 1328 1414 quo
1351 1373 1466 1404 laudes
1484 1372 1629 1413 Augusti
1644 1374 1784 1414 egregie·
1797 1383 1852 1405 ca·

475 1426 537 1465 nit,
551 1425 719 1457 subtiliter
733 1424 920 1465 Augustum
941 1428 1055 1456 movet
1068 1425 1102 1455 in
1117 1423 1268 1456 savorem
1293 1425 1343 1456 sui
1367 1425 1524 1465 temporis
1549 1425 1734 1465 poetarum.
1753 1425 1853 1455 Baxe.

474 1477 558 1508 cum
574 1476 760 1517 Augustus,
783 1475 1058 1517 quemadmodum
1077 1476 1257 1507 Suetonius
1281 1476 1313 1507 in
1331 1477 1412 1507 Vita
1434 1477 1567 1508 Horatii
1586 1475 1701 1515 tradit,
1716 1479 1853 1516 questus

476 1533 580 1568 esset,
591 1529 677 1570 quod
693 1528 772 1559 nihil
786 1528 827 1559 ad
841 1537 878 1559 se
900 1533 935 1559 et
947 1528 989 1559 de
1006 1537 1041 1559 se
1057 1528 1220 1560 scriberet
1234 1539 1242 1566 ;
1266 1538 1306 1559 ne
1323 1529 1421 1559 talem
1440 1532 1637 1569 tantumque
1653 1528 1759 1558 virum
1775 1535 1854 1566 neg-

474 1579 580 1620 ligere
596 1580 776 1616 videretur,
799 1580 948 1620 scripsit,
962 1579 1091 1620 opinor,
1114 1580 1200 1612 hanc
1227 1580 1422 1620 Epistulam,
1438 1590 1504 1621 qua
1527 1579 1675 1620 inprimis
1690 1578 1752 1610 hoc
1774 1579 1858 1619 egit,

476 1636 513 1662 ut
528 1641 660 1663 causam
670 1630 818 1671 afferret,
830 1641 889 1662 cur
902 1631 943 1661 ad
960 1640 1012 1662 res
1028 1630 1174 1671 Augusti
1190 1631 1382 1662 scribendas
1398 1641 1462 1662 non
1477 1631 1667 1669 accederet,
1682 1630 1857 1670 praemissa

475 1683 616 1714 historia
630 1684 774 1724 quadam
797 1684 916 1715 critica
940 1683 982 1714 de
1006 1683 1100 1723 poesi
1124 1683 1263 1723 ejusque
1289 1684 1396 1723 pretio
1419 1684 1507 1723 apud
1535 1683 1714 1714 Romanos.
1759 1680 1856 1712 Ordo

476 1739 588 1765 autem
603 1736 859 1774 sententiarum,
875 1744 972 1776 quem
987 1735 1149 1776 sequitur,
1165 1735 1217 1766 hic
1230 1739 1280 1766 est
1293 1745 1299 1764 ε
1324 1735 1377 1766 Ne
1393 1739 1439 1773 te,
1455 1734 1617 1774 Auguste,
1631 1733 1857 1773 occupationi-

477 1785 538 1816 bus
555 1795 616 1825 pro
631 1787 731 1827 Reip.
743 1787 852 1818 salute
867 1786 1049 1818 distentum
1065 1796 1189 1826 morer,
1204 1787 1277 1817 haec
1290 1795 1399 1827 pauca
1409 1796 1429 1817 a
1443 1795 1496 1817 me
1512 1786 1642 1826 accipe.
1687 1784 1860 1822 Romulus,

473 1838 638 1877 Bacchus,
653 1839 771 1871 Castor
785 1843 822 1870 et
843 1838 978 1879 Pollux,
993 1838 1127 1869 demum
1150 1842 1226 1878 post
1248 1842 1389 1868 mortem
1412 1838 1500 1868 inter
1522 1838 1615 1869 Deos
1639 1839 1716 1867 sunt
1737 1834 1859 1872 relati;

477 1899 590 1922 verum
616 1891 757 1931 populus
782 1895 858 1922 tuus
885 1890 948 1922 tibi
977 1890 1051 1921 vivo
1067 1889 1196 1920 divinos
1222 1889 1338 1920 tribuit
1361 1889 1525 1927 honorem
1546 1893 1646 1929 atque
1662 1888 1696 1918 in
1710 1887 1774 1918 hoc
1793 1895 1860 1917 uno

477 1951 601 1982 genere
628 1947 720 1974 recte
743 1942 861 1982 sentit,
882 1942 914 1973 in
939 1941 1048 1982 poe'tis
1072 1941 1276 1973 aestimandis
1305 1946 1416 1972 autem
1432 1950 1451 1972 a
1467 1950 1546 1972 vero
1561 1945 1598 1971 et
1611 1948 1706 1980 aequo
1731 1938 1860 1970 recedit

477 1994 588 2033 longe.
633 1993 734 2029 Nam,
749 1994 872 2034 spretis
889 1993 1142 2032 recentioribus,
1155 2002 1220 2024 non
1237 1993 1301 2023 nisi
1323 1992 1583 2032 antiquissimos,
1596 1992 1688 2022 velut
1707 1991 1860 2028 Ennium,

477 2045 646 2080 Navium,
672 2045 869 2085 Pacuvium,
893 2044 1046 2085 Accium,
1070 2044 1255 2080 Afranium,
1282 2044 1453 2082 Plautum,
1476 2043 1661 2077 Caeeilium,
1686 2041 1802 2072 laudnt
1824 2045 1860 2072 et

477 2097 569 2137 legit.
612 2097 789 2128 Interdum
813 2097 947 2138 quidem
977 2102 1071 2128 recte
1091 2097 1245 2137 judicat;
1269 2096 1328 2128 sed
1355 2095 1437 2126 ferri
1461 2104 1525 2126 non
1550 2098 1674 2135 potest,
1703 2093 1731 2124 si
1756 2097 1860 2134 negat

477 2149 560 2180 vitia
575 2149 674 2189 plane
689 2148 754 2179 illis
775 2149 896 2184 inesse,
911 2153 970 2180 aut
986 2149 1028 2180 ob
1045 2150 1148 2180 solam
1170 2149 1406 2189 antiquitatem
1423 2148 1475 2178 vel
1494 2147 1537 2178 ob
1560 2156 1661 2177 unum
1674 2147 1858 2177 alterumve

478 2200 653 2241 eleganter
667 2200 795 2231 dictum
811 2200 966 2241 poemata
982 2209 1023 2232 ex
1040 2204 1113 2234 toto
1127 2199 1320 2240 magnifacit
1335 2209 1374 2230 ac
1390 2197 1543 2240 praefert,
1559 2202 1659 2239 atque
1674 2197 1722 2229 ita
1745 2206 1860 2228 recen-

478 2253 565 2284 tiora
579 2251 658 2284 odit.
703 2252 816 2284 Graeci
840 2262 937 2284 secus
963 2251 1131 2292 fecerunt,
1147 2253 1264 2293 quibus
1291 2252 1420 2283 novitas
1445 2251 1572 2292 placuit
1588 2251 1647 2290 ita,
1664 2254 1702 2281 ut
1726 2259 1860 2290 semper

477 2304 555 2335 novi
572 2304 697 2346 aliquid
718 2305 922 2337 molirentur.
966 2304 1067 2345 Apud
1084 2304 1263 2343 Romanos,
1278 2303 1334 2345 qui
1351 2304 1428 2335 olim
1446 2303 1527 2343 juri,
1542 2303 1590 2334 rei
1606 2301 1760 2334 familiari
1782 2311 1861 2342 ope·

478 2366 549 2388 ram
563 2355 740 2397 dederunt,
752 2366 838 2388 nunc
853 2360 980 2388 mutato
996 2356 1121 2396 studio,
1138 2356 1232 2396 pueri
1248 2359 1283 2386 et
1298 2359 1423 2395 patrem
1439 2354 1530 2386 docti
1546 2359 1581 2386 et
1603 2354 1730 2385 indocti
1747 2362 1862 2385 vet-sua

477 2408 641 2440 scribunt.
687 2408 762 2440 Hoc
788 2409 938 2440 studium
965 2409 1116 2440 insanum
1143 2413 1255 2440 tamen
1283 2407 1383 2439 habet
1411 2407 1482 2438 hoee
1512 2405 1706 2437 commoda:
1739 2404 1864 2446 poeta,

479 2460 578 2491 alieni
593 2460 636 2491 ab
651 2460 790 2492 avaritia
814 2464 850 2491 et
872 2458 1050 2492 fraudandi
1071 2459 1222 2500 libidine,
1238 2459 1353 2500 paucis
1377 2463 1454 2489 sunt
1477 2457 1652 2496 contenti;
1675 2466 1864 2489 sermonem

478 2511 623 2544 formant
646 2521 838 2552 puerorum,
851 2511 981 2553 fingunt
1002 2522 1122 2548 mores,
1145 2512 1306 2552 exemplis
1329 2511 1512 2549 instruunt,
1533 2509 1663 2550 hymnis
1689 2509 1863 2541 celebrant

480 2566 582 2596 Deos.
627 2564 737 2595 Prisci
749 2563 907 2604 agricolae
923 2564 998 2596 olim
1011 2564 1188 2605 quotannis
1204 2567 1355 2604 tempore
1365 2561 1451 2594 festo
1463 2561 1646 2593 cantabant
1654 2561 1863 2597 Fesceninna

481 2617 650 2655 carmina;
672 2625 746 2657 quae
766 2625 842 2647 cum
863 2616 960 2647 nimis
975 2621 1090 2647 essent
1111 2615 1294 2653 mordacia,
1310 2619 1429 2654 postea
1450 2622 1550 2654 poena
1571 2612 1641 2644 lata
1661 2611 1704 2642 ad
1728 2611 1863 2643 benedi-

479 2667 624 2698 cendum
640 2672 716 2698 suut
730 2667 878 2699 redacta·
921 2668 1104 2708 Postquam
1127 2666 1260 2697 tandem
1278 2665 1419 2697 Romani
1443 2665 1639 2696 Graecorum
1655 2663 1767 2694 literas
1781 2671 1861 2703 cog-

480 2723 657 2757 noverunt,
672 2718 782 2758 poesis
797 2720 931 2760 quidem
954 2719 1076 2751 cultior
1090 2724 1140 2750 est
1164 2718 1266 2757 facta,
1283 2722 1318 2748 et
1333 2716 1480 2756 inprimis
1495 2714 1701 2754 Tragoedias.
1722 2713 1763 2744 ad
1780 2723 1861 2754 qua·

482 2770 577 2801 Rom.
604 2770 774 2809 ingenium
800 2775 851 2801 est
879 2771 1002 2812 aptius,
1027 2770 1174 2802 scribere
1212 2773 1399 2811 coeperunt,
1430 2766 1493 2800 sed,
1519 2765 1626 2799 minus
1654 2764 1867 2802 emendatas.v
