1916 3262
340 283 450 326 1228
802 298 844 334 Q.
876 296 1081 325 nonam
1116 298 1282 329 nacci

340 386 482 428 Recte
502 387 617 428 facta
636 387 783 439 refert3
814 388 995 429 orientia
1015 392 1212 442 tempora
1232 394 1348 433 notis
1674 391 1755 432 130

337 452 516 492 Instruit
535 454 771 505 exemplis;
802 453 980 505 inopem
1002 454 1165 494 solatur
1183 458 1224 494 et
1244 469 1417 508 aegrum.

338 517 486 558 Castis
507 530 606 557 cum
628 519 774 570 pueris
794 519 942 571 ignara
962 519 1111 571 puella
1130 521 1270 561 mariti

339 583 538 623 Disceret
559 583 671 623 unde
692 597 857 636 preces,
879 587 1023 626 vatem
1037 584 1081 624 ni
1102 584 1234 626 Musa
1253 586 1473 628 dedisset?

338 648 491 688 Poscit
509 661 634 700 opem
654 649 825 699 chorus,
846 654 890 690 et
907 649 1142 702 praesentia
1161 652 1329 691 numina
1348 652 1503 703 sentit3

338 711 551 752 Coelestes
571 713 770 765 implorat
789 726 925 767 aquas
944 714 1072 754 docta
1091 726 1220 766 prece
1241 715 1448 767 blandus3

339 777 511 818 Avertit
530 779 719 827 morbos,
740 780 966 820 metuenda
987 779 1182 831 pericula
1201 781 1346 833 pellit;

337 842 546 895 Impetrat
564 848 608 884 et
627 857 793 896 pacem,
813 849 855 885 et
870 845 1131 898 locupletem
1151 846 1343 898 frugibus
1363 858 1520 886 annum
1537 859 1548 887 :

339 907 539 949 Carmine
564 908 621 949 Di
641 911 785 963 superi
805 911 1048 964 placantur,
1068 912 1259 952 carmine
1282 911 1453 953 Manes.

1673 716 1755 757 135

334 1024 415 1055 clare
431 1029 518 1062 gesta
547 1030 674 1057 narrat:
696 1029 819 1058 «etatem
837 1030 1016 1066 praesentem
1042 1027 1180 1058 instituit
1206 1029 1350 1067 exemplis
1373 1028 1564 1069 proeteritis:
1586 1027 1757 1060 consolatur

331 1073 496 1105 pauperem
509 1071 539 1098 et
555 1068 750 1098 laborantem.
799 1069 886 1099 Unde
901 1078 971 1100 vero
992 1070 1123 1108 innupta
1137 1071 1359 1100 adolescentula
1378 1074 1409 1100 et
1422 1070 1509 1110 pueri
1525 1070 1629 1109 pudici
1641 1070 1758 1109 accipe-
1805 1103 1808 1106 ⁴

335 1110 404 1137 rent
415 1108 612 1145 precationes,
627 1109 688 1139 nisi
704 1109 805 1139 Musae
819 1110 939 1148 poetam
963 1111 1124 1141 donassent
1138 1114 1151 1140 2
1171 1111 1278 1141 chorus
1297 1111 1447 1142 auxilium
1457 1111 1551 1151 petit,
1567 1115 1599 1142 et
1615 1111 1759 1148 faventes

324 1146 420 1183 ,Deos
433 1148 660 1188 animadvertit,
667 1150 798 1190 flagitat
809 1151 930 1189 pluvias
941 1151 1048 1182 blande
1063 1156 1094 1182 et
1108 1151 1169 1182 rite
1179 1152 1352 1192 supplicans
1361 1162 1374 1188 ,·
1395 1153 1508 1184 avertit
1518 1153 1645 1187 morbos,
1659 1153 1758 1182 arcet·

335 1196 392 1225 que
406 1190 486 1219 mala
505 1190 730 1228 impendentia:
750 1201 854 1230 pacem
875 1190 988 1222 obtinet
1016 1196 1107 1231 atque
1133 1202 1247 1223 annum
1267 1193 1417 1231 frugibus
1441 1193 1656 1225 abundantem.
1697 1190 1759 1223 Dii

335 1230 439 1268 superi
460 1232 594 1262 carmine
613 1233 788 1272 placantur,
816 1243 931 1264 necnon
954 1237 985 1264 et
1007 1234 1103 1272 inferi
1117 1244 1128 1264 .·
1147 1235 1270 1274 antiqui
1292 1235 1436 1274 agricolae
1459 1234 1576 1266 robusti
1598 1238 1629 1266 et
1651 1233 1759 1274 paucis

931 1314 1007 1326 om
1010 1315 1064 1327 eoo
1067 1315 1163 1327 ‘0000

338 1372 378 1394 11.
393 1362 465 1394 Sat.
480 1366 510 1394 3.
527 1366 599 1395 127.
622 1370 656 1395 et
672 1374 696 1396 1.
722 1366 832 1404 Epist.
848 1368 899 1397 15.
915 1369 1075 1397 37.-130
1098 1367 1178 1398 Vat.
1196 1370 1247 1398 19.
1263 1376 1346 1397 unns
1362 1366 1553 1404 Pulmanni,
1568 1370 1604 1397 et
1617 1366 1757 1396 Venett.

339 1406 432 1435 1481.
451 1407 541 1436 1490.
558 1406 774 1437 noctis.--133
802 1407 928 1438 Diceret
943 1408 1172 1439 Schoenborn.v
1185 1411 1216 1441 3.
1253 1408 1316 1438 nisi
1330 1407 1422 1438 Musa
1443 1407 1539 1438 Harl.
1555 1409 1588 1437 6.
1614 1406 1678 1436 duo
1701 1415 1758 1446 ap.

338 1446 468 1475 Valart.
494 1446 607 1477 Zarot.
625 1450 718 1477 1470.
742 1449 822 1479 Vet.
838 1449 952 1480 Comb.
971 1450 1107 1479 Venett.
1122 1451 1214 1480 1481.
1232 1451 1325 1479 1483.
1344 1451 1437 1480 1486.
1454 1450 1546 1479 1490.
1563 1449 1657 1479 1492.
1683 1447 1758 1478 Flo·

339 1490 426 1517 rent.
452 1489 544 1518 1482.
569 1493 602 1518 et
627 1489 722 1520 Jnnt.
742 1491 942 1521 1503.-134
967 1490 1192 1520 Schoenborn.
1215 1493 1245 1520 3.
1271 1490 1397 1521 numina
1410 1489 1619 1520 sortia—135
1643 1488 1759 1519 Codex

338 1528 551 1567 Bersmanni,
572 1539 642 1568 opes
654 1531 753 1560 docta.
789 1531 902 1561 Bentl.
919 1531 953 1561 in
970 1531 1067 1561 Curis
1084 1531 1218 1562 Noviss.
1238 1530 1331 1562 delet
1358 1530 1660 1569 interpunctionem
1683 1533 1760 1568 post

339 1568 474 1607 blandus,
489 1579 630 1608 eumque
646 1577 779 1601 secutus
797 1571 899 1602 Kidd.
916 1581 1013 1602 nemo
1029 1574 1317 1611 praeterea.—136
1340 1571 1482 1603 Advertit
1495 1571 1573 1602 Vnt.
1587 1573 1637 1601 19.
1658 1570 1758 1600 Ater-

338 1610 380 1639 tit
401 1610 517 1639 nimbos
539 1611 618 1642 Vat.
635 1612 746 1642 Pal-at.
761 1616 791 1643 4.
825 1614 961 1652 pericula
977 1614 1056 1643 tollit
1072 1613 1180 1644 codex
1197 1613 1412 1650 Bersmanni3
1436 1618 1471 1643 et
1490 1612 1537 1643 sic
1562 1611 1667 1643 edidit
1693 1612 1759 1642 Cu-

337 1650 427 1690 ning.
444 1660 483 1680 ex
499 1651 746 1691 ingenim—137
771 1654 850 1684 Vat·
866 1655 976 1685 Palat.
992 1657 1022 1685 3.
1039 1664 1144 1694 pacem
1157 1655 1448 1694 locupletem—138
1469 1653 1530 1684 Dii
1543 1653 1646 1693 superi
1660 1653 1758 1683 Bam·

977 1737 1120 1769 NOTAE

338 1796 530 1835 concinnos,
567 1806 685 1837 saevos,
714 1798 814 1829 duros
840 1799 1025 1840 corrigens,
1077 1797 1140 1833 cia,
1156 1798 1347 1829 sacerdotes
1362 1801 1472 1828 autem
1486 1796 1654 1837 Aquilices
1669 1796 1760 1827 dice-

338 1844 490 1881 flectens,
506 1846 539 1876 in
555 1847 671 1877 melius
689 1846 845 1879 formans.
1078 1845 1211 1877 bantur.
1246 1847 1387 1876 Tertull.
1417 1845 1594 1885 Apologet.
1617 1854 1694 1884 cap.
1707 1848 1762 1876 40.

381 1896 442 1924 130
454 1894 640 1932 Rectesacta
652 1895 761 1935 refert]
781 1897 946 1936 Majorum
959 1897 1025 1927 vir·
1082 1894 1273 1934 ‘Aquilicia
1294 1894 1374 1926 Jovi
1402 1894 1592 1934 immolatis,
1620 1894 1760 1934 nudipe-

339 1945 429 1972 tutes
452 1946 488 1972 et
510 1943 645 1982 egregia
661 1942 811 1975 facinora
827 1955 1026 1976 commemo.
1077 1942 1167 1973 dulia
1182 1943 1306 1983 populo
1321 1942 1545 1973 denuntiatis:
1569 1942 1646 1973 Huc
1657 1943 1759 1973 etiam

339 1993 404 2027 rat,
420 1989 538 2029 quibus
562 1992 656 2029 pueri
679 1991 719 2021 ad
741 1991 957 2023 imitationem
972 2002 1025 2024 ae·
1077 1991 1224 2029 pertinet
1239 1990 1326 2030 quod
1343 1990 1460 2021 scribit
1473 1991 1580 2021 Varro
1591 1999 1634 2022 ιι.
1646 1991 1688 2021 de
1701 1991 1760 2022 Vi-

339 2036 538 2068 cendantur.
1018 2030 1021 2033 ’
1078 2042 1113 2068 ta
1131 2047 1210 2077 pop.
1226 2038 1320 2069 Rom.
1340 2038 1349 2055 ‘
1369 2037 1511 2068 Manalis
1526 2038 1611 2077 lapis
1627 2037 1660 2068 in
1678 2047 1760 2077 pon-

383 2085 528 2116 Orientia
539 2089 670 2125 tempora
684 2087 766 2117 notis
780 2087 914 2119 Instruit
924 2098 1024 2119 exem-

337 2133 412 2174 plis]
435 2135 487 2164 Ex
503 2139 580 2164 ante
608 2135 692 2165 bene
713 2135 811 2166 factis
827 2137 929 2167 docet
944 2137 1024 2177 quid

338 2191 426 2213 nunc
444 2182 488 2212 sit
509 2183 685 2222 agendum,
700 2184 778 2224 quid
795 2184 928 2224 deceat,
946 2185 1026 2225 quid

337 2229 438 2260 laude
454 2229 589 2270 dignum
606 2241 678 2262 esse
696 2232 867 2264 videatur:
884 2242 925 2264 ex
940 2243 1023 2274 prae-

337 2279 449 2310 teritis
466 2280 646 2319 praesentia
660 2280 865 2312 moderatur.

382 2330 442 2359 133
465 2328 594 2368 Preces]
629 2328 777 2368 Hymnos
806 2330 840 2360 iu
864 2330 1023 2361 honorem

338 2377 500 2412 Deorum,
515 2377 657 2408 maxime
670 2387 748 2407 vero
762 2377 931 2409 Saeculare
943 2379 1024 2410 Car·

338 2436 414 2458 men
429 2426 462 2456 in
480 2425 583 2457 Ludis
595 2426 816 2457 Saecularibus
828 2427 957 2458 cantari
973 2436 1026 2458 so-

337 2476 434 2507 litum
449 2485 468 2506 a
485 2475 596 2515 pueris
612 2485 651 2506 nc
666 2475 863 2515 virginibus.
887 2475 940 2507 De
953 2476 1025 2517 qui-

337 2524 398 2555 bus
413 2533 473 2554 suo
488 2524 563 2554 loeo
578 2523 705 2554 dictum
721 2529 784 2555 est.

380 2574 442 2602 134
459 2570 591 2612 Chorus]
606 2571 790 2602 Puerorum
806 2575 842 2603 et
859 2571 1022 2613 virginum

339 2618 482 2650 Carmen
497 2620 669 2650 Saeculare
684 2621 891 2652 canentium.
975 2615 977 2618 ¹

382 2669 442 2697 135
456 2667 599 2698 Ccelestes
608 2668 750 2708 implorat
757 2669 867 2708 aquas]
882 2669 923 2700 In
934 2679 1024 2710 mag-

338 2723 383 2746 na
394 2715 549 2745 siccitate
564 2724 659 2746 sacra
672 2716 787 2747 Romae
799 2716 924 2748 fiebant
932 2718 1024 2758 Jovi,

338 2762 380 2794 ad
394 2762 590 2794 eliciendam
613 2764 778 2803 pluviam:
803 2775 878 2806 quae
894 2765 1023 2807 Aquili-

1077 2085 1254 2117 tificalibns
1282 2085 1384 2116 sacris
1406 2089 1571 2124 movetur,
1589 2095 1664 2116 cum
1687 2087 1759 2126 plu-

1076 2134 1140 2165 viae
1155 2133 1385 2174 exoptantur!
1417 2134 1498 2164 Rem
1513 2134 1663 2173 explicat
1678 2135 1759 2165 Fes-

1077 2186 1147 2213 tus:
1186 2183 1196 2200 ‘
1213 2181 1403 2220 Manalem‚'
1431 2181 1549 2222 inquit,
1585 2180 1758 2222 ‘lapidem

1076 2230 1242 2262 vocabant
1257 2235 1386 2270 petram
1402 2230 1580 2270 quandam,
1595 2240 1670 2271 quae
1687 2234 1760 2261 erat

1076 2284 1174 2310 extra
1202 2283 1331 2319 portam
1355 2279 1521 2318 Capenam
1539 2279 1638 2318 juxta
1651 2279 1759 2310 aedem

1077 2329 1219 2365 Martis;
1241 2337 1339 2368 quam
1361 2337 1436 2358 cnm
1458 2331 1598 2367 propter
1621 2327 1758 2358 nimiam

1075 2377 1265 2408 siccitatem
1278 2377 1309 2407 in
1322 2376 1437 2408 urbem
1451 2376 1699 2416 protraherent,
1711 2375 1762 2407 in-

1076 2425 1277 2465 sequebatur
1292 2424 1405 2464 pluvia
1420 2423 1558 2455 statim!

1119 2477 1182 2505 136
1203 2473 1330 2505 Avertit
1356 2473 1483 2511 morbos,
1509 2472 1578 2512 ξω]
1615 2472 1700 2503 Haee
1723 2476 1759 2503 et

1074 2526 1190 2555 cetera
1214 2523 1326 2563 legere
1349 2526 1401 2555 est
1422 2523 1457 2554 iu
1472 2521 1627 2553 Carmine
1647 2520 1759 2553 Saecu-

1073 2571 1147 2603 lari.

1117 2623 1179 2652 138
1203 2620 1326 2661 Manes]
1352 2620 1398 2652 Hi
1421 2627 1542 2651 nocere
1570 2618 1758 2650 viventibus

1075 2669 1314 2706 credebantur,
1326 2669 1388 2702 nisi
1412 2669 1636 2710 placarentur.
1673 2666 1758 2700 Vide

1078 2717 1186 2763 Epod.
1202 2726 1235 2749 v.
1246 2719 1299 2749 94.
