1890 3230
357 276 467 318 1720

359 387 454 419 aqua,
474 379 580 409 mulso
603 376 759 418 (ὑδρόμελι
774 380 895 408 vocant
910 377 1041 417 Graeci)

359 426 550 457 utebantur.
597 425 644 455 At
658 424 828 455 liberalior
843 425 970 460 Catius,
985 426 1041 466 qui

359 473 492 512 οἰνόμελι
505 472 637 513 quidem
652 482 717 503 non
730 473 882 513 damnat,
894 474 952 505 sed
966 474 1042 505 vino

360 522 507 552 molliore
522 520 641 552 confici
663 521 674 538 ‘
687 521 923 561 promulsidem
935 522 944 535 '
958 531 1043 562 prae-

361 570 457 610 cipit.
500 570 575 601 Qua
589 570 623 600 in
639 579 675 600 re
697 570 760 601 hoc
782 580 912 611 quoque
937 568 1045 601 obiter

363 616 562 656 addendum,
574 627 592 648 a
606 618 712 657 prima
726 618 783 649 illa
799 619 932 658 potione
944 619 1045 649 etiam

358 662 503 705 ‘primum
520 675 624 696 coenae
641 670 784 706 partem,
803 676 899 708 quarn
926 667 936 683 ‘
952 671 1046 698 ante-

362 713 508 744 coenam’
537 715 687 754 appellat
715 716 922 755 Macrobius,
950 716 1047 757 (Itali

364 771 452 792 nunc
474 762 676 803 antipastam)
706 764 940 803 promulsidem
965 774 1046 805 quo-

365 821 430 849 que
460 813 581 843 vocari.
633 814 643 829 ‘
661 813 780 844 Coena'
805 824 886 854 ergo
914 815 1046 854 proprie

359 861 474 900 -ipsum
490 859 593 891 coenae
610 870 730 900 corpus
745 867 810 899 est,
821 863 907 893 inter
929 867 938 879 ‘
956 867 1049 892 ante-

365 909 511 940 coenam’
527 919 585 939 seu
606 914 614 927 ¹
632 910 884 948 promulsidem’
906 915 941 941 et
956 912 965 927 ⁴
980 910 1049 940 bel·

367 956 472 987 laria.'
513 956 601 986 Vide
618 957 770 987 Macrob.
785 958 919 988 Saturn.
930 967 985 989 111.
999 961 1050 988 13.

369 1005 457 1035 Tor-r.
488 1004 577 1035 Fortz'
591 1005 736 1044 Falerno]
749 1005 890 1036 Austero
901 1006 1050 1037 Falerno.

408 1055 451 1083 26
474 1052 592 1092 Mulso]
615 1053 801 1084 Melicrato.

409 1104 450 1132 27
474 1102 647 1141 Ρνοὶιιενίε]
670 1102 815 1132 Verbum
833 1102 1053 1142 aptissimum,

370 1162 435 1193 qua
457 1153 523 1183 vim
548 1153 636 1183 illam
659 1154 766 1184 mellis
784 1155 816 1184 in
831 1155 1054 1195 abstergendo

370 1202 548 1243 siguificat,
574 1204 679 1234 minus
705 1203 792 1234 haud
817 1204 917 1236 dubie
943 1204 1054 1236 effica-

371 1260 457 1287 cem,
472 1251 580 1282 sivini
595 1252 704 1283 obstet
722 1253 908 1284 austeritas.
939 1253 1054 1294 Atque

370 1301 421 1331 ita
437 1309 460 1331 ι.
472 1301 544 1332 Sat.
559 1305 589 1332 5.
610 1303 618 1319 ‘
631 1302 739 1333 Multa
757 1304 907 1342 prolutus
922 1304 1055 1344 vappa!

374 1350 515 1381 Torreat.
571 1351 608 1381 Si
635 1352 713 1381 dura
740 1351 840 1391 alvus]
875 1353 908 1382 Si
938 1356 1055 1383 venter

373 1407 446 1429 sese
462 1408 525 1429 non
540 1404 712 1430 exoneret.

415 1449 457 1477 28
480 1446 628 1486 Mitulus]
651 1448 707 1478 Sic
730 1449 845 1488 optimi
863 1449 985 1490 quique
1001 1459 1055 1481 co-

374 1493 477 1524 dices.
521 1496 624 1525 Recte
650 1499 760 1528 autem
786 1497 827 1526 de
854 1497 1056 1535 promulside

374 1552 485 1582 agens,
510 1544 518 1559 ‘
536 1542 697 1573 conchas'
713 1543 883 1583 adjungit;
906 1553 979 1575 uam
994 1545 1055 1575 ini-

375 1591 423 1620 tio
450 1591 563 1620 utilius
595 1595 772 1629 ponuntur.
826 1592 937 1623 Quare
966 1592 1055 1632 apud

374 1638 584 1668 Macrohinm
613 1647 746 1678 quoque
776 1645 979 1669 antecoenam
1008 1640 1056 1670 in-

375 1690 511 1716 struunt
539 1685 647 1715 echini
683 1690 718 1716 et
753 1690 893 1716 ostreae:
931 1687 1058 1718 lubrica

376 1735 463 1765 enim
493 1739 583 1772 sunt,
606 1739 642 1765 et
671 1736 781 1765 alvum
808 1741 960 1767 movent:
983 1746 1056 1778 quae

376 1783 483 1814 virtus
511 1788 622 1814 tamen
646 1793 712 1814 non
737 1788 806 1814 tam
829 1785 932 1823 carni,
962 1794 1058 1825 quam

377 1840 477 1861 succo
494 1831 541 1861 illi
558 1832 773 1872 salsuginoso,
793 1833 825 1863 in
850 1843 915 1872 quo
931 1838 1060 1873 natant,

376 1879 505 1920 (Graeci
527 1878 606 1918 ὠμὸν
630 1880 767 1921 vocant)
790 1882 995 1918 attribuitur,
1009 1883 1059 1913 id-

378 1937 443 1968 que
456 1929 608 1960 universo
623 1929 670 1960 illi
681 1930 795 1968 generi
807 1938 978 1962 commune
991 1936 1059 1963 est:

374 1976 592 2018 juvatmque,
611 1977 639 2008 si
662 1987 735 2008 cum
759 1978 908 2018 lapatho,
921 1979 991 2010 sive
1008 1989 1060 2011 ru-

380 2026 478 2066 mice,
493 2031 529 2057 et
542 2026 631 2066 vino,
646 2027 786 2058 maxime
810 2027 898 2067 albo,
917 2038 1061 2070 coquan-

380 2079 460 2111 tur;
489 2079 577 2105 teste
605 2075 707 2106 etiam
732 2075 898 2107 Athenaeo
925 2077 982 2108 lib.
1007 2086 1062 2108 ιιι.

380 2121 460 2152 Pet.
474 2122 603 2153 Victor.
626 2131 682 2154 111.
710 2126 760 2154 13.
805 2125 939 2155 Mutilus
961 2125 1062 2156 scribi

381 2169 508 2200 debere
537 2175 671 2202 censet:
696 2172 771 2202 ideo
797 2173 949 2211 maxime,
973 2173 1061 2213 quod

384 2218 519 2249 Tellinas
553 2218 689 2249 Graec.
722 2219 827 2249 dictas
855 2229 875 2249 a
910 2220 1062 2251 Romanis

381 2266 514 2304 μύτλους
528 2267 638 2298 vocari
653 2267 699 2297 ait
716 2267 905 2299 Athenaeus.
938 2269 1063 2300 Verum

384 2317 441 2347 alii
461 2315 607 2346 ‘mituli’
630 2325 727 2356 quam
749 2318 758 2333 ‘
776 2317 924 2356 tellinae‚’
948 2322 985 2348 ut
1009 2328 1063 2349 vo-

382 2364 458 2395 lunt
472 2364 508 2403 ii,
524 2364 578 2404 qui
591 2368 703 2395 nostra
722 2369 824 2396 aetate
849 2365 1064 2406 diligentissi-

384 2422 438 2443 me
466 2413 509 2444 de
539 2412 685 2453 piscihus
713 2413 889 2454 scripsere.
932 2415 1065 2447 Mitulus

385 2462 519 2493 omnino
549 2462 700 2493 Latinum
723 2471 841 2493 nomen
865 2466 934 2494 est:
958 2473 1063 2505 neque

386 2512 475 2543 aliud
501 2513 648 2543 occurrit
669 2521 736 2552 quo
760 2512 770 2529 ‘
784 2512 933 2543 tellinae'
957 2515 1065 2554 aptius

386 2560 615 2592 nominentur:
648 2570 723 2601 quae
751 2560 919 2601 hodieque
947 2570 1065 2593 nomen

387 2613 525 2640 servant
549 2612 585 2639 et
611 2608 752 2648 plurimo
779 2608 812 2638 in
839 2618 899 2639 usu
925 2609 1067 2642 incoctae

386 2658 475 2688 vino.
520 2657 617 2689 Quod
633 2661 744 2688 autem
758 2657 801 2688 de
816 2657 970 2698 ‘lapatho
981 2659 990 2672 '
1011 2660 1069 2690 ad·

389 2705 586 2744 ‹titur-,nihil
604 2713 742 2736 necesse
764 2710 817 2736 est
839 2706 885 2736 ita
906 2707 1068 2748 interpre-

390 2753 464 2787 tari,
477 2753 572 2794 quasi
583 2755 594 2773 ⁴
608 2753 778 2786 conchula
789 2753 798 2768 '
813 2756 923 2786 ventri
938 2765 1070 2789 moven-

803 286 943 317 NOTA-2
975 283 1124 316 vARlo
1134 286 1235 316 RUM
1269 286 1320 317 IN

1089 377 1132 408 do
1148 387 1207 417 per
1231 387 1267 408 se
1288 387 1352 409 non
1371 377 1550 417 sufficiant,
1566 377 1642 408 ideo
1657 377 1768 418 ‘lapa-

1090 427 1165 458 tho’
1182 427 1422 468 incoquendae3
1438 432 1574 458 movent
1585 426 1768 471 euim-inq

1091 480 1202 507 movet
1231 481 1266 506 et
1295 478 1304 494 ‘
1322 477 1512 516 lapathum:
1540 476 1636 516 cujus
1660 475 1772 515 plures

1092 534 1164 555 esse
1188 525 1318 564 spectes
1336 525 1446 567 Epod.
1463 533 1504 555 ιι.
1519 523 1680 555 diximus:
1703 531 1772 554 mo·

1093 577 1152 603 vet
1167 573 1312 614 denique
1325 573 1335 590 ‘
1348 574 1450 604 Coum
1465 571 1597 610 album,'
1611 570 1698 612 quod
1712 571 1774 603 Ca·

1093 625 1130 651 to
1158 630 1287 662 quoque
1316 630 1376 652 nos
1399 621 1532 652 docuit:
1557 623 1594 651 ut
1615 619 1642 650 οἰ
1663 619 1774 650 omnia

1094 669 1167 700 liaec
1193 670 1287 700 simul
1311 670 1522 703 misceantur,
1537 667 1717 698 verendum
1731 676 1774 698 ne

1095 717 1242 749 convivae
1258 717 1300 748 de
1316 727 1411 749 coena
1426 722 1584 756 surgant:
1608 725 1710 757 quare
1730 716 1776 747 la-

1093 768 1219 807 pathum
1241 777 1315 798 cum
1335 768 1397 798 Coo
1419 766 1565 807 disjungi
1588 776 1608 796 a
1627 764 1778 798 conchuli-

1096 818 1217 847 malim.
1242 818 1363 848 Lector
1374 817 1516 856 cogitet.
1538 814 1675 846 Leviter
1687 814 1775 845 enim

1096 870 1233 895 movent
1247 865 1388 904 singula,
1399 873 1462 894 nec
1477 872 1631 903 magnum
1645 863 1679 893 in
1693 863 1777 893 mix-

1098 913 1187 943 tione
1204 913 1397 952 perieulum.
1421 913 1561 942 Torrent-
1605 911 1681 943 Vid.
1696 912 1779 942 Tur-

1099 960 1174 991 neb.
1191 969 1214 990 ι.
1228 962 1281 990 24.
1314 959 1462 999 Mitulus]
1482 959 1662 989 Musonius.
1677 959 1779 999 Angl.

1099 1018 1117 1038 a
1144 1009 1265 1039 muscle.
1322 1008 1364 1038 Et
1386 1007 1460 1037 viles
1483 1005 1612 1046 pellent]
1634 1007 1779 1038 Concha

1101 1057 1194 1096 parvi
1223 1055 1334 1096 pretii.
1390 1053 1568 1100 obstantia]
1590 1054 1639 1084 Ut
1664 1058 1782 1086 venter

1101 1115 1165 1136 non
1181 1106 1224 1135 sit
1239 1106 1345 1136 laxus.

1143 1156 1184 1184 29
1207 1154 1250 1184 Et
1271 1152 1387 1192 lapathi
1407 1152 1506 1182 brevis
1526 1150 1633 1190 herba]
1656 1151 1700 1182 Et
1728 1159 1782 1181 ru-

1102 1211 1192 1241 mex,
1219 1203 1333 1236 herba,
1363 1210 1439 1242 quae
1468 1201 1583 1231 brevia
1618 1203 1652 1231 et
1685 1204 1782 1231 scruta

1103 1251 1206 1282 habet
1227 1250 1319 1286 folia.
1336 1255 1486 1281 ventrem
1508 1249 1608 1280 etiam
1630 1252 1783 1280 evacuat.

1098 1300 1183 1340 coo]
1207 1299 1284 1331 Non
1299 1299 1370 1330 sine
1385 1299 1473 1338 vino,
1486 1298 1534 1329 nic
1556 1297 1648 1329 dicto
1669 1297 1711 1328 ab
1733 1297 1782 1328 in-

1104 1349 1176 1379 sula
1192 1348 1252 1380 Co.

1146 1400 1187 1427 30
1209 1397 1341 1428 Lubrica
1351 1398 1508 1427 nascentes
1521 1395 1646 1435 implent
1659 1394 1786 1436 conchy-

1103 1446 1146 1476 lia
1161 1445 1274 1485 Lunoe]
1295 1446 1390 1477 Idem
1407 1444 1606 1476 Aristoteles
1622 1444 1736 1482 tradit,
1750 1447 1787 1474 et

1104 1494 1152 1524 his
1169 1493 1279 1524 verbis
1293 1494 1395 1524 etiam
1410 1493 1539 1524 Plinius
1557 1502 1597 1524 ιι.
1617 1496 1671 1524 41.
1693 1493 1704 1510 ‘
1717 1492 1785 1523 Lu-

1097 1542 1177 1572 ‘nari
1188 1551 1306 1581 nempe
1316 1546 1484 1582 potestate
1496 1546 1694 1579 ostrearum,
1706 1540 1786 1572 eo'n-

1105 1591 1367 1631 clryliorumque,
1379 1595 1414 1622 et
1427 1591 1626 1622 concharum
1641 1590 1786 1621 omnium

1105 1648 1249 1678 corpora
1262 1639 1376 1678 angeri
1391 1648 1429 1670 ac
1441 1648 1550 1669 rursus
1566 1639 1691 1670 minui-¹
1715 1639 1787 1670 No-

1106 1687 1323 1726 tandnmque,
1337 1686 1525 1725 Horatium,
1539 1692 1575 1718 et
1589 1697 1662 1718 cum
1676 1689 1787 1719 alvum

1106 1735 1210 1765 levari
1223 1734 1357 1766 conchis
1369 1734 1464 1773 dicit,
1473 1739 1508 1766 et
1523 1738 1788 1768 cum'creseente

1107 1783 1186 1813 luna
1210 1782 1341 1822 impleri
1363 1783 1547 1823 conchylia,
1571 1788 1607 1815 et
1626 1793 1700 1814 cum
1723 1793 1788 1815 non

1108 1840 1204 1862 omne
1219 1839 1311 1861 mare
1333 1839 1527 1871 generosam
1548 1836 1668 1863 testam
1689 1832 1789 1872 ferre,

1108 1880 1157 1910 his
1172 1879 1343 1910 vocabulis
1358 1880 1546 1920 promiscue
1566 1881 1626 1912 nti.
1667 1881 1697 1912 E
1718 1882 1790 1922 qui-

1109 1928 1170 1959 bus
1193 1927 1321 1959 ‘testa’
1349 1928 1483 1967 quidem
1507 1929 1590 1960 nihil
1613 1929 1654 1960 ad
1683 1930 1791 1969 pisces

1110 1978 1244 2012 attinet,
1260 1987 1319 2008 usu
1332 1981 1445 2008 <tamen
1460 1977 1615 2017 obtinuit,
1630 1983 1667 2009 ut
1681 1988 1755 2019 quae
1771 1988 1792 2010 a

1110 2026 1198 2057 cutis
1213 2035 1270 2057 seu
1292 2026 1513 2066 integumenti
1534 2027 1644 2067 potius
1670 2027 1791 2058 duritie

1112 2075 1235 2105 Graece
1248 2074 1372 2113 ὀστρεῖα
1386 2081 1419 2105 et
1435 2074 1658 2116 ὀστρακόδερμα,
1673 2085 1792 2107 vocan-

1112 2128 1179 2163 tur,
1189 2133 1227 2154 ea
1237 2133 1323 2154 nunc
1335 2123 1407 2154 fere
1417 2125 1427 2141 ‘
1440 2129 1590 2155 testacea
1601 2125 1608 2138 ’
1625 2125 1793 2155 nominen-

1113 2176 1178 2207 tur,
1203 2172 1291 2211 quod
1329 2175 1425 2201 testae
1461 2172 1566 2201 instar
1598 2171 1681 2202 dura
1716 2173 1792 2202 sint.

1112 2218 1283 2250 Differunt
1299 2227 1376 2249 vero
1392 2218 1402 2234 ‘
1413 2218 1571 2257 conchae,'
1587 2219 1597 2236 ⁴
1609 2219 1741 2254 ostrea,'
1757 2225 1794 2251 et

1112 2267 1305 2306 ‘conchylia
1318 2266 1339 2304 3’
1369 2266 1458 2306 quod
1480 2267 1515 2296 ni
1537 2267 1586 2297 ita
1607 2273 1707 2306 esset,
1728 2277 1792 2299 non

1113 2321 1281 2356 tamquam
1310 2315 1443 2344 diversa
1478 2319 1619 2354 poneret
1651 2316 1792 2348 Plinius.

1111 2364 1255 2396 Turneb.
1280 2372 1304 2394 1.
1330 2365 1382 2393 24.
1409 2368 1443 2393 et
1465 2371 1542 2394 xxx.
1562 2366 1615 2395 21.
1655 2365 1795 2397 Tor-rent.

1112 2413 1244 2444 Lubrica
1277 2414 1432 2442 nascentes
1465 2411 1592 2450 implent
1626 2412 1796 2454 conchylia]

1115 2462 1296 2502 Conchylia
1310 2469 1470 2500 generosa
1481 2461 1639 2493 lubricam
1651 2462 1796 2495 reddunt

1115 2513 1233 2543 alvum.
1286 2509 1400 2550 Lunoe]
1440 2510 1535 2540 Luna
1570 2517 1799 2551 accrescente,

1115 2560 1286 2600 conchylia
1301 2559 1492 2599 implentur.
1534 2558 1628 2599 [Vat.
1649 2560 1744 2592 Rom.
1767 2564 1796 2593 l.

1113 2607 1290 2649 complent]

1157 2661 1194 2689 31
1222 2658 1384 2688 Generosae
1391 2655 1501 2693 fertile
1518 2657 1622 2697 tecte]
1646 2656 1795 2690 Genero-

1118 2717 1226 2740 sorum
1242 2711 1477 2738 testaceorum.

1159 2759 1199 2787 32
1221 2754 1342 2786 Murice
1369 2753 1489 2784 Baiano
1517 2753 1622 2784 melior
1647 2753 1795 2794 Lucrina]
