1916 3262
371 288 482 330 1430

371 398 439 426 cus.
455 393 492 422 et
507 394 603 423 vates
618 391 797 431 Satyricus.

413 442 431 470 3
467 439 506 471 In
544 440 652 480 terrie]
689 440 809 471 Plures
838 439 986 481 codices,
1020 440 1055 471 iu

370 491 464 520 terra.

410 540 431 569 4
453 538 635 579 Invidiaque
658 536 768 577 πιτύαν]
795 536 927 569 Invidia
952 537 1055 569 virtu·

370 591 439 619 tem
455 591 492 618 et
507 588 672 628 praeclara
687 586 835 619 facinora
848 588 972 626 omnia,
989 597 1055 619 non

370 635 470 667 aliter
492 644 590 675 quam
611 636 728 667 umbra
749 645 871 677 corpus
891 636 1055 674 sequitur.

369 684 456 715 Nam
482 694 548 726 quo
572 685 672 716 altius
697 685 768 726 quis
790 685 990 724 ascenderit,
1015 694 1056 716 eo

368 733 552 774 subjectior
563 739 615 766 est
630 734 777 767 invidiae.
808 735 951 766 Paribus
966 734 1056 766 enim

369 788 427 813 aut
451 792 514 814 uon
539 784 643 815 multo
667 784 913 816 sublimioribus
928 785 1056 815 invide-

367 842 452 864 mus.
487 833 591 874 Atqui
607 834 638 865 in
655 835 824 866 excelsum
837 836 925 866 elata
940 835 1057 874 virtus,

367 885 526 923 tanquam
542 887 640 914 extra
655 884 828 915 humanam
851 888 974 915 sortem
999 893 1056 924 po-

367 931 443 970 sita,
458 932 710 964 admirationem
732 934 842 972 potius
860 934 1003 972 excitat,
1019 938 1056 965 ut

365 980 535 1012 subtiliter
551 982 702 1022 disputat
715 982 818 1013 Arist.
831 982 928 1013 Ruet.
945 991 996 1013 xi.
1012 983 1055 1013 ad

366 1027 596 1061 Tlieodecten.
640 1029 738 1061 Adde
759 1039 810 1061 ιν.
833 1030 900 1062 od.
923 1034 954 1061 3.
981 1032 1053 1062 Tor-

365 1081 444 1108 rent.
489 1078 669 1118 Invidiaque
689 1078 802 1119 major]
827 1079 932 1119 Cujus
950 1081 1056 1120 gloria

367 1130 505 1165 superat
519 1126 689 1159 invidiam.

407 1177 425 1204 5
446 1174 544 1206 Urbes
558 1175 746 1216 relinquam]
770 1175 906 1208 AEthera
922 1181 1054 1217 petens.

366 1223 439 1254 Non
453 1233 509 1263 ego
527 1234 696 1265 pauperum
711 1225 861 1266 Sanguis]
878 1226 984 1259 Quasi
999 1227 1056 1258 ob-

366 1272 508 1303 scuritas
526 1278 702 1312 parentum
717 1273 810 1314 (erat
823 1275 911 1306 euim
927 1275 1057 1306 liberti-

364 1329 408 1351 no
424 1325 520 1361 putre
536 1321 651 1362 uatus)
674 1322 705 1352 ei
728 1323 808 1353 data
830 1324 923 1361 vitio,
937 1324 982 1354 sit
997 1324 1056 1354 im-

365 1369 575 1408 pedimento,
589 1380 655 1411 quo
669 1370 775 1401 minus
792 1372 949 1402 Romanis
965 1378 1057 1404 esset

366 1417 553 1448 celebrior:
573 1419 660 1459 quod
673 1419 754 1450 satis
769 1419 898 1451 iudicat
914 1429 964 1451 ιν.
979 1421 1057 1453 Ode

365 1468 396 1496 3.
419 1475 445 1498 1.
458 1466 530 1498 Sat.
552 1469 585 1498 4.
609 1475 646 1498 et
667 1471 719 1498 10.
744 1468 838 1508 Cruq.
882 1470 1057 1508 Puuperum

365 1515 584 1557 sanguis‚e5·c.]
599 1516 748 1557 Quippe,
761 1526 780 1548 o
792 1518 917 1549 dilecte
930 1519 1057 1550 Maece-

365 1572 439 1602 nas,
466 1573 530 1604 ego
553 1565 703 1605 quamvis
729 1575 913 1607 pauperum
937 1577 1058 1608 paren-

366 1618 437 1644 tum
453 1615 586 1653 sangnis
598 1619 634 1646 et
649 1615 736 1646 filius
750 1615 865 1657 (quem
879 1621 912 1648 et
925 1617 1056 1657 qualem

364 1666 402 1692 tu
418 1671 471 1692 me
487 1671 585 1694 vocas
599 1668 635 1695 et
649 1665 822 1704 appellare
845 1665 950 1706 soles)
967 1675 1054 1696 inor-

366 1714 436 1741 tem
465 1719 532 1742 non
561 1711 676 1752 obibo,
710 1722 813 1751 nunc,
847 1715 911 1744 ὅτε.
944 1714 1057 1745 ΙΛιὸἱιι.

366 1759 441 1790 Non
454 1769 510 1799 ego
528 1761 710 1801 pauperum]
733 1762 810 1793 Non
825 1771 889 1803 ego
904 1762 1055 1794 obscuris

366 1809 562 1848 parentibus
579 1820 650 1841 sum
665 1814 774 1842 ortus.

408 1860 429 1888 6
452 1858 526 1889 Non
547 1869 616 1898 ego,
637 1870 725 1901 quem
748 1860 853 1901 cocos]
875 1861 944 1893 Hic
965 1861 1059 1903 ordo,

365 1911 402 1939 et
419 1907 536 1940 horum
554 1909 730 1942 verborum
747 1920 866 1942 sensus
887 1912 968 1943 mibi
986 1923 1057 1954 prae

367 1958 504 2000 reliquis
522 1959 655 1999 placet:
671 1961 702 1992 O
716 1961 900 2001 Maecenas,
912 1971 976 2002 ego
992 1972 1057 1994 uon

367 2006 469 2038 obibo
499 2013 655 2046 mortem,
685 2016 782 2048 quem
809 2009 908 2050 (licet
932 2019 1058 2050 paupe-

366 2054 455 2093 rem)
487 2058 524 2085 tu
564 2063 676 2094 vocas,
713 2065 733 2086 o
761 2056 888 2087 dilecte
924 2057 1057 2089 Horati.

370 2103 470 2138 Quem
484 2113 572 2134 vocas
585 2104 709 2144 dilecte]
723 2103 785 2135 Ὃν
797 2106 913 2140 καλεῖς,
931 2104 954 2135 ὦ
971 2105 1056 2145 φίλε.

367 2151 445 2182 Hoc
458 2156 520 2190 est,
531 2161 631 2192 quem
645 2152 742 2183 amici
754 2153 888 2183 nomine
901 2153 1057 2193 dignaris.

373 2199 529 2231 Heinsius.
573 2200 696 2241 [Codd.
726 2210 782 2241 ap.
817 2201 940 2239 beck,
969 2212 1058 2242 quem

367 2249 594 2286 vetas...0bi1›o;
611 2250 674 2285 vel,
688 2259 775 2289 quem
793 2251 1025 2292 vetas...obire.]

410 2301 430 2329 8
453 2299 520 2330 Nec
534 2299 663 2340 Stygia]
685 2300 732 2330 Ut
759 2299 828 2338 alii,
847 2310 986 2342 quorum
1009 2300 1056 2333 fa-

366 2357 422 2378 ma
448 2357 522 2379 cum
549 2354 655 2380 morte
680 2348 823 2380 interiit.
876 2350 929 2381 De
952 2350 1058 2392 Styge

369 2396 446 2427 vide
463 2405 488 2428 ι.
504 2397 571 2428 Od.
584 2399 638 2429 ³3.

409 2448 432 2476 9
457 2446 626 2486 Residui]
653 2446 871 2486 Haerescunt,
897 2447 1058 2481 insidunt.

411 2497 452 2527 10
468 2495 583 2527 Album
597 2500 698 2527 mutor
710 2496 759 2537 in]
774 2498 828 2528 De
844 2506 954 2538 cygno
967 2499 1058 2540 loqui

368 2544 510 2577 Poetam
523 2546 686 2586 ostendit,
698 2546 787 2588 quod
802 2555 878 2578 mox
893 2548 1059 2588 sequitur,

368 2597 378 2610 '
402 2603 543 2626 canorus
573 2595 644 2626 ales
653 2595 676 2627 :‘
711 2600 748 2627 et
780 2605 860 2628 sane
888 2598 1059 2638 aptissima

369 2643 469 2680 cygni
496 2643 540 2674 ad
568 2643 704 2684 poetam
741 2647 949 2685 comparatio
981 2652 1057 2685 est;

368 2697 445 2719 nam
474 2696 510 2722 et
538 2692 649 2732 poetae
679 2694 711 2724 in
748 2693 915 2735 Apollinis
953 2697 1059 2727 tutela

371 2741 468 2775 sunt3
492 2743 528 2770 et
543 2743 642 2781 cygni
657 2751 792 2784 quoque
818 2743 850 2774 ei
874 2743 951 2776 Deo
971 2746 1058 2776 socri

372 2786 611 2829 perhibentur;
643 2800 708 2823 nou
739 2792 844 2824 solum
872 2793 916 2826 ob
941 2798 1059 2827 cautus

816 298 958 330 No'rAE
990 299 1251 331 VAmoRuM
1286 300 1338 331 IN

1102 392 1315 432 suavitatem,
1329 393 1387 424 sed
1405 392 1483 434 quia
1497 393 1547 424 uti
1563 393 1595 425 iu
1610 393 1730 435 poetic,
1741 396 1789 428 sic

1102 445 1138 473 et
1152 442 1186 473 iu
1201 442 1280 473 alite
1296 443 1354 474 illo
1370 443 1472 474 divini
1490 442 1614 484 aliquid
1629 453 1703 476 esse
1717 453 1788 476 cre-

1102 490 1205 522 ditur.
1230 490 1370 523 Tor-rent.
1413 493 1460 523 Et
1474 491 1651 523 Horatium
1667 492 1720 524 bic
1738 502 1791 524 re-

1102 540 1252 581 spexisse
1266 541 1309 572 nd
1328 541 1530 573 mutationes
1545 541 1790 582 Pythagoricus

1105 598 1124 620 a
1159 589 1304 621 Platone
1340 589 1543 630 celebratas,
1582 590 1794 622 Pulmanuus=

1105 643 1232 669 censet.
1255 639 1382 670 Turneb.
1397 648 1432 670 x.
1446 642 1498 670 22.
1541 639 1652 670 Μαίον’
1673 639 1708 671 in
1730 641 1790 672 uli·

1105 689 1165 717 tem
1179 686 1330 728 Superas]
1345 687 1462 720 Scribe
1477 697 1551 719 cum
1567 689 1715 728 Mureto,
1729 688 1790 720 Sn-

1102 746 1211 778 perna,
1224 738 1383 779 quicquid
1399 739 1516 770 dicunt
1531 739 1598 770 alii.
1638 738 1790 779 Super-uo,

1105 791 1159 818 est
1172 786 1214 818 τὰ
1227 785 1298 818 ἄνω.
1315 787 1477 819 Heinsius.
1508 788 1574 820 Sed
1591 787 1744 820 Lambin.
1755 794 1792 820 et

1104 835 1298 867 Torrentius
1308 836 1485 876 legendum
1498 845 1572 867 esse
1584 837 1791 868 contendunt

1106 884 1255 924 Super-ne,
1285 889 1323 916 ut
1358 890 1394 916 et
1426 885 1514 926 apud
1544 885 1639 926 Virg.
1661 885 1789 925 Georg.

1105 933 1115 950 ‘
1130 933 1207 964 Flos
1220 934 1369 974 apprime
1382 933 1504 973 tenax,’
1515 943 1582 966 nou
1594 935 1605 952 ⁸
1617 934 1791 974 apprimae

1106 982 1146 1012 In
1168 982 1289 1023 alitem]
1319 982 1359 1014 In
1386 992 1542 1024 cygnum.
1591 983 1736 1024 [Peuma
1760 986 1794 1013 ee

1107 1031 1271 1073 Guelph.]

1149 1083 1187 1111 11
1213 1081 1366 1122 Superna:
1387 1081 1624 1122 nascunturque]
1641 1080 1759 1111 Mutor
1773 1088 1794 1110 a

1106 1128 1258 1169 partibus
1274 1129 1509 1170 superioribus.

1151 1180 1189 1209 13
1206 1178 1363 1209 Doedaloeo
1375 1188 1466 1219 ocyor
1476 1176 1578 1218 [caro]
1596 1177 1709 1217 Ocyor
1719 1176 1794 1208 Ica-

1107 1235 1145 1257 ro
1160 1226 1294 1258 Daedali
1307 1226 1390 1266 filio,
1407 1227 1463 1267 qui
1481 1235 1545 1257 uns
1565 1235 1639 1257 cum
1661 1229 1757 1266 patre
1773 1235 1793 1256 a

1107 1276 1211 1307 Creta
1234 1275 1376 1316 fugiens,
1392 1275 1498 1307 fretus
1517 1275 1643 1306 alarum
1659 1273 1795 1313 fiducia,

1107 1325 1235 1355 decidit
1250 1325 1282 1355 in
1299 1334 1400 1356 mare.

1149 1375 1189 1403 1⁴
1213 1373 1373 1403 Gementis
1399 1374 1507 1419 littora
1535 1372 1682 1412 Bospori]
1711 1372 1796 1402 Bos·
1814 1407 1816 1409 ³

1106 1421 1202 1461 pbori
1223 1430 1373 1452 murmur
1393 1420 1595 1452 emittentis.
1638 1421 1690 1451 De
1711 1420 1794 1450 Bos-

1107 1469 1210 1509 phoro
1227 1469 1303 1499 vide
1318 1478 1418 1509 supra
1434 1467 1502 1499 Od.
1518 1470 1570 1499 18.

1149 1521 1187 1549 15
1211 1518 1322 1559 Syrtes
1338 1517 1485 1557 Getulaa]
1506 1517 1621 1558 Syrtes
1638 1515 1793 1556 Libycas,

1107 1567 1184 1598 vide
1201 1576 1226 1598 ι.
1243 1567 1311 1598 Od.
1326 1569 1380 1598 22.

1149 1618 1195 1647 16*
1212 1615 1303 1655 Ales]
1332 1616 1478 1656 Cygnus.
1525 1613 1795 1655 Hyperboreosque

1105 1664 1239 1705 campos]
1256 1666 1338 1696 Plus
1352 1665 1464 1695 dicere
1480 1672 1544 1695 nou
1559 1663 1794 1704 potuit,quam

1106 1712 1196 1744 fama
1222 1713 1324 1744 etiam
1349 1712 1583 1753 Hyperboreis
1610 1721 1684 1743 sese
1707 1712 1795 1743 cele-

1108 1761 1203 1792 brem
1228 1761 1389 1793 futurum.
1433 1761 1501 1794 Qui
1527 1765 1639 1792 autem
1658 1760 1707 1791 illi
1728 1761 1796 1792 sint

1109 1810 1238 1851 populi,
1262 1811 1336 1842 vide
1361 1811 1484 1841 Melam
1505 1813 1542 1840 et
1566 1809 1654 1841 Plin.
1674 1817 1726 1840 lv.
1742 1812 1796 1841 12.

1109 1859 1273 1891 Horatius
1289 1869 1350 1900 per
1363 1859 1494 1891 Getulos
1504 1858 1616 1900 Syrtes
1627 1861 1663 1890 et
1674 1857 1798 1899 Hyper-

1107 1909 1211 1942 boreos
1223 1918 1355 1949 compos,
1370 1913 1540 1940 extremas
1564 1908 1606 1939 ad
1623 1907 1796 1938 meridiem

1109 1963 1146 1990 et
1168 1959 1434 2000 septentrionem
1457 1962 1557 1989 terrae
1577 1966 1653 1988 oras
1674 1957 1798 1988 iutelli-

1108 2008 1171 2047 git,
1185 2008 1271 2038 ultra
1292 2016 1373 2046 quas
1390 2005 1550 2046 progredi
1573 2014 1637 2036 uon
1661 2005 1752 2044 ticet,
1769 2004 1797 2035 si

1107 2059 1256 2086 nostrum
1289 2053 1559 2093 hemisphaerium
1592 2053 1795 2092 complectu-

1107 2112 1191 2133 mur.
1210 2103 1348 2133 Tmene.
1383 2100 1653 2140 Hyperboreosque
1666 2099 1798 2140 comos]

1108 2153 1244 2184 Montes
1259 2151 1319 2182 sub
1336 2151 1424 2191 polo,
1439 2155 1473 2180 et
1489 2149 1627 2180 cardine
1643 2148 1720 2180 coeli
1736 2158 1794 2189 po-

1107 2200 1202 2239 sitos,
1215 2200 1304 2230 unde
1317 2200 1425 2239 spirat
1437 2199 1578 2236 Boreas,
1589 2197 1645 2228 ubi
1656 2197 1728 2228 dies
1742 2201 1795 2229 est

1107 2259 1166 2280 sex
1190 2248 1362 2287 mensium,
1387 2251 1422 2278 et
1443 2256 1510 2278 nox
1537 2246 1688 2286 totidem,
1708 2255 1795 2277 anno

1107 2299 1141 2330 in
1157 2299 1238 2330 duas
1254 2304 1367 2338 partes
1382 2297 1501 2328 diviso.

1151 2350 1191 2378 18
1213 2348 1330 2378 Marsa
1357 2346 1490 2377 cohortis
1517 2344 1640 2385 Dacus]
1671 2345 1796 2376 Marsas

1109 2402 1187 2429 sunt
1198 2387 1312 2438 populi
1324 2396 1446 2433 Italiae,
1457 2404 1539 2438 quos
1551 2395 1676 2435 Dacus,
1684 2404 1796 2436 quam-

1109 2448 1158 2478 vis
1173 2456 1291 2478 revera
1306 2446 1413 2485 timet,
1427 2444 1526 2485 fingit
1547 2449 1661 2476 tamen
1677 2453 1715 2476 se
1730 2453 1797 2476 non

1108 2496 1240 2527 timere.

1151 2549 1192 2578 19
1219 2546 1332 2578 Ultimi
1349 2543 1478 2584 Geloni]
1499 2543 1648 2584 Scythias
1667 2544 1795 2584 populi,

1108 2595 1186 2627 vide
1197 2605 1296 2636 supra
1308 2594 1377 2626 Od.
1386 2597 1419 2626 9.
1456 2593 1586 2625 Peritos
1598 2593 1696 2624 discet
1710 2593 1797 2632 Iber]

1108 2644 1250 2686 Antiqui
1266 2643 1365 2675 codd.
1389 2641 1491 2673 Hiber
1511 2642 1564 2672 vel
1584 2641 1694 2682 Hyber
1714 2639 1795 2671 scri·

1108 2694 1205 2726 bunt.
1254 2692 1323 2724 Sed
1348 2700 1451 2733 quare
1472 2691 1483 2709 ‘
1501 2688 1667 2732 peritum’
1694 2689 1794 2719 vocat

1108 2742 1290 2775 Horatius?
1313 2750 1355 2773 an
1381 2743 1519 2781 propter
1537 2739 1651 2778 longas
1664 2740 1701 2767 ot
1715 2735 1794 2766 assi-

1109 2791 1192 2824 duas
1227 2789 1468 2831 navigationes,
1497 2786 1615 2828 quibus
1650 2783 1793 2825 Hispani
