1982 3230
590 309 944 342 EmsronARUM
978 309 1075 340 mn.
1107 309 1138 339 1.
1172 298 1242 340 17.
1540 296 1653 340 1175

190 407 350 450 Nollet
366 406 642 461 Aristippus.
701 405 737 455 ῚῘ
755 406 805 448 Si
826 406 962 448 sciret
981 405 1157 458 regibus
1176 405 1255 455 uti,

190 475 431 517 Fastidiret
450 474 566 525 olus,
588 474 664 528 qui
683 483 754 515 m'e
771 478 910 516 notat.
968 472 1005 522 ἹῙ
1023 473 1178 515 Utrius
1198 473 1350 533 horum

185 541 341 585 Verba
360 542 520 597 probes
541 546 585 583 et
609 541 743 592 facta,
765 541 877 583 doce
894 555 904 594 ;
935 541 1006 582 vel
1017 540 1170 594 junior
1190 539 1309 590 audi,

186 609 279 652 Cur
296 610 353 651 sit
373 609 596 663 Aristippi
618 610 764 664 potior
786 609 1034 651 sententia:
1068 621 1259 662 namque

186 676 449 719 Mordacem
470 676 685 732 Cynicum
708 677 774 718 sic
793 676 1012 726 eludebat,
1034 681 1086 717 ut
1103 676 1227 717 aiunt
1247 690 1257 717 :

186 743 223 795 Ἡ
243 744 429 786 Scurror
445 757 526 797 ego
544 744 642 798 ipse
656 745 779 793 mihi,
800 744 968 798 populo
989 747 1059 786 tu:
1092 744 1257 785 rectius
1278 744 1360 785 hoc
1385 747 1432 784 et

187 811 482 866 Splendidius
503 812 644 853 multo
661 816 752 853 est:
784 825 925 866 equus
947 815 995 852 ut
1017 823 1085 852 me
1106 814 1264 865 portet,
1286 810 1377 852 alat
1397 822 1493 860 rex,

185 878 393 921 Officium
415 879 559 922 facio:
584 884 631 921 tu
648 880 802 934 poscis
820 879 926 920 vilia
947 891 1090 920 rerum

1595 472 1650 512 15

1594 809 1651 851 20

182 993 291 1032 sponte
303 989 595 1031 velleeAriatippus,
609 990 693 1021 haud
707 994 871 1030 magnates
880 993 1064 1022 sectaretur.
1111 989 1148 1021 Si
1163 999 1232 1021 cum
1246 989 1448 1029 magnatibus
1461 989 1566 1020 vivere
1579 997 1650 1020 nos-

182 1036 230 1065 set
254 1033 282 1064 is
306 1033 360 1074 qui
382 1043 430 1065 me
455 1034 571 1073 carpit,
591 1033 702 1064 herbas
715 1037 885 1074 respueret.
935 1034 1048 1065 Uer-ius
1071 1033 1204 1064 istorum
1219 1034 1306 1064 dieta
1323 1033 1475 1073 factaque
1487 1031 1654 1073 proeserae,

183 1076 235 1107 dic
246 1086 259 1113 ,·
283 1075 453 1115 veljum'or
473 1077 615 1108 ausculta
630 1076 825 1117 quamobrem
839 1075 948 1107 melior
970 1076 1113 1107 videatur
1127 1076 1288 1116 Aristippi
1312 1075 1478 1107 sententia.
1524 1074 1653 1106 Etenim

186 1118 337 1159 Cynicum
350 1119 486 1151 dicacem
500 1119 548 1150 ita
562 1118 736 1158 refellebat,
751 1122 786 1150 ut
811 1119 951 1160 inquiunt
964 1129 976 1150 .·
1002 1119 1074 1158 Ego
1097 1119 1175 1150 mihi
1188 1118 1255 1158 ipse
1276 1128 1418 1150 scurram
1432 1128 1505 1158 ago,
1529 1121 1564 1150 tu
1579 1126 1652 1148 vero

182 1160 276 1202 plebi.
320 1162 420 1203 Atqui
430 1163 524 1202 longe
534 1162 640 1204 potius
651 1162 731 1194 iuml
752 1165 784 1194 et
797 1162 959 1194 honestius
973 1165 1032 1202 est,
1047 1165 1083 1192 ut
1098 1172 1145 1193 me
1168 1161 1259 1193 vehat
1274 1171 1382 1203 equus,
1396 1164 1426 1192 et
1442 1171 1500 1193 rex
1515 1161 1652 1192 nutriat.

818 1247 1039 1261 &OO‘O‘OO‘M

186 1299 244 1332 ed.
277 1299 356 1332 Ald.
385 1302 479 1332 1509.
512 1300 546 1332 in
578 1302 742 1335 Biblioth.
770 1303 952 1335 Barberin.
983 1304 1083 1335 siccus
1108 1304 1269 1341 inunctam
1299 1302 1389 1334 solus
1419 1301 1652 1342 Cnning.—l5

192 1343 378 1383 Bamberg.
403 1343 580 1375 Fastidiret
604 1345 789 1377 halam—16
810 1346 1045 1376 Schoenborn.
1077 1348 1110 1376 3.
1146 1345 1247 1376 Verba
1272 1344 1383 1384 probes
1403 1348 1433 1375 et
1454 1343 1547 1375 verba
1569 1345 1653 1375 doce.

183 1388 271 1417 —19
293 1385 389 1417 Idem
406 1385 534 1424 codex,
555 1385 689 1417 Scurror
707 1396 764 1426 ego
786 1387 1026 1419 mihimet.—2l
1052 1388 1148 1418 Vatt.
1175 1389 1204 1418 1.
1223 1389 1274 1417 15.
1298 1386 1378 1417 Vat.
1402 1387 1499 1417 Rom.
1515 1389 1547 1417 4.
1570 1386 1653 1417 Vat.

185 1429 282 1460 Rom.
309 1429 340 1459 8.
364 1436 384 1458 11
400 1436 445 1459 111.
471 1437 542 1460 sec.
572 1428 724 1460 Chisian.
741 1434 773 1460 5.
798 1429 958 1471 Angelic.
983 1432 1015 1461 l.
1042 1439 1122 1461 am.
1151 1438 1220 1461 sec.
1247 1428 1404 1470 Angelic.
1436 1431 1468 1460 3.
1492 1437 1511 1459 a
1535 1438 1578 1459 m.
1599 1438 1652 1468 pr.

183 1469 364 1502 Barberin.
379 1473 455 1502 1.‡2.
479 1470 536 1501 alii
554 1470 654 1503 codd.
673 1472 764 1513 apud
791 1473 904 1505 Pulm.
920 1473 996 1504 Val.
1014 1473 1158 1510 Combe,
1175 1471 1369 1513 Porphyrio
1386 1471 1454 1503 Ms.
1472 1476 1508 1502 et
1525 1471 1652 1508 editus,

184 1513 446 1545 Commentator
462 1513 690 1554 Cruquianus‚
717 1515 801 1547 edit.
830 1516 949 1547 Princ.
977 1516 1088 1547 Venn.
1105 1518 1199 1548 1478.
1216 1517 1312 1548 1479.
1331 1517 1427 1546 1481.
1443 1516 1538 1547 1483.
1555 1516 1652 1545 1486.

184 1557 281 1588 1490.
297 1558 393 1588 1492.
411 1558 617 1589 1495.1509.
657 1558 749 1591 Flor.
766 1561 864 1591 1482.
899 1558 1009 1590 Aldus
1037 1561 1131 1590 1501.
1158 1561 1254 1591 1509.
1281 1560 1378 1590 1519.
1422 1557 1531 1591 Juma
1557 1559 1653 1588 1503.

182 1597 342 1631 Britann.
358 1601 457 1631 1520.
491 1599 610 1632 Basill.
628 1603 723 1634 1527.
739 1603 836 1634 1531.
854 1605 950 1634 1580.
985 1602 1079 1634 Frib.
1100 1603 1194 1633 1536.
1231 1602 1332 1633 Dion.
1349 1600 1391 1634 ab
1409 1600 1536 1633 Harsio
1554 1602 1651 1633 1538.

844 1687 990 1720 NOTAE

182 1748 318 1791 quando
341 1750 473 1783 invenit
499 1751 694 1794 Diogenem
721 1753 813 1784 olera
840 1753 887 1783 la-

183 1805 323 1832 vantem
347 1800 390 1833 ad
416 1801 528 1833 cibum
556 1803 773 1843 capiendum.
820 1802 888 1834 Hic

184 1859 266 1883 vero
281 1850 471 1892 indignanti
488 1851 535 1883 illi
553 1852 659 1883 dixit:
684 1853 719 1884 Si
739 1852 888 1893 Aristip-

184 1910 249 1942 pus
264 1900 414 1932 oleribus
430 1901 478 1932 'ad
502 1901 646 1941 victum,
663 1907 700 1933 ut
716 1911 793 1943 ego,
809 1911 890 1933 con-

185 1955 302 1984 tentus
317 1955 420 1989 esset,
432 1950 590 1992 profecto
600 1952 706 1984 nollet
718 1952 890 1983 serviliter

184 2000 325 2043 obsequi
349 2001 497 2042 regibus.
539 2002 625 2034 Tum
660 2002 808 2043 Diogeni
836 2011 889 2033 re·

184 2052 322 2094 spondit
337 2051 534 2095 Aristippus
546 2064 557 2086 2
578 2053 616 2085 Si
633 2054 806 2095 Diogenes
822 2054 887 2086 sci-

183 2109 239 2136 ret
253 2104 305 2136 uti
317 2103 552 2136 familiaritate
566 2113 696 2145 regum,
708 2111 805 2136 certe
821 2104 889 2136 ole-

183 2163 222 2186 ra
232 2152 426 2194 fastidiret,
439 2154 639 2197 malletque,
656 2160 694 2187 ut
708 2164 785 2197 ego,
798 2156 889 2197 prin-

183 2206 280 2248 cipes
290 2205 428 2238 sectari.

227 2259 270 2290 14
291 2256 465 2298 Aristipp]
490 2256 547 2288 De
572 2265 613 2288 eo
637 2257 738 2298 plura
758 2266 799 2288 11.
816 2257 888 2289 Sat.

183 2309 216 2339 3.
231 2308 298 2340 810.
625 2329 627 2331 v

226 2359 270 2390 18
284 2357 465 2390 Mordacem
481 2358 648 2400 Cynicum]
673 2358 794 2401 Cynici
810 2360 888 2391 Phi-

183 2408 315 2450 losophi
334 2413 523 2441 sectatores
545 2408 770 2446 Antisthenis,
793 2419 813 2441 a
833 2420 891 2442 03-

184 2459 267 2491 nina
280 2460 507 2492 mordacitate
530 2460 580 2492 sic
603 2460 782 2501 appellati,
798 2460 889 2502 quod

184 2510 220 2542 111
244 2519 355 2542 mores
379 2511 552 2544 hominum
575 2512 668 2543 nullo
689 2511 888 2545 discrimine

185 2560 441 2592 inveherentur.
472 2561 568 2595 Quos
583 2562 675 2594 inter
687 2563 797 2594 eluxit
807 2563 888 2596 Dio-

186 2621 291 2655 genes
314 2611 373 2642 ille
397 2610 561 2651 Cynicus,
574 2611 666 2644 dolio
682 2623 755 2655 suo,
770 2614 803 2646 in
822 2625 888 2656 quo

186 2663 347 2705 degebat,
361 2658 522 2702 celebris,
535 2662 664 2694 victum
681 2664 716 2695 in
738 2665 888 2706 singulos

185 2715 260 2748 dies
276 2714 494 2747 emendicare
507 2714 640 2752 solitus,
656 2715 800 2757 hincque
818 2718 889 2749 dic·

185 2773 240 2799 tus
258 2763 443 2805 ἥμερόβιοςι
470 2763 704 2796 Alexandrum
730 2775 890 2807 maguum

185 2817 390 2851 invisentem
407 2815 463 2846 vix
477 2815 603 2857 alloqui
620 2816 790 2856 dignatus,
805 2817 837 2847 ei
854 2827 890 2849 se

188 2867 420 2901 admirabilem
432 2867 593 2909 praebuit:
610 2867 651 2898 ad
665 2876 768 2899 annos
781 2876 890 2909 prope

942 1753 1128 1793 nonaginta
1136 1751 1330 1784 consenuit.
1344 1750 1523 1783 Plutarch.
1534 1751 1652 1783 LaErt.

942 1803 1034 1834 Vide
1050 1803 1210 1836 Juvenal.
1227 1803 1300 1834 Sat.
1315 1811 1391 1833 xrv.
1409 1804 1485 1833 311.

987 1856 1028 1884 19
1062 1853 1198 1884 Scurror
1233 1862 1291 1892 ego
1326 1853 1392 1893 ipse
1427 1851 1522 1892 mihi]

943 1912 1050 1934 meam
1067 1902 1110 1934 ad
1129 1903 1330 1942 utilitatem,
1345 1901 1484 1942 regibus
1503 1910 1559 1933 me
1575 1911 1651 1942 gra-

941 1958 1015 1985 tum
1031 1958 1179 1994 praesto:
1205 1958 1241 1984 tu
1258 1962 1330 1984 tero
1348 1957 1382 1983 te
1400 1951 1529 1992 populo
1545 1951 1652 1982 admi-

941 2004 1084 2036 rabilem
1108 2003 1250 2034 exhibes
1274 2013 1336 2044 per
1358 2003 1487 2033 victum
1511 2002 1649 2043 inopem

942 2059 978 2085 et
994 2053 1128 2085 durum.
1172 2051 1281 2094 Atqui
1306 2057 1436 2094 quanto
1465 2061 1526 2083 rex
1550 2052 1650 2092 plebe

941 2109 991 2136 eat
1010 2103 1248 2140 excellentior,
1264 2107 1362 2134 tanto
1377 2102 1515 2134 videtur
1531 2103 1651 2134 melius

941 2155 1014 2197 regi
1046 2165 1147 2197 quam
1182 2155 1309 2196 populo
1343 2154 1530 2194 gratiosum
1564 2163 1650 2186 esse.

943 2205 1000 2237 Ita
1027 2205 1193 2237 censebat
1217 2204 1429 2246 Aristippus,
1453 2210 1489 2236 et
1514 2214 1592 2236 cum
1609 2214 1650 2236 eo

943 2260 1061 2288 noster
1076 2255 1201 2288 Poeta.
1247 2255 1327 2287 Vox
1341 2264 1479 2292 scurror,
1491 2255 1563 2297 jam
1577 2255 1651 2288 Sat.

942 2309 975 2340 3.
991 2306 1051 2338 lib.
1068 2316 1110 2338 11.

985 2360 1029 2389 20
1057 2358 1166 2398 Equus
1191 2360 1227 2389 ut
1254 2367 1303 2389 me
1337 2361 1455 2398 portet,
1482 2358 1550 2390 alat
1576 2359 1651 2400 rex]

943 2408 1113 2441 Proverb.
1126 2408 1242 2440 Graec.
1259 2417 1278 2439 e
1292 2407 1476 2448 Tragoedia
1490 2410 1649 2450 quadam,

941 2462 1127 2504 inquiunt;
1174 2462 1208 2493 in
1243 2470 1309 2504 qua
1338 2461 1476 2503 juvenis
1515 2462 1649 2494 militia:

942 2513 1127 2556 ascriptus,
1144 2524 1221 2546 cum
1239 2513 1282 2545 ad
1308 2512 1495 2555 petendam
1520 2513 1652 2545 missio-

941 2574 1020 2596 nem
1050 2564 1303 2605 impelleretur,
1327 2563 1479 2595 abnuens
1508 2572 1650 2603 respon-

942 2616 1013 2648 dit:
1033 2614 1130 2648 ‘ln-uros
1155 2627 1195 2654 με
1223 2614 1324 2656 φέρει,
1353 2612 1506 2650 βασιλεὺς
1531 2613 1650 2655 τρέφει,

941 2676 1036 2707 equus
1050 2675 1098 2697 me
1111 2669 1230 2706 portat,
1246 2675 1305 2696 rex
1325 2665 1383 2695 alit
1396 2675 1406 2694 .-
1430 2673 1497 2705 quo
1515 2664 1650 2696 scilicet

944 2715 1151 2748 ostendebat
1164 2715 1251 2746 bene
1265 2714 1329 2745 sibi
1347 2723 1433 2745 esse.

1565 1851 1651 1892 Ego,

988 2769 1029 2798 21
1060 2766 1205 2807 Officium
1223 2765 1336 2803 facio:
1374 2767 1409 2795 tu
1434 2765 1549 2805 poscis,
1577 2766 1648 2807 Sym]

946 2818 1018 2858 Ego
1034 2826 1087 2847 me
1110 2814 1296 2848 officiosum
1314 2814 1452 2856 regibus
1469 2816 1648 2855 exhibens,

945 2868 1122 2899 honestum
1148 2866 1275 2899 victum
1301 2866 1500 2899 nanciscor:
1526 2872 1562 2899 tu
1591 2878 1648 2899 au-
