1930 3204
508 313 717 347 HoRA'ru
747 313 1026 347 εΕιιΜοΝυΜ
1061 313 1157 346 mn.
1188 314 1220 346 1.
1248 304 1292 346 3.

175 407 297 440 nimius
314 410 351 440 et
367 407 566 442 immodicus
582 407 747 440 videatur.
772 408 874 441 Unde

175 461 212 489 et
233 459 242 474 ‘
259 457 400 497 ineptiae
416 457 427 472 '
448 458 551 490 dictae
576 467 637 499 pro
657 458 747 498 jocis
771 458 874 489 ludis-

175 517 254 548 que.
298 508 512 549 Quamquam
546 508 595 539 ita
629 507 733 539 etiam
769 516 873 548 expo-

174 566 257 589 nere
268 558 357 590 bunc
366 559 478 590 locum
495 566 685 599 possumus,
697 562 733 588 ut
746 567 788 589 eo
800 557 874 598 ipso

174 606 310 648 ineptus
325 608 382 648 sit,
395 607 685 650 quodjactantior
701 617 738 639 se
759 613 873 641 osten-

178 662 244 689 tet.
262 658 402 690 Tor-rent.

218 710 262 739 5⁰
286 708 463 740 Com-ianas
492 707 617 750 amicis]
657 708 806 749 Elegans
837 713 873 740 et

174 757 311 798 politus.
415 790 418 793 ,

215 808 259 840 52
281 805 360 837 Plus
379 816 466 847 aquo
490 807 582 848 liber]
605 807 730 839 Libere
746 807 874 839 verita-

174 858 244 886 tem
281 855 457 897 eloquens.
523 856 666 898 Simplex
695 856 871 899 sortisque]

173 904 256 936 Non
273 904 446 946 bilinguis.

213 957 256 986 53
281 954 410 986 caldior
434 955 497 996 est]
522 956 724 989 Ferventior
751 961 787 989 et
809 957 874 989 ira·

173 1004 315 1035 cundior
330 1009 395 1036 est.

217 1056 259 1085 ⁵4
283 1054 366 1086 Hoec
380 1064 429 1086 res
441 1058 473 1086 et
490 1054 617 1097 jungit]
642 1055 803 1088 Clausula
815 1066 873 1088 ex-

177 1103 362 1144 politionis,
393 1114 460 1146 qua
496 1105 626 1145 liquido
663 1106 874 1146 manifestat,

175 1154 373 1195 obsequium
423 1154 554 1186 unicum
592 1164 664 1186 esse
702 1156 873 1188 vinculum

174 1203 334 1246 amicitiae
365 1214 441 1235 cum
466 1204 579 1245 aliquo
606 1206 873 1238 conservandae:

174 1259 214 1286 ut
226 1254 275 1286 ait
290 1254 469 1286 Comicus:
482 1255 492 1272 ‘
507 1254 719 1295 Obsequium
736 1257 874 1291 amicos,

174 1304 300 1336 veritas
317 1304 430 1335 odium
446 1303 562 1345 parit.’
587 1305 683 1345 Cruq.

218 1358 259 1386 55
291 1353 433 1386 Virtutes
443 1354 528 1395 ipsas
537 1355 737 1396 invertimus]
754 1354 795 1386 Id
809 1360 873 1395 est,

175 1404 390 1445 quantumin
413 1404 508 1435 nobis
529 1408 597 1444 est,
618 1405 876 1446 corrumpimus,

174 1463 216 1485 ea
232 1463 309 1495 quae
333 1453 467 1485 laudem
491 1459 688 1485 mereantur
714 1454 874 1485 vitiorum

175 1502 368 1535 nominibus
402 1502 630 1544 appellando;
655 1508 694 1534 ut
719 1502 773 1542 fit,
797 1513 873 1535 cum

175 1561 258 1584 vasa
279 1553 526 1584 incrustatione
551 1553 703 1584 nativum
725 1553 874 1585 colorem

174 1601 390 1643 speciemque
424 1601 597 1633 amittunt.
656 1601 875 1634 Incrustatur

173 1651 262 1682 enim
287 1651 359 1683 sive
382 1661 452 1687 vas,
467 1651 538 1683 sive
562 1650 654 1683 aliud
682 1652 875 1693 quippiam,

155 1694 263 1743 'quod
285 1707 411 1734 crustae
427 1702 572 1734 tectorio
596 1703 710 1743 aliquo
732 1702 875 1733 interius

175 1751 397 1792 exteriusque
421 1751 616 1782 obducitur.
673 1751 762 1782 Vide
791 1752 875 1782 'rnr-

175 1800 254 1831 neb.
284 1809 365 1832 xnx.
395 1803 427 1831 4.
467 1801 611 1831 Torreat.
669 1800 875 1842 Iacer-timus]

181 1848 380 1881 Amicorum
401 1849 546 1880 virtutes
566 1849 653 1880 male
669 1849 873 1890 interpreta-

178 1906 265 1929 mur.

220 1949 264 1978 56
299 1946 497 1987 Iuor-astare]
534 1947 666 1980 Vitiosa
690 1957 793 1981 succo
818 1958 876 1981 vas

178 1995 370 2037 inquinare,
395 1998 448 2028 vel
477 1998 608 2038 impuro
639 1999 784 2030 tectorio
808 1997 874 2030 for-

179 2054 284 2077 mare.
329 2047 390 2077 Est
413 2046 600 2088 Allegoria.
644 2048 768 2080 Probus
789 2049 874 2091 quis]

176 2094 212 2126 Si
228 2095 303 2136 quis
321 2095 456 2136 probus.

218 2148 260 2178 5⁷
283 2146 445 2179 Demiuas
459 2148 562 2190 homo]
575 2148 738 2190 AbJectus
748 2149 876 2181 dicitur

177 2206 197 2228 a
220 2196 330 2229 nobis.
376 2197 430 2229 Illi
456 2198 556 2229 Tau-do
574 2208 741 2238 cognomen
762 2199 876 2240 pingui

178 2245 301 2286 damas]
330 2247 386 2278 Sic
410 2252 527 2279 nostra
555 2249 779 2289 exemplaria,
808 2259 874 2281 uno

176 2296 303 2338 demto,
319 2297 407 2339 quod
423 2298 546 2331 Jacobi
563 2298 796 2330 Carondeletii
810 2305 875 2340 est,

176 2346 210 2377 in
242 2356 309 2387 quo
332 2347 461 2387 pinguis
486 2347 636 2387 legitur;
658 2348 873 2388 quemadmo-

179 2394 259 2426 dum
290 2395 333 2426 de
355 2405 415 2426 suo
431 2405 564 2436 quoque
586 2395 704 2427 codice
730 2400 874 2428 testatur

181 2443 356 2474 Turnebus
374 2452 455 2474 xix.
470 2447 502 2474 4.
528 2453 669 2484 eamque
694 2445 875 2477 lectionem

181 2495 221 2523 ut
236 2491 461 2524 necessariam
474 2491 640 2524 defendit.
685 2494 759 2535 Ego
776 2505 873 2536 aper-

183 2541 303 2572 tiorem
340 2551 414 2572 esse
457 2542 614 2581 admitto,
648 2545 875 2576 necessariam

184 2599 258 2622 esse
277 2595 478 2623 constanter
495 2599 596 2632 nego.
620 2592 761 2625 Torreat.
806 2595 876 2626 Ho-

179 2653 229 2675 mo
253 2642 319 2683 illi]
343 2643 444 2674 Homo
464 2642 530 2674 illis
553 2646 612 2679 eat,
627 2644 806 2685 legendum
823 2656 876 2678 ar-

178 2693 327 2725 bitratur
354 2692 435 2725 Pet.
459 2692 612 2725 Nannius
643 2694 792 2727 Miscell.
818 2695 877 2728 lib.

181 2753 240 2776 111.
285 2743 343 2775 Illi
373 2743 486 2784 Turdo,
506 2753 672 2784 cognomen
690 2745 804 2785 pingui
822 2747 877 2778 ‹la-

182 2794 266 2834 mus]
287 2794 323 2826 Si
353 2795 427 2835 quis
450 2793 567 2826 tardus
594 2798 659 2834 est,
675 2794 708 2826 id
728 2799 794 2835 est,
809 2800 876 2827 tar-

181 2844 257 2876 dius
282 2845 398 2884 sentit,
424 2853 501 2876 eum
542 2844 700 2886 pinguem
727 2846 876 2888 appella-

1513 305 1532 348 1
1540 306 1626 350 613

927 419 1015 450 mus,
1028 409 1060 441 id
1072 412 1139 447 est,
1153 417 1304 442 crassum
1316 411 1353 440 et
1369 407 1498 440 rudem.

969 461 1012 490 58
1036 458 1198 499 Hie-fagil
1214 458 1333 499 omnes]
1353 458 1389 490 Si
1403 458 1478 500 quis
1493 457 1627 490 cautior

925 516 979 541 est
995 509 1158 541 adversus
1170 501 1340 541 hominum
1352 507 1519 541 fallacias.

967 563 1010 592 59
1035 560 1134 592 obdit
1149 561 1305 601 apertum]
1327 560 1432 593 Latus
1448 558 1550 591 offert
1567 563 1627 590 aut

924 611 1097 642 ostendit:
1124 610 1302 642 translatio
1327 615 1380 642 est
1394 620 1414 642 a
1428 611 1537 642 milite
1549 619 1627 642 cau-

925 663 962 692 to
976 660 1030 690 vel
1045 659 1247 700 gladiatore.

966 712 1009 740 60
1034 710 1138 745 Quum
1157 719 1259 749 genus
1281 710 1337 740 hoo
1352 709 1439 741 inter
1463 709 1538 741 viloe
1558 718 1627 740 ver-

922 759 1026 800 setur]
1049 760 1162 793 Quum
1185 761 1278 791 inter
1308 761 1506 792 insidiosum
1523 761 1628 792 bomi-

923 817 1003 839 num
1016 818 1124 849 genus
1139 814 1309 841 versetur.
1357 810 1422 841 Ubi
1434 809 1532 849 acris]
1549 810 1628 842 Quo

924 863 1091 900 tempore.

972 911 1014 940 61
1056 908 1215 950 Crimina]
1252 907 1382 949 Vigent
1418 908 1628 940 criminatio-

924 967 996 990 nes.
1054 959 1122 990 Pro
1148 958 1222 990 bene
1246 957 1340 999 sano]
1370 958 1439 990 Pro
1468 965 1571 990 cauto
1593 962 1628 990 et

924 1007 1105 1049 prudente.

965 1060 1008 1089 63
1033 1058 1214 1099 Simplicior
1242 1057 1328 1098 quis]
1368 1057 1486 1090 Lamb.
1514 1058 1628 1098 priore

925 1107 1076 1139 editione
1094 1108 1265 1148 vulgatam
1282 1107 1466 1138 lectionem
1489 1112 1628 1139 secutus

924 1155 1049 1195 fuerat,
1073 1157 1254 1199 Simplicior
1268 1158 1390 1197 siquis.
1435 1158 1557 1189 Nostri
1570 1168 1628 1190 ve-

927 1216 965 1237 ro
991 1207 1129 1238 codices
1153 1217 1282 1248 omnes,
1307 1207 1488 1248 Simplicior
1509 1209 1578 1249 quis
1597 1212 1628 1240 et

924 1259 982 1288 est.
1028 1256 1129 1289 Quod
1143 1266 1226 1288 vero
1241 1258 1412 1298 sequitur,
1429 1258 1561 1294 Qualem
1579 1268 1629 1290 me

926 1306 1076 1346 soepelib.
1102 1306 1177 1338 Obt.
1195 1307 1256 1338 tibi
1266 1306 1447 1345 Maecenas,·
1474 1317 1548 1339 eam
1570 1318 1630 1349 pa·

927 1354 1111 1386 renthesim
1126 1356 1175 1386 sic
1197 1355 1342 1396 accipio,
1354 1360 1392 1388 ut
1414 1356 1630 1397 simpliciori-

927 1404 988 1435 bus
1004 1405 1219 1436 annumerari
1235 1410 1335 1446 optet
1348 1406 1472 1438 Horat.
1494 1408 1628 1448 qualem

925 1452 1015 1485 forte
1031 1463 1067 1485 se
1084 1454 1239 1494 gerebat,
1262 1464 1338 1486 cum
1356 1457 1539 1488 multorum
1555 1457 1630 1498 opi-

926 1503 1028 1535 nione
1058 1502 1155 1534 vafer
1182 1513 1222 1535 ac
1251 1504 1395 1536 callidus
1430 1505 1629 1538 haberetur.

925 1551 991 1583 Sed
1018 1552 1053 1584 hi
1076 1562 1187 1584 mores
1214 1553 1355 1595 scriptis
1378 1554 1455 1595 ejus
1482 1556 1629 1587 aestima-

924 1600 1019 1633 bant.
1064 1602 1144 1634 Vid.
1171 1603 1311 1635 Canter.
1327 1613 1379 1636 xv.
1403 1607 1458 1637 12.
1483 1605 1629 1637 Torreat.

924 1651 1106 1692 Simplicior
1118 1652 1149 1684 si
1165 1653 1248 1694 quis]
1270 1653 1306 1684 Si
1322 1654 1396 1694 quis
1419 1655 1570 1695 apertior
1591 1659 1628 1686 et

925 1702 1055 1733 alienus
1083 1702 1126 1733 ab
1156 1703 1246 1733 omni
1277 1703 1368 1734 dolo.
1422 1705 1554 1740 Qualem
1581 1715 1629 1737 me

925 1760 1006 1791 soepe
1031 1751 1163 1782 libenter
1179 1752 1357 1783 Obtulerim
1379 1753 1438 1784 tibi
1453 1754 1629 1794 Maecenas]

925 1800 994 1830 Eos
1023 1800 1080 1841 qui
1106 1800 1208 1832 rebus
1234 1802 1450 1842 gravioribus
1477 1803 1628 1836 intentos

926 1849 1162 1890 interpellant,
1179 1851 1378 1891 adversarii,
1394 1851 1452 1893 qui
1467 1862 1632 1894 quaecun-

926 1908 992 1939 que
1008 1899 1195 1931 atiiicorum
1214 1900 1297 1932 vitia
1310 1901 1345 1932 in
1361 1901 1629 1942 majuselevant‚

925 1948 1087 1980 molestos
1105 1959 1226 1982 vocare
1250 1951 1374 1991 solent,
1395 1955 1432 1983 et
1457 1953 1629 1984 communi

924 2006 1024 2028 sensu
1042 2007 1159 2030 carere
1182 1999 1313 2031 dicunt.
1361 2000 1492 2033 Contra
1507 2001 1537 2033 oi
1553 2002 1628 2033 ὑπο-

924 2046 1126 2088 κοριζόμενοι,
1150 2050 1247 2089 tales,
1277 2050 1451 2091 simplices
1485 2057 1625 2085 vocant.

924 2099 1024 2132 Quali
1048 2101 1244 2140 ὑποκορισμῷ
1267 2111 1344 2142 ego,
1359 2103 1469 2143 inquit
1486 2104 1626 2139 Noster,

924 2158 1015 2189 saepe
1029 2159 1048 2180 a
1059 2154 1092 2181 te
1101 2152 1270 2191 excusari,
1283 2161 1302 2183 ο
1315 2152 1505 2193 Maecenas,
1520 2156 1624 2194 opto:

923 2199 1004 2240 quia
1026 2199 1091 2231 hoc
1115 2209 1181 2231 non
1206 2210 1281 2231 raro
1304 2211 1323 2232 a
1346 2211 1400 2232 me
1425 2202 1514 2234 solet
1529 2201 1624 2234 fieri:

924 2252 977 2288 ut,
1003 2248 1171 2286 nimirum,
1190 2250 1267 2287 tibi,
1283 2250 1383 2282 rebus
1400 2251 1500 2293 longe
1516 2253 1627 2293 gravi-

924 2298 1042 2330 oribus
1067 2300 1216 2340 intento,
1239 2301 1302 2332 sim
1325 2301 1502 2334 molestus.
1525 2302 1629 2334 Hein-

924 2357 999 2380 stus.

967 2401 1009 2429 65
1034 2399 1098 2431 Aut
1113 2399 1242 2430 tacitum
1263 2400 1417 2441 impellat]
1442 2400 1513 2433 Aut
1527 2402 1554 2432 si
1571 2411 1628 2433 co-

926 2447 1149 2488 gitabundum
1196 2450 1407 2490 interpellet.
1465 2451 1626 2492 Appellet]

927 2498 1020 2530 Libri
1048 2499 1173 2531 vetusti
1195 2499 1238 2530 ad
1265 2509 1368 2531 unum
1397 2509 1522 2535 omnes,
1543 2510 1628 2541 quos

928 2546 998 2578 vidi
1016 2547 1193 2587 plurimos,
1215 2557 1429 2579 communem
1444 2549 1625 2581 lectionem

928 2601 1081 2636 servant,
1103 2602 1139 2627 et
1159 2597 1296 2637 impellat
1326 2598 1454 2637 legunt.
1500 2599 1547 2630 Et
1567 2599 1627 2630 im·

925 2646 1040 2686 pellere
1054 2646 1189 2687 quidem
1217 2655 1280 2687 pro
1303 2655 1504 2688 quocunque
1526 2648 1626 2680 modo

929 2696 1067 2728 turbare
1084 2705 1124 2728 ac
1145 2696 1320 2728 concitare
1336 2697 1495 2738 accipere
1510 2707 1627 2739 possu-

928 2756 1020 2778 mus:
1059 2756 1126 2778 non
1157 2755 1292 2788 possum
1325 2750 1440 2779 tamen
1470 2747 1625 2780 Lambini

928 2796 1160 2837 conjecturam
1191 2805 1257 2827 non
1287 2795 1440 2829 laudare.
1478 2798 1622 2831 Torreat.

927 2847 1094 2889 Molestus]
1119 2847 1243 2881 Gravis
1257 2847 1513 2882 interturbator.
1536 2849 1626 2892 [Ali-
