1904 3216
330 269 442 311 1642

330 372 561 403 Demonacte.
583 370 671 402 Plin.
687 376 822 400 xxxm-
838 370 867 400 1.
884 369 1017 407 Festus,

331 421 509 453 Ricinium.
555 419 643 450 Hinc
666 419 744 459 quia
760 420 794 449 in
815 417 925 448 medio
940 426 1014 457 pnr-

329 480 413 511 pura
435 471 492 501 illa.
512 473 598 508 erat,
621 467 840 498 Laticlaviam
868 467 1015 498 tunicam

330 519 444 551 Graeci
471 522 594 549 vocant
624 515 876 555 μεσοπόρφυρονε
904 515 952 546 ita
979 518 1016 546 et

329 567 510 599 Persarum
539 567 667 606 Regum
692 565 806 597 tunica
830 568 904 596 erat
924 562 1017 601 μεσό-

330 622 453 647 λευκος.
495 616 633 647 Sneton.
645 615 732 655 Aug.
746 623 776 646 c.
790 617 843 646 ¹15.
865 613 1001 645 Rusbeas.

373 667 415 695 29
437 664 536 696 Audit
549 663 704 703 continuo]
724 663 755 694 A
772 662 907 703 populo.
939 661 1018 697 Quis

332 714 417 744 homo
445 712 495 743 hic
519 711 580 752 est]
601 711 713 751 Fingit
745 711 906 751 populum
934 709 1016 740 invi-

331 762 423 794 diose
439 762 608 802 inquirere
621 762 654 792 in
670 769 775 800 genus
789 760 874 800 ejus,
884 758 939 799 qni
949 757 1018 789 fac-

332 814 387 841 tus
409 814 462 842 est
483 809 708 850 magistratus.
733 809 828 848 Cruq.
873 807 952 842 Quis
966 806 1017 837 ho-

332 867 381 889 mo
401 858 450 889 hic
473 857 535 897 est]
556 857 673 889 Nostri
702 855 804 888 codd.
827 855 907 890 Quis
932 855 1018 886 hom

333 906 397 946 hic,
408 910 437 938 et
453 915 511 946 quo
525 909 611 945 patre
625 908 714 936 natus
724 903 740 936 :1
760 905 918 935 Torrent.

375 957 417 986 80
443 955 488 985 Ut
502 955 530 984 si
543 953 594 993 qni
608 952 753 992 aegrotet]
775 952 809 983 Si
824 952 898 992 quis
913 960 1020 992 aegro-

335 1006 387 1032 tet
402 1001 504 1032 animi
517 999 644 1039 morbo,
659 1009 712 1031 sc.v
728 999 938 1030 adulterandi
952 1003 1021 1030 stu-

335 1050 403 1082 dio.
446 1048 582 1088 Barrus]
607 1048 717 1080 Homo
745 1048 841 1079 nimis
869 1052 1022 1088 comptus

335 1105 371 1132 et
385 1101 595 1132 mulierosus.

377 1153 417 1182 81
442 1150 487 1182 Et
509 1149 628 1190 cupiat]
649 1149 705 1182 Sic
719 1148 844 1180 habent
858 1148 935 1180 libri
950 1157 1024 1180 nos-

337 1199 382 1230 tri
410 1207 550 1236 omnes3
572 1207 637 1230 nec
664 1197 761 1230 video
785 1207 846 1229 cur
867 1197 1025 1229 substitui

337 1247 508 1284 debuerit,
537 1251 574 1278 ut
607 1247 725 1286 cupiat.
767 1246 907 1278 Morbus
935 1245 1025 1277 enim

337 1297 449 1336 Barri,
472 1296 562 1338 quod
587 1296 652 1328 sibi
672 1296 735 1337 ipsi
757 1294 921 1326 formosus
937 1295 1026 1326 vide·

338 1345 451 1384 batur,
465 1354 539 1375 cum
551 1353 617 1375 non
629 1348 733 1383 esset3
751 1348 787 1375 et
800 1348 913 1375 tamen
924 1343 1026 1374 etiam

339 1393 414 1425 aliis
428 1402 490 1433 pro
505 1392 650 1424 formoso
662 1401 698 1423 se
711 1391 919 1423 venditabat.
941 1391 1026 1422 Tum

339 1450 521 1482 quocumque
550 1450 612 1481 pro
639 1449 833 1480 quacumque,
859 1444 895 1471 et
918 1439 1028 1470 iniciat

339 1498 377 1523 et
404 1491 522 1522 deicere
544 1500 604 1531 pro
622 1490 743 1528 injiciat
769 1494 805 1520 et
827 1490 967 1528 dejicere,
994 1490 1028 1519 in

340 1539 488 1571 melioris
510 1544 599 1571 notae
626 1538 873 1579 exemplaribus
893 1538 1027 1578 legitur.

344 1588 485 1619 Torrent.

384 1639 425 1666 34
447 1635 502 1666 Sic
518 1635 570 1674 qui
581 1634 754 1674 promittit]
778 1634 864 1665 Haec
880 1633 984 1664 verba
996 1633 1029 1663 in

341 1693 377 1716 se
393 1683 568 1714 continent
579 1681 755 1713 formulam
770 1681 933 1722 quandam
941 1682 1034 1721 Jura-

342 1732 448 1764 menti
468 1731 542 1771 ejiis
565 1731 622 1771 qui
648 1730 880 1770 magistratum
906 1729 1031 1762 adibat.

346 1783 443 1822 Cruq.
483 1780 609 1822 [Codd.
625 1789 679 1820 ap.
693 1777 807 1818 Feam,
821 1778 938 1819 urbem]

386 1833 427 1862 85
452 1831 497 1861 Ee
520 1829 646 1860 Italiam
673 1832 704 1859 et
730 1827 856 1859 delubra
881 1826 1033 1867 Deorum]

345 1879 495 1920 Optimae
520 1877 601 1909 fidei
621 1877 826 1918 exemplaria
840 1885 958 1908 novem
973 1885 1032 1907 nu-

345 1938 438 1960 mero
460 1928 578 1968 legunt
597 1926 736 1966 Italiam,
756 1926 881 1957 delubra
898 1927 1033 1957 deorum.

346 1978 420 2017 Ego
433 1982 542 2009 totum
555 1976 651 2007 velim
661 1984 734 2006 esse
744 1974 946 2016 asyndeton:
970 1974 1034 2005 Im-

344 2026 464 2065 perium
477 2025 562 2064 sore,
582 2024 723 2060 Italiam,
739 2023 864 2055 delubra
886 2024 1035 2055 Deorum.

346 2074 505 2105 Tor-rent.

390 2124 432 2153 36
457 2122 570 2160 Ignota
583 2124 682 2152 matre
695 2118 886 2162 inhonestas]
910 2119 1036 2150 Contra

348 2171 392 2202 de
404 2171 542 2202 Drance
554 2170 649 2209 Virg.
673 2173 682 2186 ‘
694 2168 808 2200 Genus
823 2167 900 2198 huic
915 2171 1036 2198 mater-

349 2230 394 2251 na
408 2219 587 2260 superbum
610 2217 778 2249 Nobilitas
800 2215 914 2256 dabat,
928 2215 1035 2248 incer-

350 2273 422 2301 tum
437 2269 479 2300 de
496 2272 593 2308 patre
606 2264 760 2297 ferebat!
781 2265 878 2295 Idem.

393 2319 435 2349 s?
469 2317 615 2351 Quoerere
643 2313 742 2353 cogit]
777 2313 879 2352 Cogit
907 2312 1038 2343 curiose

353 2364 544 2406 percontari
574 2362 616 2393 de
644 2371 680 2392 se
707 2367 741 2392 et
766 2359 832 2391 suis
859 2360 1038 2392 natalibus.

353 2414 452 2454 [Vat.
467 2413 562 2444 Rom.
576 2414 609 2443 9.
631 2420 666 2442 ac
680 2409 843 2450 qua-rere]

396 2466 438 2495 88
461 2463 545 2494 Tune
573 2458 664 2501 Syri]
687 2457 901 2499 Apostrophe
925 2457 1041 2499 populi

354 2515 453 2547 Rom.
469 2513 502 2544 in
519 2509 692 2551 ignobiles,
707 2508 749 2539 ad
771 2508 910 2539 honores
929 2512 965 2539 et
980 2508 1041 2539 im·

355 2563 484 2603 perium
501 2564 651 2591 evectos.
673 2557 789 2597 Filius]
813 2558 841 2588 E
853 2566 949 2589 servo
963 2567 1041 2598 quo-

355 2611 446 2651 piam
460 2616 570 2641 natus.

399 2663 441 2690 89
462 2658 604 2696 Deficere
617 2666 633 2688 e
649 2665 725 2688 saxo
737 2654 847 2695 civeis]
867 2654 1042 2691 Turnebus

359 2707 502 2739 Advers.
518 2716 567 2738 lv.
590 2709 622 2738 9.
642 2705 707 2736 hoc
725 2704 839 2745 populi
857 2702 1043 2735 convicium

360 2757 404 2789 ad
431 2755 576 2788 Tullium
602 2754 799 2795 Tribunum,
834 2753 929 2793 cujus
963 2757 1044 2785 ante

784 277 924 307 NOTAE
955 274 1214 312 VARIORUM
1247 275 1294 305 ΙΝ

1064 367 1155 399 facta
1183 366 1311 398 mentio
1335 369 1401 405 est,
1429 364 1547 397 refert.
1586 363 1744 397 solebant

1064 417 1152 448 enim
1179 415 1322 447 Tribuni
1356 415 1402 455 pl.
1427 413 1644 446 violentiores
1673 411 1744 444 sine

1059 466 1188 508 judicio
1203 465 1368 497 interdum
1383 464 1474 496 cives
1489 464 1652 495 Romanos
1666 460 1748 492 arri-

1065 524 1159 556 pere,
1180 515 1224 546 de
1251 523 1330 546 saxo
1355 513 1516 554 dejicere,
1544 516 1604 543 aut
1627 510 1749 543 tortori

1066 564 1213 603 tradere,
1226 569 1263 595 nt
1278 567 1394 594 narrat
1409 561 1498 593 Plin.
1509 569 1575 592 vu.
1589 562 1642 591 44.
1677 558 1747 591 Sed

1066 618 1178 644 tamen
1198 613 1252 644 hic
1265 611 1438 650 Horatius,
1456 619 1522 641 non
1537 614 1606 640 tam
1620 608 1663 639 de
1675 607 1749 639 Tri·

1068 663 1168 699 buno.
1191 671 1288 703 quam
1313 661 1355 692 de
1375 667 1584 701 quocumque
1599 657 1677 696 alio,
1693 657 1750 697 qui

1068 712 1102 743 in
1116 711 1275 742 Senatum
1289 710 1423 750 ignotus
1438 707 1579 742 venerit,
1592 705 1750 746 loquitur.

1069 760 1159 792 Quin
1181 765 1217 791 et
1238 759 1381 790 Tullium
1409 757 1518 797 ipsum
1546 754 1646 795 paulo
1673 758 1752 794 post

1069 810 1079 829 ⁴
1090 809 1286 840 Senatorem
1297 806 1307 821 ¹
1332 816 1372 838 ac
1404 807 1414 824 ⁸
1427 801 1624 846 praetorem'
1655 801 1751 839 facit,

1069 863 1106 888 et
1131 857 1275 897 alioquin
1299 864 1319 887 e
1340 855 1465 886 Senatu
1489 857 1526 884 et
1540 855 1703 893 praetores
1718 855 1753 881 et

1071 914 1181 936 rerum
1197 903 1391 944 capitalium
1407 902 1540 942 ‚indices
1559 898 1632 932 fere
1645 908 1752 931 sume-

1070 954 1205 985 bantur.
1234 952 1350 984 Quare
1368 948 1521 981 ‘saxum'
1533 948 1586 980 hic
1601 957 1664 988 pro
1675 955 1753 987 sup·

1071 1001 1164 1043 plicii
1177 1009 1313 1042 genere,
1329 997 1417 1040 qnod
1433 996 1566 1037 legibus
1579 995 1755 1035 inferatur,

1072 1051 1229 1091 accipere
1261 1048 1386 1080 malim.
1439 1044 1605 1086 Tarpeius
1642 1047 1755 1076 autem

1071 1109 1166 1131 mons
1181 1098 1269 1130 idem
1286 1098 1342 1138 qui
1357 1095 1580 1138 Capitolinus,
1591 1093 1688 1133 cujus
1702 1101 1756 1123 ru·

1071 1158 1130 1190 pes
1154 1147 1245 1179 dicta
1266 1146 1445 1186 Tarpeium
1465 1153 1592 1176 saxum.
1615 1142 1758 1174 Tor-rent.

1072 1196 1212 1235 Deficere
1226 1206 1242 1227 e
1255 1194 1346 1235 saxo]
1367 1193 1483 1226 Audes
1505 1191 1722 1233 praecipitare
1736 1198 1757 1222 e

1072 1255 1153 1277 saxo
1174 1244 1321 1285 Tarpeio
1341 1243 1477 1274 noxium
1492 1246 1530 1272 et
1543 1240 1732 1272 damnatum
1746 1239 1758 1269 ἓ

1072 1294 1107 1326 id
1144 1298 1209 1332 est,
1242 1293 1344 1325 audes
1376 1297 1412 1323 tu
1439 1290 1613 1323 tribunatu
1640 1287 1758 1328 fungi?

1075 1343 1206 1384 Cadmo]
1221 1342 1361 1385 Cruquii
1373 1341 1578 1382 diligentiam
1591 1339 1647 1371 hic
1659 1338 1758 1370 laudo

1073 1394 1193 1434 magis,
1208 1402 1307 1434 quam
1323 1391 1452 1433 probo3
1475 1391 1533 1431 qui
1559 1389 1695 1420 Batinum
1713 1388 1760 1419 le·

1075 1443 1219 1482 gendum
1238 1446 1346 1482 putat,
1363 1450 1424 1481 pro
1439 1438 1598 1480 gradibus
1611 1442 1648 1469 et
1661 1436 1760 1468 scalis

1075 1490 1258 1522 Gemoniis.
1274 1499 1372 1530 quem
1385 1489 1472 1520 vide.
1495 1489 1639 1519 Torreat.
1685 1484 1760 1516 Ua-

1073 1540 1144 1570 dere
1159 1539 1288 1578 Cadmo]
1311 1536 1460 1568 Tradere
1473 1534 1633 1567 carnifici.

1115 1591 1158 1620 40
1179 1588 1224 1620 At
1241 1586 1373 1626 Novius]
1396 1585 1524 1618 Novius
1538 1584 1645 1624 Niger
1659 1583 1762 1616 Quae·

1077 1641 1160 1675 stor,
1172 1640 1208 1667 et
1223 1636 1332 1675 plures
1348 1633 1447 1666 Novii
1460 1634 1656 1673 magistratu
1668 1630 1762 1663 func·

1079 1685 1116 1715 ti.
1158 1682 1227 1714 Sed
1239 1682 1311 1713 odit
1331 1690 1388 1712 eos
1402 1679 1522 1712 Poeta.
1564 1679 1643 1711 Non
1656 1679 1762 1710 otiose

1079 1737 1191 1764 antem
1211 1729 1494 1772 pratereundum.
1508 1727 1597 1770 quod
1618 1727 1764 1759 Novium

1081 1791 1145 1813 uno
1157 1779 1390 1813 seinferiorem
1403 1778 1517 1819 gradu,
1525 1781 1562 1808 ut
1574 1781 1656 1818 puta
1666 1775 1766 1807 liber·

1080 1836 1164 1870 tum,
1178 1838 1254 1862 cum
1268 1829 1341 1870 ipse
1355 1827 1529 1859 libertinus
1539 1826 1594 1866 sit,
1603 1824 1766 1865 collegam

1081 1880 1202 1912 sedere
1225 1876 1409 1918 respondet
1430 1876 1458 1907 is
1482 1884 1581 1917 quem
1599 1883 1619 1906 a
1643 1873 1766 1914 populo

1082 1927 1283 1970 reprehendi
1298 1925 1398 1966 fingit
1411 1923 1532 1956 Horat.
1547 1932 1624 1954 nam
1645 1921 1656 1940 ‘
1672 1921 1767 1953 sede-

1082 1977 1138 2009 re'
1159 1977 1215 2009 hic
1239 1976 1376 2007 verbum
1396 1973 1484 2015 juris
1498 1977 1561 2005 est.
1600 1969 1769 2003 ‘Sedere'

1083 2026 1170 2057 enim
1186 2024 1362 2056 dicebatur
1379 2026 1517 2063 praetor,
1540 2030 1617 2052 cum
1641 2019 1694 2051 sui
1711 2027 1767 2050 eo·

1083 2074 1172 2114 piam
1187 2073 1326 2111 faciens,
1349 2071 1449 2103 alicui
1463 2079 1499 2101 se
1515 2068 1695 2110 cognitioni
1710 2067 1767 2098 da-

1083 2122 1163 2159 bat3
1185 2126 1220 2152 et
1241 2120 1374 2160 quidem
1401 2118 1520 2149 sedere
1542 2117 1619 2148 huic
1640 2116 1693 2147 vel
1719 2115 1767 2146 illi
1810 2140 1815 2145 .

1083 2171 1146 2207 rei,
1157 2169 1200 2200 de
1213 2177 1280 2209 qua
1293 2175 1414 2206 nempe
1429 2163 1664 2205 cognoscebat.
1699 2162 1769 2194 Un-

1084 2219 1126 2250 de
1142 2224 1178 2250 et
1196 2219 1207 2236 ⁸
1219 2217 1400 2249 sessionum
1422 2213 1514 2246 dies’
1535 2213 1630 2253 dicti,
1651 2211 1769 2254 quibus

1086 2271 1211 2308 praetor
1225 2275 1286 2306 pro
1311 2263 1468 2296 tribunali
1490 2261 1624 2300 sedens,
1633 2261 1705 2302 juri
1719 2261 1770 2293 di-

1086 2315 1196 2347 cundo
1221 2322 1356 2354 operam
1386 2311 1500 2342 dabat.
1529 2310 1672 2342 Tor-rm.
1723 2309 1770 2341 At

1088 2364 1208 2396 Novius
1228 2362 1360 2402 collega]
1383 2359 1581 2401 Respondet
1599 2357 1687 2390 filius
1701 2359 1772 2390 Da-

1088 2423 1163 2448 mae,
1178 2412 1292 2444 dicens
1305 2410 1466 2451 collegam
1480 2417 1576 2440 suum
1589 2417 1626 2440 se
1636 2416 1710 2439 esse
1725 2408 1772 2449 ig-

1088 2461 1296 2493 nobiliorem.

1131 2513 1171 2542 41
1195 2509 1268 2549 Ille]
1291 2509 1354 2540 Est
1378 2507 1435 2538 ille
1452 2506 1605 2546 libertus,
1618 2515 1693 2539 eum
1709 2516 1772 2546 ego

1091 2559 1151 2590 sim
1177 2557 1366 2589 libertinus.
1409 2555 1480 2586 Hoc
1495 2555 1555 2586 tibi
1576 2554 1709 2595 Paulas]
1734 2555 1773 2587 In

1089 2609 1152 2640 hoc
1176 2607 1263 2648 quod
1289 2606 1418 2645 collega
1445 2609 1504 2636 tuo
1540 2604 1586 2635 sis
1613 2603 1774 2644 superior.

1091 2656 1214 2687 videris
1243 2663 1315 2686 esse
1336 2652 1457 2684 nobilis
1481 2659 1519 2684 ut
1542 2652 1676 2692 Paulus,
1693 2655 1773 2682 sunt

1091 2705 1195 2737 verba
1210 2702 1341 2736 Horatii
1355 2701 1408 2733 vel
1421 2701 1504 2733 alius
1527 2701 1609 2733 civis
1623 2698 1771 2732 Romani.

1095 2754 1210 2787 Paulus
1233 2756 1264 2785 et
1287 2750 1448 2791 Messalla]
1471 2749 1548 2782 Hoc
1562 2748 1717 2784 Valeria».
1735 2746 1773 2778 il·
