1904 3216
463 306 671 338 Honxru
705 305 983 337 sannionum
1018 307 1113 338 mn.
1147 307 1180 338 1.
1210 296 1252 337 7.

130 401 308 441 (incitatis,
325 404 363 432 ut
386 401 555 443 Cruquius
577 398 738 440 exponit.
756 398 831 430 vor-

131 455 214 484 rene.
258 450 421 493 Hybrida]
445 450 606 492 Hybrida
617 458 661 481 ex
677 452 775 489 patre
785 447 832 480 A·

134 501 264 535 siatico
273 506 310 534 et
326 506 435 537 matre
442 502 594 534 Romana
609 503 719 532 natus.
733 498 832 540 Angl.

131 562 154 584 a
167 553 318 592 magr-el.

177 605 197 634 ³
220 602 332 644 Lippi-³
351 606 469 643 notum,
489 601 557 643 lfa]
588 601 674 635 Quae
693 601 768 642 jam
797 601 832 632 in

134 661 194 684 ora
218 653 311 694 vulgi
336 653 508 694 abierunt,
521 651 713 698 tonsoribus
729 656 833 693 atque

132 702 236 744 lippis
252 706 334 735 nota
346 702 522 742 dicuntur,
542 706 727 743 propterea
742 700 832 743 quod

133 753 212 785 olim
226 754 263 786 in
279 754 522 785 tonstrinarum
534 752 747 786 consessibus
762 761 832 784 om—

136 812 198 836 nes
227 805 381 835 nunores
409 802 539 834 narrari
569 807 830 834 consueverunt.

137 852 299 887 Ermum.
343 851 456 892 Lippi-s
466 851 588 892 notum]
622 851 721 892 Lippi
738 851 779 883 ad
796 861 831 882 sc

135 901 290 933 alliciunt
301 901 475 942 loquaces.
513 901 713 941 Tonsoribns]
731 900 831 942 Apud

132 957 290 990 tonsores
304 952 428 984 multas
443 951 512 983 diei
531 952 630 984 horas
653 957 832 984 conterunt

133 1001 306 1042 loquaces.

178 1055 198 1082 5
217 1052 424 1093 Claumonis]
437 1053 447 1071 ‘
459 1053 696 1090 Clazemonem
707 1052 716 1067 ’
730 1053 833 1084 etiam

138 1106 240 1133 vocat
275 1101 419 1142 Plinius,
450 1103 494 1135 ad
520 1103 722 1135 Chersonesi
745 1103 835 1135 Isth·
843 1109 847 1112 ’

137 1161 240 1183 mum.
264 1152 358 1191 olim,
373 1157 412 1183 ut
433 1153 583 1185 nonnulli
600 1154 731 1193 volunt,
746 1153 837 1193 Gry·

138 1211 181 1233 na
197 1201 289 1234 dicta
303 1206 378 1235 est:
402 1202 463 1235 sed
479 1203 536 1234 alii
558 1205 568 1221 ⁴
582 1202 760 1244 Grynam‚'
777 1211 835 1234 seu

138 1253 148 1270 ‘
162 1251 360 1292 Gryneum‚’
381 1253 526 1284 vicinum
548 1252 653 1284 fuisse
674 1253 836 1294 oppidum

137 1303 290 1335 tradunt.
333 1303 524 1344 Stephanus
538 1303 548 1320 ‘
561 1304 695 1344 Grynos
706 1303 714 1316 ’
728 1308 838 1335 vocat.

138 1351 242 1384 Unde
263 1354 272 1371 ‘
284 1353 454 1394 Grynaeus
469 1353 615 1394 Apollo.’
640 1353 778 1385 Servius
794 1352 837 1383 ad

136 1403 234 1443 Virg.
260 1403 334 1436 Ecl-
358 1413 407 1436 vx.
444 1404 635 1436 Torrentius.
682 1404 838 1434 clazome-

137 1451 203 1493 κίε]
215 1453 311 1486 Urbe
324 1453 431 1486 Asiae.
470 1454 551 1485 Cam
564 1453 653 1494 rege]
671 1453 756 1484 Cum
772 1452 837 1483 Re-

138 1512 181 1544 ge
199 1503 348 1544 Rupilio.

180 1555 201 1583 6
223 1553 333 1584 Dum
346 1553 452 1592 homo]
487 1554 590 1585 Dnrae
611 1553 754 1585 cervicis
779 1552 837 1583 ho-

138 1611 206 1637 mo·
232 1612 235 1615 ’
250 1602 348 1644 Odia]
370 1603 380 1621 ‘
393 1602 518 1634 Odium
531 1603 540 1617 ’
557 1603 648 1644 apud
669 1603 837 1634 classicos

139 1658 297 1700 auctores
306 1662 397 1694 soepe
410 1653 599 1685 molestiam
614 1662 652 1684 ac
665 1651 838 1684 fastidium

140 1701 319 1742 significat,
344 1703 534 1743 praesertim
560 1703 746 1743 importuni
767 1712 840 1732 ser-

141 1751 250 1784 monis
288 1752 490 1784 assiduitate
529 1757 657 1783 natum.
703 1752 841 1782 Lucret.

139 1799 211 1831 ‘At
225 1798 372 1840 flagrans
395 1799 510 1831 odiosa
531 1799 733 1841 loquacula:
767 1800 843 1831 Tor-

141 1851 224 1879 rent-
249 1848 347 1889 odio]
361 1848 535 1880 Orationis
544 1849 746 1881 acerbitate.
765 1849 844 1889 [Di-

143 1907 198 1930 ras
211 1898 300 1930 homo
315 1897 372 1929 ed.
386 1898 512 1930 Venet.
529 1898 641 1939 1481.]

186 1951 205 1980 7
225 1948 408 1991 Coi-fidens]
424 1948 558 1980 Audax.
596 1947 761 1989 Tumidos]
777 1948 845 1979 Ve-

145 2004 201 2029 tna
226 1997 314 2029 haud
339 1997 442 2030 dubie
466 1998 648 2038 scriptura,
664 2007 727 2030 non
752 1997 847 2030 tumi-

144 2049 272 2088 ducque.
288 2047 445 2079 Torreat.
482 2046 647 2087 Tumidus]
661 2048 846 2088 Superbus.

146 2098 306 2133 Sermonis
339 2098 455 2139 aarum]
512 2098 646 2139 odiosi,
684 2098 846 2137 insuavis,

147 2148 316 2180 mordacis
330 2159 340 2179 ι
363 2149 460 2180 homo
478 2149 634 2189 petulans
655 2149 689 2179 in
706 2147 847 2179 maledi-

145 2197 266 2230 cendo.
282 2197 390 2238 πικρὸν
405 2199 580 2238 appellant
597 2198 726 2233 Graeci.
741 2198 847 2228 homi-

147 2257 223 2281 nem
240 2257 354 2281 amare
369 2247 468 2279 irasci
487 2248 635 2279 solitum.
657 2248 803 2280 Lambin.

187 2301 210 2331 8
244 2297 408 2337 suen-nas,
434 2299 572 2339 Barros]
611 2299 732 2330 Barros
748 2298 846 2329 ’dnos

143 2348 215 2389 jam
232 2353 312 2381 ante
327 2348 557 2388 cognovimus.
587 2347 720 2379 Saevum
732 2353 847 2378 autem

148 2397 374 2439 Antoniorum
400 2401 436 2428 et
463 2396 696 2428 Corneliorum
725 2405 848 2436 cogno·

148 2457 239 2479 men.
283 2445 414 2477 Aculeo
435 2450 531 2477 certe
554 2455 621 2476 non
643 2446 751 2476 carnit
768 2446 850 2477 Cor·

150 2497 258 2528 nelina
274 2495 332 2527 illo
346 2495 492 2527 Sisenna
511 2495 601 2535 ‘apud
627 2495 774 2527 Dionem
796 2495 851 2526 lib.

151 2554 227 2578 mv.
243 2545 300 2586 qui
316 2544 361 2576 de
385 2545 497 2576 uxoris
521 2544 594 2576 vita
613 2545 852 2587 reprehensus,

153 2598 187 2628 in
201 2597 332 2629 Senatu
345 2605 444 2627 ausus
461 2594 566 2627 fuerit
580 2595 692 2627 dicere
708 2605 743 2626 se
759 2596 850 2628 illam

154 2652 190 2679 et
208 2647 337 2678 sciente
361 2650 396 2678 et
418 2646 583 2678 suadente
600 2646 754 2687 Augusto
779 2647 852 2678 Cae-

155 2706 230 2729 aare
257 2695 410 2734 duxisse,
438 2700 559 2727 notans
585 2695 749 2736 principis
777 2705 853 2727 cum

155 2758 197 2779 ea
213 2746 507 2786 cousuetudinem,
523 2755 623 2787 quam
646 2746 774 2786 nuptiis
797 2755 854 2777 ce-

155 2799 261 2830 latam
278 2798 395 2829 vellet.
413 2797 557 2828 Torreat.
593 2797 756 2836 Sisennae,
770 2797 853 2828 Bar-

155 2849 222 2890 rus]
251 2847 488 2879 Nobilissimos
510 2847 761 2880 convitiatores.
810 2847 854 2878 Ut

245 2901 361 2942 Delph.
371 2905 400 2931 et
416 2901 491 2933 Vur.
506 2901 593 2932 Clas.

827 2899 944 2930 Horae.

1466 296 1578 338 1649

881 399 985 441 equis]
999 400 1048 432 Ut
1059 401 1159 440 longe
1171 400 1362 441 superaret.
1406 399 1497 441 Equi
1510 400 1577 431 albi

883 449 1046 482 dicuntur
1061 451 1209 482 omnium
1225 449 1408 482 celerrimi

926 500 963 541 [9
993 500 1139 541 Cuning.
1146 500 1202 532 ml
1213 500 1326 540 inter]

927 551 968 582 1⁰
991 550 1064 582 Hoc
1077 551 1193 582 etenim
1204 554 1277 582 sunt
1298 559 1400 582 omnes
1417 550 1493 589 jure
1515 542 1579 582 mo-

882 599 970 640 lesti]
1003 600 1133 632 Omnes
1161 601 1295 632 molesti
1322 610 1364 632 eo
1389 605 1468 632 sunt
1489 601 1579 642 jure,

883 659 949 691 quo
965 649 1087 689 fortes,
1104 650 1139 681 id
1153 655 1219 691 est,
1240 650 1382 682 eandem
1398 647 1463 682 sibl
1480 649 1582 682 libet*

879 703 990 730 -tatem
1003 699 1190 731 vindicant.
1226 699 1372 740 Molesti]
1394 700 1450 732 Ita
1464 707 1580 741 garru-

882 749 932 780 los
948 758 989 780 ac
1002 749 1163 790 loquaces
1178 755 1290 781 vocat.
1314 750 1467 783 Quorum
1480 758 1584 791 qnan-

883 807 984 840 quam
1007 799 1126 840 ingens
1151 799 1196 830 sit
1215 799 1342 839 odium,
1369 808 1446 830 cum
1469 803 1583 830 tamen

883 848 1058 889 gloriolam
1071 849 1151 880 iude
1172 849 1322 890 aliquam
1344 853 1517 890 tamquam
1534 848 1584 880 di-

883 907 983 930 caces
1005 902 1231 939 aucupentur,
1253 899 1375 929 aemnlo
1391 899 1512 929 nolunt
1527 907 1583 929 ce-

884 948 980 984 dere,
993 949 1135 990 perinde
1151 958 1191 980 ac
1208 948 1265 990 qui
1281 948 1323 980 de
1338 948 1461 979 bellica
1476 948 1584 989 gloria

883 999 1106 1031 contendunt.
1132 1000 1275 1031 Torreat.

930 1052 972 1081 12
1026 1050 1225 1090 Priamiden]
1282 1051 1412 1082 Priami
1468 1050 1586 1082 filium.

887 1100 1013 1140 [Codd.
1043 1110 1099 1142 ap.
1130 1102 1247 1140 Fam,
1276 1100 1506 1141 animosumque
1536 1102 1587 1132 in-

886 1154 944 1183 ter.
949 1151 963 1192 ]

933 1206 972 1235 13
996 1203 1053 1234 Ira
1075 1203 1233 1244 capitalis]
1254 1203 1342 1235 Quoe
1367 1212 1434 1235 non
1460 1203 1523 1234 nisi
1540 1203 1588 1234 al-

890 1253 995 1284 terius
1011 1252 1151 1284 interitu
1168 1253 1367 1285 sedaretur:
1398 1257 1467 1284 tam
1485 1252 1588 1292 pesti-

889 1302 961 1334 fera
985 1313 1024 1334 ac
1041 1303 1240 1344 pernitiosa.
1262 1302 1406 1334 Lambin.
1455 1303 1500 1333 Ut
1513 1301 1587 1333 utti-

887 1363 938 1384 ma
952 1353 1106 1384 divideret
1120 1352 1218 1392 πων-ε]
1238 1353 1286 1384 Ut
1301 1353 1372 1384 sola
1386 1362 1476 1384 mors
1491 1352 1588 1384 litem

888 1401 1077 1434 dirimeret.

934 1455 972 1483 15
1003 1452 1077 1483 Duo
1102 1451 1147 1492 si]
1170 1453 1268 1484 Duos
1295 1451 1444 1492 ignavos.
1488 1451 1589 1492 [Vat.

890 1503 986 1533 Rom.
1001 1505 1033 1534 9.
1047 1505 1139 1534 vexet
1157 1501 1318 1542 inermes]

933 1554 974 1582 16
1008 1551 1212 1592 Disparibus]
1258 1552 1354 1583 Forti
1383 1556 1418 1583 et
1448 1551 1587 1592 ignavo.

889 1601 983 1643 [Vat.
1000 1601 1102 1633 Rom.
1117 1604 1150 1633 2.
1166 1612 1185 1632 a
1201 1612 1245 1633 m.
1263 1612 1332 1634 sec.
1349 1601 1492 1642 incidit]

933 1652 972 1684 17
992 1652 1129 1683 Glauco.-
1143 1651 1298 1691 discedat]
1316 1653 1482 1690 Glaucus,
1498 1653 1589 1692 igna-

891 1701 976 1740 vior,
998 1702 1089 1732 ultro
1106 1702 1279 1741 Diomedi,
1293 1706 1331 1732 ut
1346 1702 1389 1732 ab
1405 1702 1507 1732 armis
1523 1701 1593 1732 dis-

892 1752 1045 1784 cederet,
1069 1760 1210 1782 munera
1226 1751 1318 1781 misit
1340 1759 1443 1782 aurea
1469 1760 1532 1790 pro
1547 1760 1591 1781 ω-

894 1801 969 1831 reis.
1014 1801 1170 1831 Diu-edat
1188 1800 1328 1840 pigrior]
1360 1800 1489 1832 Nescio
1514 1801 1596 1841 quid

895 1851 958 1882 sibi
980 1851 1064 1882 velit
1088 1851 1178 1891 quod
1202 1851 1235 1881 in
1256 1851 1406 1891 quinque
1423 1851 1596 1892 exempla-

897 1901 989 1931 ribus
1003 1899 1142 1941 pulcrior
1155 1910 1216 1941 pro
1225 1901 1350 1940 pigrior
1366 1901 1505 1941 legitur.
1541 1901 1594 1932 An

896 1949 987 1982 forte
1004 1949 1045 1981 ad
1062 1951 1230 1982 Glaucum
1246 1949 1367 1981 referri
1386 1949 1515 1982 debet?
1537 1950 1595 1981 ille

896 2000 984 2031 enim
998 2000 1148 2041 pulcrior
1164 2010 1204 2032 ac
1219 2001 1343 2032 lautior
1358 2009 1450 2031 arma
1463 2010 1523 2031 sna
1537 2010 1593 2031 au-

897 2060 954 2082 rea
970 2060 1046 2082 cum
1062 2052 1160 2082 aereis
1177 2050 1396 2091 permutavit.
1425 2050 1513 2081 Torr.

940 2104 980 2132 18
1017 2101 1123 2132 Bruto
1154 2101 1298 2132 Praetore
1330 2103 1454 2133 tenente
1483 2099 1595 2131 Ditem

897 2150 1022 2190 Asiam]
1045 2151 1095 2182 Μ.
1113 2151 1239 2182 Brutus
1266 2156 1300 2182 et
1317 2152 1355 2182 C.
1373 2150 1526 2190 Cassius,
1554 2160 1595 2181 eo

897 2210 985 2232 anno
998 2211 1065 2242 quo
1079 2201 1192 2232 Caesar
1213 2200 1416 2232 interfectus
1431 2205 1497 2240 est,
1513 2210 1597 2241 prae-

898 2256 990 2282 tores
1015 2251 1146 2287 urbani,
1171 2252 1246 2292 lege
1270 2251 1382 2283 Pedia
1406 2256 1526 2282 contra
1548 2251 1597 2281 in-

898 2299 1103 2332 terfectores
1133 2301 1204 2341 ejus
1231 2302 1314 2341 lata,
1344 2301 1375 2331 in
1404 2301 1596 2341 provincias

870 2380 877 2389 ,
898 2359 972 2380 suas
1008 2350 1144 2382 Cretam
1176 2355 1212 2381 et
1243 2350 1437 2390 Bithyniam
1469 2350 1597 2381 abiere.

898 2398 1026 2430 Postea
1055 2408 1136 2429 vero
1162 2400 1291 2430 Brutus
1317 2398 1553 2430 Macedoniam
1580 2410 1599 2429 a

898 2449 1026 2480 Senatu
1043 2448 1198 2479 obtinere
1215 2448 1346 2488 jussus,
1373 2448 1404 2478 in
1423 2448 1535 2479 Asiam
1555 2447 1598 2478 ad

900 2499 1135 2530 contrahenda
1149 2498 1299 2539 {indique
1322 2497 1448 2528 auxilia
1465 2496 1602 2537 profec-

901 2552 955 2579 tus
971 2553 1038 2587 est,
1054 2554 1156 2589 atque
1182 2548 1230 2579 ibi
1257 2553 1336 2579 ante
1365 2548 1490 2578 bellum
1518 2547 1600 2578 Phi-

901 2598 1148 2639 lippense,quo
1164 2598 1294 2629 occisus
1309 2602 1375 2633 est,
1390 2598 1498 2628 multa
1514 2607 1601 2638 prae-

901 2647 993 2679 clare
1016 2648 1139 2688 gessit:
1164 2647 1255 2688 quod
1285 2647 1412 2678 dietum
1439 2648 1542 2687 volui,
1563 2653 1602 2679 ut

903 2705 1008 2738 quare
1035 2698 1044 2714 ‘
1065 2696 1265 2737 praetorem’
1293 2702 1393 2728 vocet
1423 2697 1600 2735 Horatius,

902 2751 939 2778 et
954 2747 1122 2788 quomodo
1139 2747 1254 2778 Asiam
1273 2747 1435 2789 tenuerit,
1463 2757 1530 2779 non
1553 2749 1601 2789 ig-

902 2802 1054 2829 noretur.
1080 2798 1222 2830 Torreat.
1268 2799 1416 2840 Tenente]
1436 2799 1544 2830 Bruto
1558 2799 1602 2829 A-

905 2847 988 2878 siam
1003 2847 1204 2887 occupante.

1434 2901 1515 2931 5M
