<?xml version="1.0" encoding="UTF-8"?>
<!DOCTYPE html PUBLIC "-//W3C//DTD XHTML 1.0 Transitional//EN"
    "http://www.w3.org/TR/xhtml1/DTD/xhtml1-transitional.dtd">
<html xmlns="http://www.w3.org/1999/xhtml" xml:lang="en" lang="en">
 <head>
  <title>
</title>
<meta http-equiv="Content-Type" content="text/html;charset=utf-8" />
  <meta name='ocr-system' content='tesseract 3.04.00' />
  <meta name='ocr-capabilities' content='ocr_page ocr_carea ocr_par ocr_line ocrx_word'/>
</head>
<body>
  <div class='ocr_page' id='page_1' title='image "./operazeune03horauoft/operazeune03horauoft_0274.png"; bbox 0 0 1916 3262; ppageno 0'>
   <div class='ocr_carea' id='block_1_1' title="bbox 325 257 436 298">
    <p class='ocr_par' dir='ltr' id='par_1_1' title="bbox 325 257 436 298">
     <span class='ocr_line' id='line_1_1' title="bbox 325 257 436 298; baseline 0.009 -1"><span class='ocrx_word' id='word_1_1' title='bbox 325 259 345 297; x_wconf 90' lang='lat'>1</span> <span class='ocrx_word' id='word_1_2' title='bbox 353 257 436 298; x_wconf 72' lang='lat'>420</span> 
     </span>
    </p>
   </div>
   <div class='ocr_carea' id='block_1_2' title="bbox 323 359 1007 545">
    <p class='ocr_par' dir='ltr' id='par_1_2' title="bbox 323 359 1007 545">
     <span class='ocr_line' id='line_1_2' title="bbox 323 359 1007 401; baseline 0.003 -12"><span class='ocrx_word' id='word_1_3' title='bbox 323 360 354 389; x_wconf 83' lang='lat' dir='ltr'>la</span> <span class='ocrx_word' id='word_1_4' title='bbox 367 359 551 399; x_wconf 81' lang='lat' dir='ltr'><strong><em>decempedis</em></strong></span> <span class='ocrx_word' id='word_1_5' title='bbox 566 360 702 400; x_wconf 80' lang='lat' dir='ltr'>Metata]</span> <span class='ocrx_word' id='word_1_6' title='bbox 735 360 842 392; x_wconf 89' lang='lat' dir='ltr'>Nemo</span> <span class='ocrx_word' id='word_1_7' title='bbox 858 361 1007 401; x_wconf 80' lang='lat' dir='ltr'>privatus</span> 
     </span>
     <span class='ocr_line' id='line_1_3' title="bbox 324 406 1005 452; baseline 0.003 -14"><span class='ocrx_word' id='word_1_8' title='bbox 324 406 470 439; x_wconf 77' lang='lat' dir='ltr'>habebat</span> <span class='ocrx_word' id='word_1_9' title='bbox 504 408 669 452; x_wconf 85' lang='lat' dir='ltr'>porticum</span> <span class='ocrx_word' id='word_1_10' title='bbox 711 409 1005 448; x_wconf 80' lang='lat' dir='ltr'>Septentrionibus</span> 
     </span>
     <span class='ocr_line' id='line_1_4' title="bbox 323 455 1006 498; baseline 0.003 -12"><span class='ocrx_word' id='word_1_11' title='bbox 323 455 489 496; x_wconf 79' lang='lat' dir='ltr'>objectam</span> <span class='ocrx_word' id='word_1_12' title='bbox 511 455 561 497; x_wconf 90' lang='lat' dir='ltr'>(in</span> <span class='ocrx_word' id='word_1_13' title='bbox 577 466 643 497; x_wconf 80' lang='lat' dir='ltr'>qua</span> <span class='ocrx_word' id='word_1_14' title='bbox 658 457 773 488; x_wconf 85' lang='lat' dir='ltr'>aestivo</span> <span class='ocrx_word' id='word_1_15' title='bbox 796 461 944 498; x_wconf 88' lang='lat' dir='ltr'>tempore</span> <span class='ocrx_word' id='word_1_16' title='bbox 960 458 1006 488; x_wconf 92' lang='lat' dir='ltr'>in-</span> 
     </span>
     <span class='ocr_line' id='line_1_5' title="bbox 325 503 1004 545; baseline 0.001 -10"><span class='ocrx_word' id='word_1_17' title='bbox 325 503 530 544; x_wconf 82' lang='lat' dir='ltr'>ambularet)</span> <span class='ocrx_word' id='word_1_18' title='bbox 545 505 629 536; x_wconf 89' lang='lat' dir='ltr'>adeo</span> <span class='ocrx_word' id='word_1_19' title='bbox 652 505 807 545; x_wconf 83' lang='lat' dir='ltr'><strong>amplam,</strong></span> <span class='ocrx_word' id='word_1_20' title='bbox 827 511 864 536; x_wconf 85' lang='lat' dir='ltr'>ut</span> <span class='ocrx_word' id='word_1_21' title='bbox 878 515 917 536; x_wconf 88' lang='lat' dir='ltr'>ea</span> <span class='ocrx_word' id='word_1_22' title='bbox 933 515 1004 545; x_wconf 91' lang='lat' dir='ltr'>per-</span> 
     </span>
    </p>
   </div>
   <div class='ocr_carea' id='block_1_3' title="bbox 324 553 1033 594">
    <p class='ocr_par' dir='ltr' id='par_1_3' title="bbox 324 553 1033 594">
     <span class='ocr_line' id='line_1_6' title="bbox 324 553 1033 594; baseline 0.001 -10"><span class='ocrx_word' id='word_1_23' title='bbox 324 554 455 584; x_wconf 88' lang='lat' dir='ltr'>veniret</span> <span class='ocrx_word' id='word_1_24' title='bbox 469 554 509 584; x_wconf 85' lang='lat' dir='ltr'>ad</span> <span class='ocrx_word' id='word_1_25' title='bbox 526 563 710 584; x_wconf 85' lang='lat' dir='ltr'>mensuram</span> <span class='ocrx_word' id='word_1_26' title='bbox 733 553 848 585; x_wconf 89' lang='lat' dir='ltr'>decem</span> <span class='ocrx_word' id='word_1_27' title='bbox 872 554 1007 594; x_wconf 85' lang='lat' dir='ltr'>pedum.</span> <span class='ocrx_word' id='word_1_28' title='bbox 1026 564 1033 570; x_wconf 88' lang='lat'><strong>·</strong></span> 
     </span>
    </p>
   </div>
   <div class='ocr_carea' id='block_1_4' title="bbox 318 602 1009 2652">
    <p class='ocr_par' dir='ltr' id='par_1_4' title="bbox 323 602 1006 738">
     <span class='ocr_line' id='line_1_7' title="bbox 325 602 1006 642; baseline 0.001 -10"><span class='ocrx_word' id='word_1_29' title='bbox 325 602 542 642; x_wconf 83' lang='lat' dir='ltr'>Decempeda</span> <span class='ocrx_word' id='word_1_30' title='bbox 570 606 622 633; x_wconf 87' lang='lat' dir='ltr'>est</span> <span class='ocrx_word' id='word_1_31' title='bbox 652 602 781 642; x_wconf 86' lang='lat' dir='ltr'>pertica</span> <span class='ocrx_word' id='word_1_32' title='bbox 807 602 922 633; x_wconf 84' lang='lat' dir='ltr'>decem</span> <span class='ocrx_word' id='word_1_33' title='bbox 950 611 1006 642; x_wconf 89' lang='lat' dir='ltr'>pe-</span> 
     </span>
     <span class='ocr_line' id='line_1_8' title="bbox 323 650 1005 692; baseline 0.001 -11"><span class='ocrx_word' id='word_1_34' title='bbox 323 650 414 690; x_wconf 89' lang='lat' dir='ltr'>dum,</span> <span class='ocrx_word' id='word_1_35' title='bbox 438 652 471 682; x_wconf 90' lang='lat' dir='ltr'>in</span> <span class='ocrx_word' id='word_1_36' title='bbox 492 661 557 692; x_wconf 81' lang='lat' dir='ltr'>qua</span> <span class='ocrx_word' id='word_1_37' title='bbox 577 650 715 682; x_wconf 84' lang='lat' dir='ltr'>fabricae</span> <span class='ocrx_word' id='word_1_38' title='bbox 737 661 892 683; x_wconf 85' lang='lat' dir='ltr'>mensura</span> <span class='ocrx_word' id='word_1_39' title='bbox 915 651 1005 683; x_wconf 90' lang='lat' dir='ltr'>colli-</span> 
     </span>
     <span class='ocr_line' id='line_1_9' title="bbox 323 699 423 738; baseline 0.01 -9"><span class='ocrx_word' id='word_1_40' title='bbox 323 699 423 738; x_wconf 81' lang='lat' dir='ltr'>gitur.</span> 
     </span>
    </p>

    <p class='ocr_par' dir='ltr' id='par_1_5' title="bbox 320 749 1008 1230">
     <span class='ocr_line' id='line_1_10' title="bbox 366 749 1006 790; baseline 0.002 -12"><span class='ocrx_word' id='word_1_41' title='bbox 366 750 405 778; x_wconf 88' lang='grc'>15</span> <span class='ocrx_word' id='word_1_42' title='bbox 442 749 565 780; x_wconf 78' lang='lat' dir='ltr'>Metata</span> <span class='ocrx_word' id='word_1_43' title='bbox 589 750 736 790; x_wconf 79' lang='lat' dir='ltr'>privatis]</span> <span class='ocrx_word' id='word_1_44' title='bbox 780 749 1006 790; x_wconf 87' lang='lat' dir='ltr'>Decempedis</span> 
     </span>
     <span class='ocr_line' id='line_1_11' title="bbox 323 798 1008 841; baseline 0.006 -15"><span class='ocrx_word' id='word_1_45' title='bbox 323 803 534 841; x_wconf 56' lang='lat' dir='ltr'>mensuratab</span> <span class='ocrx_word' id='word_1_46' title='bbox 565 798 734 838; x_wconf 72' lang='lat' dir='ltr'>[Metulum</span> <span class='ocrx_word' id='word_1_47' title='bbox 758 800 903 840; x_wconf 89' lang='lat' dir='ltr'>Guelph.</span> <span class='ocrx_word' id='word_1_48' title='bbox 927 802 1008 840; x_wconf 83' lang='lat' dir='ltr'>apri-</span> 
     </span>
     <span class='ocr_line' id='line_1_12' title="bbox 322 846 735 888; baseline 0.012 -13"><span class='ocrx_word' id='word_1_49' title='bbox 322 855 388 876; x_wconf 84' lang='lat' dir='ltr'>cam</span> <span class='ocrx_word' id='word_1_50' title='bbox 402 846 515 878; x_wconf 85' lang='lat' dir='ltr'>Bentl.</span> <span class='ocrx_word' id='word_1_51' title='bbox 532 857 585 888; x_wconf 82' lang='lat' dir='ltr'>ap.</span> <span class='ocrx_word' id='word_1_52' title='bbox 600 848 735 888; x_wconf 84' lang='lat' dir='ltr'>Jaeck.]</span> 
     </span>
     <span class='ocr_line' id='line_1_13' title="bbox 328 895 1006 936; baseline 0.001 -10"><span class='ocrx_word' id='word_1_53' title='bbox 328 915 331 918; x_wconf 60' lang='lat'><strong>&gt;</strong></span> <span class='ocrx_word' id='word_1_54' title='bbox 365 897 405 926; x_wconf 82' lang='lat'>16</span> <span class='ocrx_word' id='word_1_55' title='bbox 440 895 559 927; x_wconf 80' lang='lat' dir='ltr'><strong><em>Arcton</em></strong></span> <span class='ocrx_word' id='word_1_56' title='bbox 587 896 727 936; x_wconf 80' lang='lat' dir='ltr'>opacam]</span> <span class='ocrx_word' id='word_1_57' title='bbox 758 898 862 928; x_wconf 83' lang='lat' dir='ltr'><strong><em>Recte</em></strong></span> <span class='ocrx_word' id='word_1_58' title='bbox 883 907 1006 936; x_wconf 82' lang='lat' dir='ltr'><em>opacam</em></span> 
     </span>
     <span class='ocr_line' id='line_1_14' title="bbox 321 946 1006 985; baseline 0.003 -11"><span class='ocrx_word' id='word_1_59' title='bbox 321 947 433 984; x_wconf 83' lang='lat' dir='ltr'>vocat,</span> <span class='ocrx_word' id='word_1_60' title='bbox 459 946 700 985; x_wconf 87' lang='lat' dir='ltr'>Septemtrioni</span> <span class='ocrx_word' id='word_1_61' title='bbox 726 955 846 985; x_wconf 86' lang='lat' dir='ltr'><strong><em>nempe</em></strong></span> <span class='ocrx_word' id='word_1_62' title='bbox 875 946 1006 985; x_wconf 86' lang='lat' dir='ltr'>exposi-</span> 
     </span>
     <span class='ocr_line' id='line_1_15' title="bbox 321 996 1005 1038; baseline 0.003 -13"><span class='ocrx_word' id='word_1_63' title='bbox 321 999 404 1035; x_wconf 85' lang='lat' dir='ltr'><strong>tam,</strong></span> <span class='ocrx_word' id='word_1_64' title='bbox 418 1005 457 1027; x_wconf 80' lang='lat' dir='ltr'>ac</span> <span class='ocrx_word' id='word_1_65' title='bbox 469 997 607 1036; x_wconf 84' lang='lat' dir='ltr'>proinde</span> <span class='ocrx_word' id='word_1_66' title='bbox 622 1006 771 1027; x_wconf 84' lang='lat' dir='ltr'>aversam</span> <span class='ocrx_word' id='word_1_67' title='bbox 783 996 918 1036; x_wconf 88' lang='lat' dir='ltr'>solibus,</span> <span class='ocrx_word' id='word_1_68' title='bbox 928 1006 1005 1038; x_wconf 86' lang='lat' dir='ltr'>qua-</span> 
     </span>
     <span class='ocr_line' id='line_1_16' title="bbox 321 1043 1007 1085; baseline 0 -12"><span class='ocrx_word' id='word_1_69' title='bbox 321 1043 370 1073; x_wconf 88' lang='lat' dir='ltr'>les</span> <span class='ocrx_word' id='word_1_70' title='bbox 414 1044 540 1075; x_wconf 84' lang='lat' dir='ltr'>aestivis</span> <span class='ocrx_word' id='word_1_71' title='bbox 579 1045 744 1075; x_wconf 83' lang='lat' dir='ltr'>caloribus</span> <span class='ocrx_word' id='word_1_72' title='bbox 790 1050 1007 1085; x_wconf 88' lang='lat' dir='ltr'>expetuntur.</span> 
     </span>
     <span class='ocr_line' id='line_1_17' title="bbox 326 1092 1005 1134; baseline 0.003 -12"><span class='ocrx_word' id='word_1_73' title='bbox 326 1092 466 1124; x_wconf 80' lang='lat' dir='ltr'>Torrent.</span> <span class='ocrx_word' id='word_1_74' title='bbox 507 1093 640 1134; x_wconf 74' lang='lat' dir='ltr'>Arcton]</span> <span class='ocrx_word' id='word_1_75' title='bbox 663 1094 795 1128; x_wconf 82' lang='lat' dir='ltr'>Ursam,</span> <span class='ocrx_word' id='word_1_76' title='bbox 810 1099 934 1124; x_wconf 82' lang='lat' dir='ltr'>astrum</span> <span class='ocrx_word' id='word_1_77' title='bbox 947 1094 1005 1125; x_wconf 89' lang='lat' dir='ltr'>bo-</span> 
     </span>
     <span class='ocr_line' id='line_1_18' title="bbox 323 1143 1006 1183; baseline 0.003 -11"><span class='ocrx_word' id='word_1_78' title='bbox 323 1143 426 1174; x_wconf 79' lang='lat' dir='ltr'>reale.</span> <span class='ocrx_word' id='word_1_79' title='bbox 455 1143 699 1183; x_wconf 86' lang='lat' dir='ltr'>[Schoenborn.</span> <span class='ocrx_word' id='word_1_80' title='bbox 715 1145 746 1174; x_wconf 83' lang='lat'>2.</span> <span class='ocrx_word' id='word_1_81' title='bbox 761 1143 930 1183; x_wconf 76' lang='lat' dir='ltr'><strong><em>excipiebat</em></strong></span> <span class='ocrx_word' id='word_1_82' title='bbox 943 1143 1006 1175; x_wconf 81' lang='lat' dir='ltr'>Ar-</span> 
     </span>
     <span class='ocr_line' id='line_1_19' title="bbox 320 1190 423 1230; baseline 0.019 -11"><span class='ocrx_word' id='word_1_83' title='bbox 320 1190 423 1230; x_wconf 67' lang='lat' dir='ltr'>chom]</span> 
     </span>
    </p>

    <p class='ocr_par' dir='ltr' id='par_1_6' title="bbox 318 1241 1009 2542">
     <span class='ocr_line' id='line_1_20' title="bbox 366 1241 1005 1282; baseline 0.005 -12"><span class='ocrx_word' id='word_1_84' title='bbox 366 1243 403 1270; x_wconf 77' lang='lat'>17</span> <span class='ocrx_word' id='word_1_85' title='bbox 429 1241 686 1282; x_wconf 80' lang='lat' dir='ltr'>Necsortuitum]</span> <span class='ocrx_word' id='word_1_86' title='bbox 710 1242 831 1273; x_wconf 82' lang='lat' dir='ltr'>Sensus</span> <span class='ocrx_word' id='word_1_87' title='bbox 847 1246 918 1274; x_wconf 85' lang='lat' dir='ltr'>est:</span> <span class='ocrx_word' id='word_1_88' title='bbox 943 1242 1005 1273; x_wconf 87' lang='lat' dir='ltr'>Le-</span> 
     </span>
     <span class='ocr_line' id='line_1_21' title="bbox 323 1291 1004 1331; baseline 0.003 -11"><span class='ocrx_word' id='word_1_89' title='bbox 323 1298 381 1328; x_wconf 85' lang='lat' dir='ltr'>ges</span> <span class='ocrx_word' id='word_1_90' title='bbox 403 1291 564 1321; x_wconf 87' lang='lat' dir='ltr'>vetabant</span> <span class='ocrx_word' id='word_1_91' title='bbox 585 1291 751 1322; x_wconf 77' lang='lat' dir='ltr'>Romanos</span> <span class='ocrx_word' id='word_1_92' title='bbox 778 1292 870 1322; x_wconf 78' lang='lat' dir='ltr'>villus</span> <span class='ocrx_word' id='word_1_93' title='bbox 893 1301 1004 1331; x_wconf 80' lang='lat' dir='ltr'>sump-</span> 
     </span>
     <span class='ocr_line' id='line_1_22' title="bbox 323 1339 1005 1380; baseline 0.001 -12"><span class='ocrx_word' id='word_1_94' title='bbox 323 1343 444 1375; x_wconf 87' lang='lat' dir='ltr'>tuosas,</span> <span class='ocrx_word' id='word_1_95' title='bbox 474 1345 507 1369; x_wconf 90' lang='lat' dir='ltr'>et</span> <span class='ocrx_word' id='word_1_96' title='bbox 538 1341 686 1379; x_wconf 81' lang='lat' dir='ltr'>porticus</span> <span class='ocrx_word' id='word_1_97' title='bbox 717 1339 898 1379; x_wconf 83' lang='lat' dir='ltr'>aedificare,</span> <span class='ocrx_word' id='word_1_98' title='bbox 925 1349 1005 1380; x_wconf 87' lang='lat' dir='ltr'>qua-</span> 
     </span>
     <span class='ocr_line' id='line_1_23' title="bbox 321 1389 1005 1429; baseline 0.003 -12"><span class='ocrx_word' id='word_1_99' title='bbox 321 1392 464 1427; x_wconf 83' lang='lat' dir='ltr'>propter</span> <span class='ocrx_word' id='word_1_100' title='bbox 479 1389 580 1418; x_wconf 84' lang='lat' dir='ltr'>vitam</span> <span class='ocrx_word' id='word_1_101' title='bbox 599 1389 743 1426; x_wconf 69' lang='lat' dir='ltr'>agebant</span> <span class='ocrx_word' id='word_1_102' title='bbox 759 1389 957 1429; x_wconf 87' lang='lat' dir='ltr'>simplicem,</span> <span class='ocrx_word' id='word_1_103' title='bbox 970 1393 1005 1419; x_wconf 90' lang='lat' dir='ltr'>et</span> 
     </span>
     <span class='ocr_line' id='line_1_24' title="bbox 322 1436 1006 1473; baseline 0.003 -7"><span class='ocrx_word' id='word_1_104' title='bbox 322 1436 394 1466; x_wconf 90' lang='lat' dir='ltr'>sine</span> <span class='ocrx_word' id='word_1_105' title='bbox 410 1436 602 1473; x_wconf 82' lang='lat' dir='ltr'>ambitione,</span> <span class='ocrx_word' id='word_1_106' title='bbox 618 1446 680 1468; x_wconf 89' lang='lat' dir='ltr'>nec</span> <span class='ocrx_word' id='word_1_107' title='bbox 695 1438 827 1468; x_wconf 89' lang='lat' dir='ltr'>omnino</span> <span class='ocrx_word' id='word_1_108' title='bbox 843 1437 1006 1468; x_wconf 82' lang='lat' dir='ltr'>curabant</span> 
     </span>
     <span class='ocr_line' id='line_1_25' title="bbox 321 1486 1006 1527; baseline 0.001 -11"><span class='ocrx_word' id='word_1_109' title='bbox 321 1486 470 1525; x_wconf 80' lang='lat' dir='ltr'>privatas</span> <span class='ocrx_word' id='word_1_110' title='bbox 493 1496 588 1526; x_wconf 91' lang='lat' dir='ltr'>opes,</span> <span class='ocrx_word' id='word_1_111' title='bbox 611 1491 646 1517; x_wconf 87' lang='lat' dir='ltr'>ut</span> <span class='ocrx_word' id='word_1_112' title='bbox 669 1487 725 1527; x_wconf 90' lang='lat' dir='ltr'>qui</span> <span class='ocrx_word' id='word_1_113' title='bbox 748 1496 844 1517; x_wconf 90' lang='lat' dir='ltr'>ornne</span> <span class='ocrx_word' id='word_1_114' title='bbox 860 1486 1006 1517; x_wconf 87' lang='lat' dir='ltr'>studium</span> 
     </span>
     <span class='ocr_line' id='line_1_26' title="bbox 321 1534 1007 1575; baseline 0.001 -11"><span class='ocrx_word' id='word_1_115' title='bbox 321 1534 456 1573; x_wconf 88' lang='lat' dir='ltr'>publico</span> <span class='ocrx_word' id='word_1_116' title='bbox 471 1535 613 1574; x_wconf 85' lang='lat' dir='ltr'>ornatui,</span> <span class='ocrx_word' id='word_1_117' title='bbox 635 1539 670 1565; x_wconf 89' lang='lat' dir='ltr'>et</span> <span class='ocrx_word' id='word_1_118' title='bbox 686 1535 820 1575; x_wconf 81' lang='lat' dir='ltr'>templis</span> <span class='ocrx_word' id='word_1_119' title='bbox 836 1534 1007 1574; x_wconf 90' lang='lat' dir='ltr'>impende-</span> 
     </span>
     <span class='ocr_line' id='line_1_27' title="bbox 321 1582 1008 1623; baseline 0.003 -10"><span class='ocrx_word' id='word_1_120' title='bbox 321 1582 415 1614; x_wconf 85' lang='lat' dir='ltr'>bant.</span> <span class='ocrx_word' id='word_1_121' title='bbox 472 1584 650 1615; x_wconf 83' lang='lat' dir='ltr'>Fortuitum</span> <span class='ocrx_word' id='word_1_122' title='bbox 685 1593 824 1623; x_wconf 81' lang='lat' dir='ltr'>spernere</span> <span class='ocrx_word' id='word_1_123' title='bbox 850 1582 1008 1623; x_wconf 76' lang='lat' dir='ltr'>cespitem]</span> 
     </span>
     <span class='ocr_line' id='line_1_28' title="bbox 321 1631 1008 1663; baseline 0.001 -2"><span class='ocrx_word' id='word_1_124' title='bbox 321 1631 492 1662; x_wconf 84' lang='lat' dir='ltr'>Praeclare</span> <span class='ocrx_word' id='word_1_125' title='bbox 505 1632 548 1662; x_wconf 91' lang='lat' dir='ltr'>de</span> <span class='ocrx_word' id='word_1_126' title='bbox 561 1632 700 1663; x_wconf 87' lang='lat' dir='ltr'>Tiberio</span> <span class='ocrx_word' id='word_1_127' title='bbox 714 1633 853 1663; x_wconf 89' lang='lat' dir='ltr'>Sueton.</span> <span class='ocrx_word' id='word_1_128' title='bbox 883 1632 892 1648; x_wconf 92' lang='lat'>‘</span> <span class='ocrx_word' id='word_1_129' title='bbox 904 1633 1008 1663; x_wconf 88' lang='lat' dir='ltr'>Trans</span> 
     </span>
     <span class='ocr_line' id='line_1_29' title="bbox 320 1679 1009 1715; baseline 0.001 -5"><span class='ocrx_word' id='word_1_130' title='bbox 320 1679 471 1711; x_wconf 87' lang='lat' dir='ltr'>Rhenum</span> <span class='ocrx_word' id='word_1_131' title='bbox 487 1690 562 1711; x_wconf 89' lang='lat' dir='ltr'>eum</span> <span class='ocrx_word' id='word_1_132' title='bbox 579 1681 656 1712; x_wconf 87' lang='lat' dir='ltr'>vitae</span> <span class='ocrx_word' id='word_1_133' title='bbox 670 1682 820 1712; x_wconf 81' lang='lat' dir='ltr'>ordinem</span> <span class='ocrx_word' id='word_1_134' title='bbox 837 1681 957 1715; x_wconf 82' lang='lat' dir='ltr'>tenuit,</span> <span class='ocrx_word' id='word_1_135' title='bbox 973 1685 1009 1711; x_wconf 90' lang='lat' dir='ltr'>ut</span> 
     </span>
     <span class='ocr_line' id='line_1_30' title="bbox 322 1729 1007 1770; baseline 0.001 -11"><span class='ocrx_word' id='word_1_136' title='bbox 322 1729 442 1760; x_wconf 86' lang='lat' dir='ltr'>sedens</span> <span class='ocrx_word' id='word_1_137' title='bbox 458 1730 492 1760; x_wconf 91' lang='lat' dir='ltr'>in</span> <span class='ocrx_word' id='word_1_138' title='bbox 517 1731 648 1770; x_wconf 86' lang='lat' dir='ltr'>cespite</span> <span class='ocrx_word' id='word_1_139' title='bbox 664 1730 753 1760; x_wconf 90' lang='lat' dir='ltr'>nudo</span> <span class='ocrx_word' id='word_1_140' title='bbox 775 1730 886 1760; x_wconf 86' lang='lat' dir='ltr'>cibum</span> <span class='ocrx_word' id='word_1_141' title='bbox 907 1739 1007 1769; x_wconf 83' lang='lat' dir='ltr'>cape-</span> 
     </span>
     <span class='ocr_line' id='line_1_31' title="bbox 322 1778 1007 1820; baseline 0.001 -11"><span class='ocrx_word' id='word_1_142' title='bbox 322 1783 388 1817; x_wconf 86' lang='lat' dir='ltr'>ret,</span> <span class='ocrx_word' id='word_1_143' title='bbox 404 1788 494 1820; x_wconf 87' lang='lat' dir='ltr'>saepe</span> <span class='ocrx_word' id='word_1_144' title='bbox 507 1780 580 1810; x_wconf 88' lang='lat' dir='ltr'>sine</span> <span class='ocrx_word' id='word_1_145' title='bbox 598 1779 747 1811; x_wconf 85' lang='lat' dir='ltr'>tentorio</span> <span class='ocrx_word' id='word_1_146' title='bbox 770 1778 1007 1819; x_wconf 84' lang='lat' dir='ltr'>pernoctaret.’</span> 
     </span>
     <span class='ocr_line' id='line_1_32' title="bbox 324 1826 1009 1868; baseline 0.001 -10"><span class='ocrx_word' id='word_1_147' title='bbox 324 1828 462 1859; x_wconf 84' lang='lat' dir='ltr'>Torrent.</span> <span class='ocrx_word' id='word_1_148' title='bbox 507 1828 673 1868; x_wconf 87' lang='lat' dir='ltr'>Cruquius</span> <span class='ocrx_word' id='word_1_149' title='bbox 695 1837 774 1859; x_wconf 87' lang='lat' dir='ltr'>vero</span> <span class='ocrx_word' id='word_1_150' title='bbox 799 1837 859 1867; x_wconf 89' lang='lat' dir='ltr'>per</span> <span class='ocrx_word' id='word_1_151' title='bbox 886 1826 1009 1866; x_wconf 78' lang='grc' dir='ltr'>μείωσιν</span> 
     </span>
     <span class='ocr_line' id='line_1_33' title="bbox 320 1876 1008 1917; baseline 0 -10"><span class='ocrx_word' id='word_1_152' title='bbox 320 1877 553 1916; x_wconf 81' lang='lat' dir='ltr'>accipiendum</span> <span class='ocrx_word' id='word_1_153' title='bbox 575 1882 673 1917; x_wconf 85' lang='lat' dir='ltr'>putat</span> <span class='ocrx_word' id='word_1_154' title='bbox 694 1877 848 1916; x_wconf 76' lang='lat' dir='ltr'>cespitem,</span> <span class='ocrx_word' id='word_1_155' title='bbox 863 1885 924 1916; x_wconf 87' lang='lat' dir='ltr'>pro</span> <span class='ocrx_word' id='word_1_156' title='bbox 940 1876 1008 1907; x_wconf 84' lang='lat' dir='ltr'>hae-</span> 
     </span>
     <span class='ocr_line' id='line_1_34' title="bbox 321 1925 1008 1966; baseline 0 -11"><span class='ocrx_word' id='word_1_157' title='bbox 321 1925 449 1958; x_wconf 87' lang='lat' dir='ltr'>rediolo</span> <span class='ocrx_word' id='word_1_158' title='bbox 476 1936 496 1958; x_wconf 84' lang='lat' dir='ltr'>a</span> <span class='ocrx_word' id='word_1_159' title='bbox 518 1926 698 1966; x_wconf 87' lang='lat' dir='ltr'>majoribus</span> <span class='ocrx_word' id='word_1_160' title='bbox 724 1925 854 1964; x_wconf 88' lang='lat' dir='ltr'>relicto,</span> <span class='ocrx_word' id='word_1_161' title='bbox 882 1925 914 1955; x_wconf 89' lang='lat' dir='ltr'>iu</span> <span class='ocrx_word' id='word_1_162' title='bbox 942 1934 1008 1965; x_wconf 93' lang='lat' dir='ltr'>quo</span> 
     </span>
     <span class='ocr_line' id='line_1_35' title="bbox 321 1973 1008 2015; baseline -0.003 -11"><span class='ocrx_word' id='word_1_163' title='bbox 321 1976 546 2015; x_wconf 85' lang='lat' dir='ltr'>acquiescere,</span> <span class='ocrx_word' id='word_1_164' title='bbox 561 1984 627 2005; x_wconf 92' lang='lat' dir='ltr'>non</span> <span class='ocrx_word' id='word_1_165' title='bbox 639 1974 739 2004; x_wconf 85' lang='lat' dir='ltr'>etiam</span> <span class='ocrx_word' id='word_1_166' title='bbox 756 1974 790 2004; x_wconf 85' lang='lat' dir='ltr'>id</span> <span class='ocrx_word' id='word_1_167' title='bbox 803 1973 946 2004; x_wconf 84' lang='lat' dir='ltr'>dilatare</span> <span class='ocrx_word' id='word_1_168' title='bbox 962 1973 1008 2002; x_wconf 87' lang='lat' dir='ltr'>le-</span> 
     </span>
     <span class='ocr_line' id='line_1_36' title="bbox 322 2021 1006 2063; baseline -0.006 -8"><span class='ocrx_word' id='word_1_169' title='bbox 322 2024 420 2063; x_wconf 80' lang='lat' dir='ltr'>gibus</span> <span class='ocrx_word' id='word_1_170' title='bbox 442 2029 575 2055; x_wconf 82' lang='lat' dir='ltr'>cautum</span> <span class='ocrx_word' id='word_1_171' title='bbox 593 2027 684 2054; x_wconf 80' lang='lat' dir='ltr'>erat:</span> <span class='ocrx_word' id='word_1_172' title='bbox 719 2031 792 2062; x_wconf 87' lang='lat' dir='ltr'>quae</span> <span class='ocrx_word' id='word_1_173' title='bbox 807 2030 959 2061; x_wconf 80' lang='lat' dir='ltr'>spernere,</span> <span class='ocrx_word' id='word_1_174' title='bbox 973 2021 1006 2051; x_wconf 84' lang='lat' dir='ltr'>id</span> 
     </span>
     <span class='ocr_line' id='line_1_37' title="bbox 321 2070 1006 2111; baseline -0.004 -9"><span class='ocrx_word' id='word_1_175' title='bbox 321 2076 384 2111; x_wconf 88' lang='lat' dir='ltr'>est,</span> <span class='ocrx_word' id='word_1_176' title='bbox 405 2072 578 2111; x_wconf 81' lang='lat' dir='ltr'>ampliare,</span> <span class='ocrx_word' id='word_1_177' title='bbox 593 2072 685 2110; x_wconf 87' lang='lat' dir='ltr'>leges</span> <span class='ocrx_word' id='word_1_178' title='bbox 711 2075 746 2100; x_wconf 91' lang='lat' dir='ltr'>et</span> <span class='ocrx_word' id='word_1_179' title='bbox 772 2070 927 2100; x_wconf 86' lang='lat' dir='ltr'>instituta</span> <span class='ocrx_word' id='word_1_180' title='bbox 949 2078 1006 2108; x_wconf 81' lang='lat' dir='ltr'>pa—</span> 
     </span>
     <span class='ocr_line' id='line_1_38' title="bbox 320 2118 1006 2150; baseline -0.004 0"><span class='ocrx_word' id='word_1_181' title='bbox 320 2125 408 2150; x_wconf 81' lang='lat' dir='ltr'>trum</span> <span class='ocrx_word' id='word_1_182' title='bbox 434 2129 500 2150; x_wconf 86' lang='lat' dir='ltr'>uon</span> <span class='ocrx_word' id='word_1_183' title='bbox 529 2119 693 2150; x_wconf 81' lang='lat' dir='ltr'>sinebant.</span> <span class='ocrx_word' id='word_1_184' title='bbox 738 2118 926 2148; x_wconf 83' lang='lat' dir='ltr'>Turneb.·.-x.</span> <span class='ocrx_word' id='word_1_185' title='bbox 952 2119 1006 2147; x_wconf 82' lang='lat'>21.</span> 
     </span>
     <span class='ocr_line' id='line_1_39' title="bbox 318 2165 1007 2209; baseline -0.004 -10"><span class='ocrx_word' id='word_1_186' title='bbox 318 2168 495 2199; x_wconf 72' lang='lat' dir='ltr'>fortuitum</span> <span class='ocrx_word' id='word_1_187' title='bbox 505 2167 660 2209; x_wconf 76' lang='lat' dir='ltr'>cespitem]</span> <span class='ocrx_word' id='word_1_188' title='bbox 682 2167 755 2198; x_wconf 90' lang='lat' dir='ltr'>Nec</span> <span class='ocrx_word' id='word_1_189' title='bbox 765 2165 1007 2204; x_wconf 79' lang='lat' dir='ltr'>permittebant</span> 
     </span>
     <span class='ocr_line' id='line_1_40' title="bbox 320 2214 1006 2258; baseline -0.009 -9"><span class='ocrx_word' id='word_1_190' title='bbox 320 2218 410 2258; x_wconf 84' lang='lat' dir='ltr'>leges</span> <span class='ocrx_word' id='word_1_191' title='bbox 425 2218 559 2248; x_wconf 80' lang='lat' dir='ltr'>humilia</span> <span class='ocrx_word' id='word_1_192' title='bbox 576 2216 719 2248; x_wconf 81' lang='lat' dir='ltr'>aedificia</span> <span class='ocrx_word' id='word_1_193' title='bbox 738 2219 773 2246; x_wconf 88' lang='lat' dir='ltr'>et</span> <span class='ocrx_word' id='word_1_194' title='bbox 789 2214 930 2252; x_wconf 83' lang='lat' dir='ltr'>casulas,</span> <span class='ocrx_word' id='word_1_195' title='bbox 954 2214 1006 2244; x_wconf 85' lang='lat' dir='ltr'>vel</span> 
     </span>
     <span class='ocr_line' id='line_1_41' title="bbox 320 2263 1004 2307; baseline -0.007 -9"><span class='ocrx_word' id='word_1_196' title='bbox 320 2267 421 2298; x_wconf 83' lang='lat' dir='ltr'>etiam</span> <span class='ocrx_word' id='word_1_197' title='bbox 433 2267 594 2307; x_wconf 77' lang='lat' dir='ltr'>cespitem</span> <span class='ocrx_word' id='word_1_198' title='bbox 603 2265 742 2296; x_wconf 77' lang='lat' dir='ltr'>fortuito</span> <span class='ocrx_word' id='word_1_199' title='bbox 754 2273 833 2295; x_wconf 84' lang='lat' dir='ltr'>casu</span> <span class='ocrx_word' id='word_1_200' title='bbox 845 2263 1004 2302; x_wconf 86' lang='lat' dir='ltr'>oblatum,</span> 
     </span>
     <span class='ocr_line' id='line_1_42' title="bbox 319 2315 1005 2357; baseline -0.004 -10"><span class='ocrx_word' id='word_1_201' title='bbox 319 2317 372 2347; x_wconf 89' lang='lat' dir='ltr'>cui</span> <span class='ocrx_word' id='word_1_202' title='bbox 407 2316 479 2357; x_wconf 89' lang='lat' dir='ltr'>quis</span> <span class='ocrx_word' id='word_1_203' title='bbox 513 2315 720 2354; x_wconf 83' lang='lat' dir='ltr'>indormiret‚</span> <span class='ocrx_word' id='word_1_204' title='bbox 754 2322 926 2354; x_wconf 81' lang='lat' dir='ltr'>spernere,</span> <span class='ocrx_word' id='word_1_205' title='bbox 969 2318 1005 2344; x_wconf 85' lang='lat' dir='ltr'>et</span> 
     </span>
     <span class='ocr_line' id='line_1_43' title="bbox 320 2363 1004 2404; baseline -0.007 -8"><span class='ocrx_word' id='word_1_206' title='bbox 320 2364 498 2404; x_wconf 82' lang='lat' dir='ltr'>splendida</span> <span class='ocrx_word' id='word_1_207' title='bbox 514 2363 658 2395; x_wconf 76' lang='lat' dir='ltr'>aedificia</span> <span class='ocrx_word' id='word_1_208' title='bbox 673 2364 704 2394; x_wconf 91' lang='lat' dir='ltr'>in</span> <span class='ocrx_word' id='word_1_209' title='bbox 722 2363 888 2403; x_wconf 85' lang='lat' dir='ltr'>privatum</span> <span class='ocrx_word' id='word_1_210' title='bbox 911 2370 1004 2392; x_wconf 84' lang='lat' dir='ltr'>usum</span> 
     </span>
     <span class='ocr_line' id='line_1_44' title="bbox 320 2411 1003 2454; baseline -0.006 -10"><span class='ocrx_word' id='word_1_211' title='bbox 320 2413 363 2444; x_wconf 82' lang='lat' dir='ltr'>ab</span> <span class='ocrx_word' id='word_1_212' title='bbox 379 2414 490 2454; x_wconf 83' lang='lat' dir='ltr'>aliquo</span> <span class='ocrx_word' id='word_1_213' title='bbox 506 2413 647 2452; x_wconf 84' lang='lat' dir='ltr'>exstrui,</span> <span class='ocrx_word' id='word_1_214' title='bbox 669 2411 728 2443; x_wconf 90' lang='lat' dir='ltr'>sed</span> <span class='ocrx_word' id='word_1_215' title='bbox 751 2412 899 2452; x_wconf 78' lang='lat' dir='ltr'>privatas</span> <span class='ocrx_word' id='word_1_216' title='bbox 922 2419 1003 2450; x_wconf 89' lang='lat' dir='ltr'>opes</span> 
     </span>
     <span class='ocr_line' id='line_1_45' title="bbox 320 2459 1004 2502; baseline -0.003 -9"><span class='ocrx_word' id='word_1_217' title='bbox 320 2462 362 2493; x_wconf 88' lang='lat' dir='ltr'>ad</span> <span class='ocrx_word' id='word_1_218' title='bbox 393 2462 543 2502; x_wconf 85' lang='lat' dir='ltr'>publicos</span> <span class='ocrx_word' id='word_1_219' title='bbox 573 2469 650 2492; x_wconf 89' lang='lat' dir='ltr'>usus</span> <span class='ocrx_word' id='word_1_220' title='bbox 683 2459 800 2492; x_wconf 85' lang='lat' dir='ltr'>referri</span> <span class='ocrx_word' id='word_1_221' title='bbox 825 2459 1004 2500; x_wconf 84' lang='lat' dir='ltr'>jubebant.</span> 
     </span>
     <span class='ocr_line' id='line_1_46' title="bbox 318 2510 431 2542; baseline 0.018 -2"><span class='ocrx_word' id='word_1_222' title='bbox 318 2510 431 2542; x_wconf 80' lang='lat' dir='ltr'>Lubin.</span> 
     </span>
    </p>

    <p class='ocr_par' dir='ltr' id='par_1_7' title="bbox 320 2558 1006 2652">
     <span class='ocr_line' id='line_1_47' title="bbox 361 2558 1006 2601; baseline -0.002 -10"><span class='ocrx_word' id='word_1_223' title='bbox 361 2564 403 2591; x_wconf 85' lang='lat'>20</span> <span class='ocrx_word' id='word_1_224' title='bbox 426 2561 516 2592; x_wconf 82' lang='lat' dir='ltr'>Novo</span> <span class='ocrx_word' id='word_1_225' title='bbox 537 2560 630 2601; x_wconf 80' lang='lat' dir='ltr'>saxo]</span> <span class='ocrx_word' id='word_1_226' title='bbox 664 2561 808 2591; x_wconf 83' lang='lat' dir='ltr'>Veteres</span> <span class='ocrx_word' id='word_1_227' title='bbox 840 2558 1006 2590; x_wconf 81' lang='lat' dir='ltr'>vocabant</span> 
     </span>
     <span class='ocr_line' id='line_1_48' title="bbox 320 2612 1006 2652; baseline -0.001 -12"><span class='ocrx_word' id='word_1_228' title='bbox 320 2620 441 2649; x_wconf 71' lang='lat' dir='ltr'>novum,</span> <span class='ocrx_word' id='word_1_229' title='bbox 456 2612 613 2652; x_wconf 90' lang='lat' dir='ltr'>quicquid</span> <span class='ocrx_word' id='word_1_230' title='bbox 629 2615 782 2642; x_wconf 81' lang='lat' dir='ltr'>ornatum</span> <span class='ocrx_word' id='word_1_231' title='bbox 803 2615 877 2642; x_wconf 88' lang='lat' dir='ltr'>erat</span> <span class='ocrx_word' id='word_1_232' title='bbox 903 2614 1006 2649; x_wconf 84' lang='lat' dir='ltr'>atque</span> 
     </span>
    </p>
   </div>
   <div class='ocr_carea' id='block_1_5' title="bbox 321 2658 1013 2697">
    <p class='ocr_par' dir='ltr' id='par_1_8' title="bbox 321 2658 1013 2697">
     <span class='ocr_line' id='line_1_49' title="bbox 321 2658 1013 2697; baseline 0 -8"><span class='ocrx_word' id='word_1_233' title='bbox 321 2659 467 2697; x_wconf 79' lang='lat' dir='ltr'>elegans.</span> <span class='ocrx_word' id='word_1_234' title='bbox 511 2661 610 2693; x_wconf 83' lang='lat' dir='ltr'>Quod</span> <span class='ocrx_word' id='word_1_235' title='bbox 627 2670 706 2692; x_wconf 87' lang='lat' dir='ltr'>vero</span> <span class='ocrx_word' id='word_1_236' title='bbox 729 2660 828 2691; x_wconf 82' lang='lat' dir='ltr'>toties</span> <span class='ocrx_word' id='word_1_237' title='bbox 845 2664 881 2690; x_wconf 92' lang='lat' dir='ltr'>et</span> <span class='ocrx_word' id='word_1_238' title='bbox 899 2658 954 2690; x_wconf 83' lang='lat' dir='ltr'>hie</span> <span class='ocrx_word' id='word_1_239' title='bbox 969 2663 1013 2693; x_wconf 65' lang='lat' dir='ltr'>et,</span> 
     </span>
    </p>
   </div>
   <div class='ocr_carea' id='block_1_6' title="bbox 321 2707 1006 2799">
    <p class='ocr_par' dir='ltr' id='par_1_9' title="bbox 321 2707 1006 2799">
     <span class='ocr_line' id='line_1_50' title="bbox 322 2707 1006 2747; baseline 0.001 -9"><span class='ocrx_word' id='word_1_240' title='bbox 322 2707 401 2738; x_wconf 79' lang='lat' dir='ltr'>alibi</span> <span class='ocrx_word' id='word_1_241' title='bbox 434 2710 631 2747; x_wconf 86' lang='lat' dir='ltr'>templorum</span> <span class='ocrx_word' id='word_1_242' title='bbox 660 2709 881 2741; x_wconf 81' lang='lat' dir='ltr'>refectionem</span> <span class='ocrx_word' id='word_1_243' title='bbox 916 2717 1006 2739; x_wconf 87' lang='lat' dir='ltr'>com-</span> 
     </span>
     <span class='ocr_line' id='line_1_51' title="bbox 321 2755 1006 2799; baseline 0.001 -12"><span class='ocrx_word' id='word_1_244' title='bbox 321 2755 459 2788; x_wconf 80' lang='lat' dir='ltr'>mendat</span> <span class='ocrx_word' id='word_1_245' title='bbox 474 2756 596 2788; x_wconf 80' lang='lat' dir='ltr'>Horat.</span> <span class='ocrx_word' id='word_1_246' title='bbox 622 2758 729 2790; x_wconf 85' lang='lat' dir='ltr'>videri</span> <span class='ocrx_word' id='word_1_247' title='bbox 753 2758 858 2799; x_wconf 84' lang='lat' dir='ltr'>possit</span> <span class='ocrx_word' id='word_1_248' title='bbox 881 2757 922 2789; x_wconf 80' lang='lat' dir='ltr'>ad</span> <span class='ocrx_word' id='word_1_249' title='bbox 938 2756 1006 2788; x_wconf 86' lang='lat' dir='ltr'>Au·</span> 
     </span>
    </p>
   </div>
   <div class='ocr_carea' id='block_1_7' title="bbox 772 269 1293 300">
    <p class='ocr_par' dir='ltr' id='par_1_10' title="bbox 772 269 1293 300">
     <span class='ocr_line' id='line_1_52' title="bbox 772 269 1293 300; baseline 0 -1"><span class='ocrx_word' id='word_1_250' title='bbox 772 270 913 300; x_wconf 73' lang='lat' dir='ltr'>NOTAE</span> <span class='ocrx_word' id='word_1_251' title='bbox 948 269 1208 300; x_wconf 83' lang='lat' dir='ltr'>VARIORUM</span> <span class='ocrx_word' id='word_1_252' title='bbox 1243 271 1293 299; x_wconf 79' lang='grc' dir='ltr'>ΙΝ</span> 
     </span>
    </p>
   </div>
   <div class='ocr_carea' id='block_1_8' title="bbox 1055 358 1751 2696">
    <p class='ocr_par' dir='ltr' id='par_1_11' title="bbox 1059 358 1742 403">
     <span class='ocr_line' id='line_1_53' title="bbox 1059 358 1742 403; baseline 0.004 -12"><span class='ocrx_word' id='word_1_253' title='bbox 1059 360 1147 400; x_wconf 87' lang='lat' dir='ltr'>gusti</span> <span class='ocrx_word' id='word_1_254' title='bbox 1182 360 1294 391; x_wconf 82' lang='lat' dir='ltr'>laudes</span> <span class='ocrx_word' id='word_1_255' title='bbox 1326 358 1548 391; x_wconf 85' lang='lat' dir='ltr'>referendum.</span> <span class='ocrx_word' id='word_1_256' title='bbox 1591 361 1644 392; x_wconf 85' lang='lat' dir='ltr'>De</span> <span class='ocrx_word' id='word_1_257' title='bbox 1677 371 1742 403; x_wconf 83' lang='lat' dir='ltr'>quo</span> 
     </span>
    </p>

    <p class='ocr_par' dir='ltr' id='par_1_12' title="bbox 1059 409 1474 449">
     <span class='ocr_line' id='line_1_54' title="bbox 1059 409 1474 449; baseline 0.002 -10"><span class='ocrx_word' id='word_1_258' title='bbox 1059 411 1150 440; x_wconf 87' lang='lat' dir='ltr'>Suet.</span> <span class='ocrx_word' id='word_1_259' title='bbox 1167 419 1241 449; x_wconf 83' lang='lat' dir='ltr'>cap.</span> <span class='ocrx_word' id='word_1_260' title='bbox 1256 412 1308 440; x_wconf 81' lang='lat'>30.</span> <span class='ocrx_word' id='word_1_261' title='bbox 1334 409 1474 440; x_wconf 78' lang='lat' dir='ltr'>Torrent.</span> 
     </span>
    </p>

    <p class='ocr_par' dir='ltr' id='par_1_13' title="bbox 1060 457 1745 743">
     <span class='ocr_line' id='line_1_55' title="bbox 1060 457 1745 494; baseline 0.006 -6"><span class='ocrx_word' id='word_1_262' title='bbox 1060 457 1142 488; x_wconf 77' lang='lat' dir='ltr'>ODE</span> <span class='ocrx_word' id='word_1_263' title='bbox 1154 467 1231 489; x_wconf 75' lang='lat' dir='ltr'><strong>XVI·</strong></span> <span class='ocrx_word' id='word_1_264' title='bbox 1244 457 1430 494; x_wconf 73' lang='grc' dir='ltr'>Ὕποθετικῆ.</span> <span class='ocrx_word' id='word_1_265' title='bbox 1457 458 1513 489; x_wconf 87' lang='lat' dir='ltr'>AD</span> <span class='ocrx_word' id='word_1_266' title='bbox 1525 457 1745 492; x_wconf 58' lang='lat' dir='ltr'>Gnosrflmss.</span> 
     </span>
     <span class='ocr_line' id='line_1_56' title="bbox 1103 506 1744 548; baseline 0.005 -12"><span class='ocrx_word' id='word_1_267' title='bbox 1103 506 1229 537; x_wconf 86' lang='lat' dir='ltr'>Omnes</span> <span class='ocrx_word' id='word_1_268' title='bbox 1250 513 1414 547; x_wconf 88' lang='lat' dir='ltr'>expetunt</span> <span class='ocrx_word' id='word_1_269' title='bbox 1434 507 1532 538; x_wconf 88' lang='lat' dir='ltr'>animi</span> <span class='ocrx_word' id='word_1_270' title='bbox 1558 508 1744 548; x_wconf 84' lang='lat' dir='ltr'>tranquilli-</span> 
     </span>
     <span class='ocr_line' id='line_1_57' title="bbox 1101 556 1743 597; baseline 0.003 -12"><span class='ocrx_word' id='word_1_271' title='bbox 1101 558 1218 594; x_wconf 77' lang='lat' dir='ltr'>tatem,</span> <span class='ocrx_word' id='word_1_272' title='bbox 1244 566 1317 597; x_wconf 60' lang='lat' dir='ltr'>quaa</span> <span class='ocrx_word' id='word_1_273' title='bbox 1344 566 1450 596; x_wconf 85' lang='lat' dir='ltr'>neque</span> <span class='ocrx_word' id='word_1_274' title='bbox 1474 556 1612 596; x_wconf 82' lang='lat' dir='ltr'>divitiis,</span> <span class='ocrx_word' id='word_1_275' title='bbox 1632 565 1743 596; x_wconf 84' lang='lat' dir='ltr'>neque</span> 
     </span>
     <span class='ocr_line' id='line_1_58' title="bbox 1099 604 1744 646; baseline 0.003 -12"><span class='ocrx_word' id='word_1_276' title='bbox 1099 604 1278 636; x_wconf 85' lang='lat' dir='ltr'>honoribus</span> <span class='ocrx_word' id='word_1_277' title='bbox 1303 611 1414 645; x_wconf 85' lang='lat' dir='ltr'>potest</span> <span class='ocrx_word' id='word_1_278' title='bbox 1440 605 1581 646; x_wconf 85' lang='lat' dir='ltr'>acquiri,</span> <span class='ocrx_word' id='word_1_279' title='bbox 1605 604 1665 636; x_wconf 78' lang='lat' dir='ltr'>sed</span> <span class='ocrx_word' id='word_1_280' title='bbox 1686 614 1744 636; x_wconf 87' lang='lat' dir='ltr'>cu-</span> 
     </span>
     <span class='ocr_line' id='line_1_59' title="bbox 1100 653 1742 695; baseline 0.003 -12"><span class='ocrx_word' id='word_1_281' title='bbox 1100 653 1258 692; x_wconf 85' lang='lat' dir='ltr'>piditates</span> <span class='ocrx_word' id='word_1_282' title='bbox 1267 659 1393 685; x_wconf 83' lang='lat' dir='ltr'>tantum</span> <span class='ocrx_word' id='word_1_283' title='bbox 1406 654 1605 685; x_wconf 68' lang='lat' dir='ltr'>coercendo.</span> <span class='ocrx_word' id='word_1_284' title='bbox 1623 654 1742 695; x_wconf 86' lang='lat' dir='ltr'>[Bam-</span> 
     </span>
     <span class='ocr_line' id='line_1_60' title="bbox 1101 701 1563 743; baseline 0.006 -12"><span class='ocrx_word' id='word_1_285' title='bbox 1101 701 1192 740; x_wconf 79' lang='lat' dir='ltr'>berg.</span> <span class='ocrx_word' id='word_1_286' title='bbox 1221 703 1376 742; x_wconf 74' lang='lat' dir='ltr'>Ypotetice</span> <span class='ocrx_word' id='word_1_287' title='bbox 1394 703 1563 743; x_wconf 70' lang='lat' dir='ltr'>Grosphm]</span> 
     </span>
    </p>

    <p class='ocr_par' dir='ltr' id='par_1_14' title="bbox 1058 752 1746 1134">
     <span class='ocr_line' id='line_1_61' title="bbox 1101 752 1746 793; baseline 0.006 -13"><span class='ocrx_word' id='word_1_288' title='bbox 1101 753 1114 780; x_wconf 87' lang='lat' dir='ltr'>l</span> <span class='ocrx_word' id='word_1_289' title='bbox 1160 752 1282 793; x_wconf 79' lang='lat' dir='ltr'>Otium]</span> <span class='ocrx_word' id='word_1_290' title='bbox 1317 754 1393 785; x_wconf 88' lang='lat' dir='ltr'>Hoc</span> <span class='ocrx_word' id='word_1_291' title='bbox 1429 753 1503 784; x_wconf 92' lang='lat' dir='ltr'>loco</span> <span class='ocrx_word' id='word_1_292' title='bbox 1533 752 1746 784; x_wconf 79' lang='lat' dir='ltr'>commendat</span> 
     </span>
     <span class='ocr_line' id='line_1_62' title="bbox 1059 799 1743 842; baseline 0.004 -13"><span class='ocrx_word' id='word_1_293' title='bbox 1059 799 1176 840; x_wconf 89' lang='lat' dir='ltr'>otium,</span> <span class='ocrx_word' id='word_1_294' title='bbox 1189 810 1255 831; x_wconf 89' lang='lat' dir='ltr'>non</span> <span class='ocrx_word' id='word_1_295' title='bbox 1268 802 1354 833; x_wconf 87' lang='lat' dir='ltr'>iners</span> <span class='ocrx_word' id='word_1_296' title='bbox 1365 802 1445 833; x_wconf 90' lang='lat' dir='ltr'>illud</span> <span class='ocrx_word' id='word_1_297' title='bbox 1457 806 1556 842; x_wconf 87' lang='lat' dir='ltr'>atque</span> <span class='ocrx_word' id='word_1_298' title='bbox 1569 802 1743 841; x_wconf 83' lang='lat' dir='ltr'>ignavum;</span> 
     </span>
     <span class='ocr_line' id='line_1_63' title="bbox 1060 847 1743 895; baseline 0.007 -18"><span class='ocrx_word' id='word_1_299' title='bbox 1060 847 1119 878; x_wconf 87' lang='lat' dir='ltr'>sed</span> <span class='ocrx_word' id='word_1_300' title='bbox 1145 849 1335 895; x_wconf 74' lang='lat' dir='ltr'>honesturn,</span> <span class='ocrx_word' id='word_1_301' title='bbox 1358 851 1446 891; x_wconf 87' lang='lat' dir='ltr'>quod</span> <span class='ocrx_word' id='word_1_302' title='bbox 1473 851 1505 881; x_wconf 89' lang='lat' dir='ltr'>in</span> <span class='ocrx_word' id='word_1_303' title='bbox 1530 851 1628 882; x_wconf 86' lang='lat' dir='ltr'>animi</span> <span class='ocrx_word' id='word_1_304' title='bbox 1657 850 1743 882; x_wconf 82' lang='lat' dir='ltr'>bene</span> 
     </span>
     <span class='ocr_line' id='line_1_64' title="bbox 1059 898 1743 939; baseline 0.006 -12"><span class='ocrx_word' id='word_1_305' title='bbox 1059 898 1235 937; x_wconf 77' lang='lat' dir='ltr'>compositi</span> <span class='ocrx_word' id='word_1_306' title='bbox 1281 899 1522 939; x_wconf 81' lang='lat' dir='ltr'>tranquillitate</span> <span class='ocrx_word' id='word_1_307' title='bbox 1568 899 1743 932; x_wconf 81' lang='lat' dir='ltr'>consistit:</span> 
     </span>
     <span class='ocr_line' id='line_1_65' title="bbox 1061 946 1745 988; baseline 0.007 -13"><span class='ocrx_word' id='word_1_308' title='bbox 1061 946 1158 985; x_wconf 89' lang='lat' dir='ltr'>quale</span> <span class='ocrx_word' id='word_1_309' title='bbox 1175 946 1238 977; x_wconf 89' lang='lat' dir='ltr'>viri</span> <span class='ocrx_word' id='word_1_310' title='bbox 1251 956 1340 987; x_wconf 85' lang='lat' dir='ltr'>saepe</span> <span class='ocrx_word' id='word_1_311' title='bbox 1352 948 1487 979; x_wconf 82' lang='lat' dir='ltr'>maximi</span> <span class='ocrx_word' id='word_1_312' title='bbox 1499 953 1574 988; x_wconf 80' lang='lat' dir='ltr'>post</span> <span class='ocrx_word' id='word_1_313' title='bbox 1585 948 1745 988; x_wconf 73' lang='lat' dir='ltr'>Reipubl-</span> 
     </span>
     <span class='ocr_line' id='line_1_66' title="bbox 1058 994 1745 1036; baseline 0.004 -12"><span class='ocrx_word' id='word_1_314' title='bbox 1058 994 1189 1026; x_wconf 82' lang='lat' dir='ltr'>labores</span> <span class='ocrx_word' id='word_1_315' title='bbox 1217 1000 1392 1035; x_wconf 82' lang='lat' dir='ltr'>exoptant,</span> <span class='ocrx_word' id='word_1_316' title='bbox 1419 996 1477 1028; x_wconf 85' lang='lat' dir='ltr'>sed</span> <span class='ocrx_word' id='word_1_317' title='bbox 1505 997 1602 1036; x_wconf 84' lang='lat' dir='ltr'>pauci</span> <span class='ocrx_word' id='word_1_318' title='bbox 1629 1005 1745 1028; x_wconf 80' lang='lat' dir='ltr'>conse-</span> 
     </span>
     <span class='ocr_line' id='line_1_67' title="bbox 1058 1043 1744 1084; baseline 0.003 -11"><span class='ocrx_word' id='word_1_319' title='bbox 1058 1050 1215 1084; x_wconf 84' lang='lat' dir='ltr'>quuntur.</span> <span class='ocrx_word' id='word_1_320' title='bbox 1262 1045 1402 1077; x_wconf 76' lang='lat' dir='ltr'>Tor-rent.</span> <span class='ocrx_word' id='word_1_321' title='bbox 1468 1043 1591 1083; x_wconf 75' lang='lat' dir='ltr'>otium]</span> <span class='ocrx_word' id='word_1_322' title='bbox 1631 1044 1744 1076; x_wconf 76' lang='lat' dir='ltr'>Vitam</span> 
     </span>
     <span class='ocr_line' id='line_1_68' title="bbox 1058 1093 1711 1134; baseline 0.002 -11"><span class='ocrx_word' id='word_1_323' title='bbox 1058 1093 1201 1134; x_wconf 79' lang='lat' dir='ltr'>quietam</span> <span class='ocrx_word' id='word_1_324' title='bbox 1218 1094 1305 1134; x_wconf 90' lang='lat' dir='ltr'>petis</span> <span class='ocrx_word' id='word_1_325' title='bbox 1320 1104 1339 1124; x_wconf 81' lang='lat' dir='ltr'>a</span> <span class='ocrx_word' id='word_1_326' title='bbox 1355 1094 1494 1125; x_wconf 80' lang='lat' dir='ltr'>Castore</span> <span class='ocrx_word' id='word_1_327' title='bbox 1509 1098 1544 1125; x_wconf 83' lang='lat' dir='ltr'>et</span> <span class='ocrx_word' id='word_1_328' title='bbox 1558 1093 1711 1125; x_wconf 85' lang='lat' dir='ltr'>Polluce.</span> 
     </span>
    </p>

    <p class='ocr_par' dir='ltr' id='par_1_15' title="bbox 1058 1142 1751 1807">
     <span class='ocr_line' id='line_1_69' title="bbox 1099 1142 1745 1183; baseline 0.002 -11"><span class='ocrx_word' id='word_1_329' title='bbox 1099 1145 1119 1172; x_wconf 87' lang='grc'>2</span> <span class='ocrx_word' id='word_1_330' title='bbox 1141 1143 1278 1174; x_wconf 73' lang='grc' dir='ltr'>Ρνεηεαε</span> <span class='ocrx_word' id='word_1_331' title='bbox 1291 1142 1417 1182; x_wconf 79' lang='lat' dir='ltr'>AEgaeo]</span> <span class='ocrx_word' id='word_1_332' title='bbox 1447 1142 1482 1174; x_wconf 90' lang='lat' dir='ltr'>Is</span> <span class='ocrx_word' id='word_1_333' title='bbox 1498 1142 1554 1183; x_wconf 85' lang='lat' dir='ltr'>qui</span> <span class='ocrx_word' id='word_1_334' title='bbox 1566 1151 1586 1173; x_wconf 74' lang='lat' dir='ltr'>a</span> <span class='ocrx_word' id='word_1_335' title='bbox 1602 1147 1745 1182; x_wconf 72' lang='lat' dir='ltr'>tempes-</span> 
     </span>
     <span class='ocr_line' id='line_1_70' title="bbox 1059 1190 1744 1232; baseline -0.001 -10"><span class='ocrx_word' id='word_1_336' title='bbox 1059 1196 1130 1223; x_wconf 83' lang='lat' dir='ltr'>tate</span> <span class='ocrx_word' id='word_1_337' title='bbox 1152 1191 1418 1232; x_wconf 83' lang='lat' dir='ltr'>deprehenditur</span> <span class='ocrx_word' id='word_1_338' title='bbox 1439 1191 1472 1222; x_wconf 88' lang='lat' dir='ltr'>in</span> <span class='ocrx_word' id='word_1_339' title='bbox 1495 1191 1564 1222; x_wconf 73' lang='lat' dir='ltr'>lato</span> <span class='ocrx_word' id='word_1_340' title='bbox 1588 1190 1671 1222; x_wconf 78' lang='lat' dir='ltr'>mari</span> <span class='ocrx_word' id='word_1_341' title='bbox 1690 1191 1744 1222; x_wconf 74' lang='grc' dir='ltr'>ΔΞ-</span> 
     </span>
     <span class='ocr_line' id='line_1_71' title="bbox 1061 1239 1744 1283; baseline -0.003 -10"><span class='ocrx_word' id='word_1_342' title='bbox 1061 1251 1145 1283; x_wconf 82' lang='lat' dir='ltr'>gaeo‚</span> <span class='ocrx_word' id='word_1_343' title='bbox 1160 1243 1210 1273; x_wconf 86' lang='lat' dir='ltr'>sic</span> <span class='ocrx_word' id='word_1_344' title='bbox 1225 1241 1316 1273; x_wconf 80' lang='lat' dir='ltr'>dicto</span> <span class='ocrx_word' id='word_1_345' title='bbox 1331 1241 1373 1272; x_wconf 84' lang='lat' dir='ltr'>ab</span> <span class='ocrx_word' id='word_1_346' title='bbox 1389 1241 1517 1282; x_wconf 82' lang='lat' dir='ltr'>AEgaeo,</span> <span class='ocrx_word' id='word_1_347' title='bbox 1532 1239 1590 1281; x_wconf 86' lang='lat' dir='ltr'>qui</span> <span class='ocrx_word' id='word_1_348' title='bbox 1610 1240 1644 1272; x_wconf 87' lang='lat' dir='ltr'>in</span> <span class='ocrx_word' id='word_1_349' title='bbox 1662 1239 1744 1271; x_wconf 86' lang='lat' dir='ltr'>illud</span> 
     </span>
     <span class='ocr_line' id='line_1_72' title="bbox 1058 1288 1745 1330; baseline -0.001 -10"><span class='ocrx_word' id='word_1_350' title='bbox 1058 1299 1148 1320; x_wconf 79' lang='lat' dir='ltr'>mare</span> <span class='ocrx_word' id='word_1_351' title='bbox 1175 1299 1212 1321; x_wconf 90' lang='lat' dir='ltr'>se</span> <span class='ocrx_word' id='word_1_352' title='bbox 1232 1290 1444 1330; x_wconf 86' lang='lat' dir='ltr'>praecipitem</span> <span class='ocrx_word' id='word_1_353' title='bbox 1469 1289 1576 1321; x_wconf 83' lang='lat' dir='ltr'>dedit.</span> <span class='ocrx_word' id='word_1_354' title='bbox 1619 1288 1745 1328; x_wconf 74' lang='lat' dir='ltr'>AEgoeo]</span> 
     </span>
     <span class='ocr_line' id='line_1_73' title="bbox 1058 1337 1744 1377; baseline 0 -9"><span class='ocrx_word' id='word_1_355' title='bbox 1058 1337 1124 1368; x_wconf 84' lang='lat' dir='ltr'>Alii</span> <span class='ocrx_word' id='word_1_356' title='bbox 1139 1346 1158 1367; x_wconf 75' lang='lat' dir='ltr'>a</span> <span class='ocrx_word' id='word_1_357' title='bbox 1175 1338 1313 1376; x_wconf 85' lang='lat' dir='ltr'>scopulo</span> <span class='ocrx_word' id='word_1_358' title='bbox 1327 1338 1454 1377; x_wconf 85' lang='lat' dir='ltr'>potius,</span> <span class='ocrx_word' id='word_1_359' title='bbox 1471 1338 1560 1368; x_wconf 86' lang='lat' dir='ltr'>inter</span> <span class='ocrx_word' id='word_1_360' title='bbox 1572 1337 1744 1368; x_wconf 81' lang='lat' dir='ltr'>Tenedum</span> 
     </span>
     <span class='ocr_line' id='line_1_74' title="bbox 1058 1384 1744 1424; baseline -0.001 -8"><span class='ocrx_word' id='word_1_361' title='bbox 1058 1391 1092 1416; x_wconf 87' lang='lat' dir='ltr'>et</span> <span class='ocrx_word' id='word_1_362' title='bbox 1116 1385 1250 1424; x_wconf 85' lang='lat' dir='ltr'>Chium,</span> <span class='ocrx_word' id='word_1_363' title='bbox 1272 1384 1355 1424; x_wconf 83' lang='lat' dir='ltr'>AEge</span> <span class='ocrx_word' id='word_1_364' title='bbox 1384 1385 1526 1424; x_wconf 84' lang='lat' dir='ltr'>nomine,</span> <span class='ocrx_word' id='word_1_365' title='bbox 1548 1385 1606 1424; x_wconf 87' lang='lat' dir='ltr'>qui</span> <span class='ocrx_word' id='word_1_366' title='bbox 1631 1394 1744 1424; x_wconf 66' lang='lat' dir='ltr'>capras</span> 
     </span>
     <span class='ocr_line' id='line_1_75' title="bbox 1059 1433 1745 1473; baseline 0 -9"><span class='ocrx_word' id='word_1_367' title='bbox 1059 1433 1206 1473; x_wconf 84' lang='lat' dir='ltr'>speciem</span> <span class='ocrx_word' id='word_1_368' title='bbox 1228 1433 1349 1464; x_wconf 85' lang='lat' dir='ltr'>babet:</span> <span class='ocrx_word' id='word_1_369' title='bbox 1383 1433 1492 1464; x_wconf 82' lang='lat' dir='ltr'>Varro</span> <span class='ocrx_word' id='word_1_370' title='bbox 1511 1436 1623 1463; x_wconf 86' lang='lat' dir='ltr'>tamen</span> <span class='ocrx_word' id='word_1_371' title='bbox 1638 1442 1655 1463; x_wconf 85' lang='lat' dir='ltr'>a</span> <span class='ocrx_word' id='word_1_372' title='bbox 1673 1433 1745 1473; x_wconf 88' lang='lat' dir='ltr'>plu·</span> 
     </span>
     <span class='ocr_line' id='line_1_76' title="bbox 1059 1480 1746 1521; baseline 0 -9"><span class='ocrx_word' id='word_1_373' title='bbox 1059 1482 1150 1513; x_wconf 85' lang='lat' dir='ltr'>ribus</span> <span class='ocrx_word' id='word_1_374' title='bbox 1172 1482 1243 1521; x_wconf 83' lang='lat' dir='ltr'>ejus</span> <span class='ocrx_word' id='word_1_375' title='bbox 1270 1482 1360 1512; x_wconf 86' lang='lat' dir='ltr'>sinus</span> <span class='ocrx_word' id='word_1_376' title='bbox 1385 1480 1512 1519; x_wconf 77' lang='lat' dir='ltr'>insulis,</span> <span class='ocrx_word' id='word_1_377' title='bbox 1535 1489 1610 1520; x_wconf 80' lang='lat' dir='ltr'>quae</span> <span class='ocrx_word' id='word_1_378' title='bbox 1635 1481 1746 1521; x_wconf 85' lang='lat' dir='ltr'>capris</span> 
     </span>
     <span class='ocr_line' id='line_1_77' title="bbox 1059 1531 1745 1571; baseline -0.003 -7"><span class='ocrx_word' id='word_1_379' title='bbox 1059 1534 1183 1564; x_wconf 85' lang='lat' dir='ltr'>similes</span> <span class='ocrx_word' id='word_1_380' title='bbox 1198 1537 1286 1571; x_wconf 86' lang='lat' dir='ltr'>sunt,</span> <span class='ocrx_word' id='word_1_381' title='bbox 1302 1533 1350 1563; x_wconf 87' lang='lat' dir='ltr'>sic</span> <span class='ocrx_word' id='word_1_382' title='bbox 1365 1535 1518 1563; x_wconf 86' lang='lat' dir='ltr'>vocatum</span> <span class='ocrx_word' id='word_1_383' title='bbox 1533 1531 1645 1562; x_wconf 82' lang='lat' dir='ltr'>tradit.</span> <span class='ocrx_word' id='word_1_384' title='bbox 1676 1531 1745 1562; x_wconf 85' lang='lat' dir='ltr'>Sed</span> 
     </span>
     <span class='ocr_line' id='line_1_78' title="bbox 1061 1579 1744 1622; baseline -0.003 -10"><span class='ocrx_word' id='word_1_385' title='bbox 1061 1582 1185 1622; x_wconf 88' lang='lat' dir='ltr'>optime</span> <span class='ocrx_word' id='word_1_386' title='bbox 1199 1581 1319 1613; x_wconf 86' lang='lat' dir='ltr'>Strabo</span> <span class='ocrx_word' id='word_1_387' title='bbox 1335 1581 1376 1611; x_wconf 83' lang='lat' dir='ltr'>ab</span> <span class='ocrx_word' id='word_1_388' title='bbox 1387 1580 1490 1620; x_wconf 73' lang='lat' dir='ltr'>AEgis,</span> <span class='ocrx_word' id='word_1_389' title='bbox 1501 1579 1590 1620; x_wconf 88' lang='lat' dir='ltr'>quod</span> <span class='ocrx_word' id='word_1_390' title='bbox 1606 1579 1744 1610; x_wconf 79' lang='lat' dir='ltr'>Enboioe</span> 
     </span>
     <span class='ocr_line' id='line_1_79' title="bbox 1060 1629 1745 1671; baseline -0.004 -9"><span class='ocrx_word' id='word_1_391' title='bbox 1060 1632 1175 1662; x_wconf 78' lang='lat' dir='ltr'>insulae</span> <span class='ocrx_word' id='word_1_392' title='bbox 1189 1630 1348 1671; x_wconf 89' lang='lat' dir='ltr'>oppidum</span> <span class='ocrx_word' id='word_1_393' title='bbox 1358 1629 1434 1669; x_wconf 80' lang='lat' dir='ltr'>fuit,</span> <span class='ocrx_word' id='word_1_394' title='bbox 1446 1630 1589 1668; x_wconf 81' lang='lat' dir='ltr'>AEgoeum</span> <span class='ocrx_word' id='word_1_395' title='bbox 1598 1629 1745 1669; x_wconf 83' lang='lat' dir='ltr'>appella-</span> 
     </span>
     <span class='ocr_line' id='line_1_80' title="bbox 1061 1678 1745 1719; baseline -0.003 -9"><span class='ocrx_word' id='word_1_396' title='bbox 1061 1681 1087 1710; x_wconf 90' lang='lat' dir='ltr'>ri</span> <span class='ocrx_word' id='word_1_397' title='bbox 1116 1681 1253 1719; x_wconf 87' lang='lat' dir='ltr'>pelagus</span> <span class='ocrx_word' id='word_1_398' title='bbox 1282 1678 1408 1710; x_wconf 88' lang='lat' dir='ltr'>scribit.</span> <span class='ocrx_word' id='word_1_399' title='bbox 1446 1679 1589 1709; x_wconf 73' lang='lat' dir='ltr'>Tamne.</span> <span class='ocrx_word' id='word_1_400' title='bbox 1645 1678 1745 1709; x_wconf 78' lang='lat' dir='ltr'>Simul</span> 
     </span>
     <span class='ocr_line' id='line_1_81' title="bbox 1060 1725 1745 1767; baseline -0.003 -8"><span class='ocrx_word' id='word_1_401' title='bbox 1060 1728 1221 1767; x_wconf 76' lang='lat' dir='ltr'>atra,85c.]</span> <span class='ocrx_word' id='word_1_402' title='bbox 1245 1727 1366 1758; x_wconf 78' lang='lat' dir='ltr'>Statim</span> <span class='ocrx_word' id='word_1_403' title='bbox 1389 1730 1426 1757; x_wconf 92' lang='lat' dir='ltr'>ut</span> <span class='ocrx_word' id='word_1_404' title='bbox 1449 1726 1553 1757; x_wconf 75' lang='lat' dir='ltr'>nubes</span> <span class='ocrx_word' id='word_1_405' title='bbox 1572 1725 1745 1758; x_wconf 80' lang='lat' dir='ltr'>abscondi-</span> 
     </span>
     <span class='ocr_line' id='line_1_82' title="bbox 1060 1777 1751 1807; baseline 0 0"><span class='ocrx_word' id='word_1_406' title='bbox 1060 1777 1111 1807; x_wconf 87' lang='lat' dir='ltr'>dit</span> <span class='ocrx_word' id='word_1_407' title='bbox 1127 1777 1264 1807; x_wconf 83' lang='lat' dir='ltr'>Lunam.</span> <span class='ocrx_word' id='word_1_408' title='bbox 1747 1800 1751 1803; x_wconf 93' lang='lat'>.</span> 
     </span>
    </p>

    <p class='ocr_par' dir='ltr' id='par_1_16' title="bbox 1059 1822 1747 2107">
     <span class='ocr_line' id='line_1_83' title="bbox 1103 1822 1746 1865; baseline -0.008 -8"><span class='ocrx_word' id='word_1_409' title='bbox 1103 1829 1122 1857; x_wconf 81' lang='lat'><strong>3</strong></span> <span class='ocrx_word' id='word_1_410' title='bbox 1147 1827 1242 1857; x_wconf 81' lang='lat' dir='ltr'>Certa</span> <span class='ocrx_word' id='word_1_411' title='bbox 1249 1825 1393 1865; x_wconf 74' lang='lat' dir='ltr'>fulgent]</span> <span class='ocrx_word' id='word_1_412' title='bbox 1412 1823 1540 1864; x_wconf 74' lang='lat' dir='ltr'>Sydera</span> <span class='ocrx_word' id='word_1_413' title='bbox 1553 1822 1660 1854; x_wconf 78' lang='lat' dir='ltr'>nautis</span> <span class='ocrx_word' id='word_1_414' title='bbox 1676 1832 1746 1854; x_wconf 74' lang='lat' dir='ltr'>cer·-v</span> 
     </span>
     <span class='ocr_line' id='line_1_84' title="bbox 1061 1871 1747 1915; baseline -0.001 -10"><span class='ocrx_word' id='word_1_415' title='bbox 1061 1878 1097 1905; x_wconf 89' lang='lat' dir='ltr'>te</span> <span class='ocrx_word' id='word_1_416' title='bbox 1112 1875 1262 1915; x_wconf 83' lang='lat' dir='ltr'>cognita,</span> <span class='ocrx_word' id='word_1_417' title='bbox 1283 1879 1321 1905; x_wconf 90' lang='lat' dir='ltr'>ut</span> <span class='ocrx_word' id='word_1_418' title='bbox 1336 1883 1411 1905; x_wconf 85' lang='lat' dir='ltr'>ursa</span> <span class='ocrx_word' id='word_1_419' title='bbox 1427 1878 1462 1904; x_wconf 91' lang='lat' dir='ltr'>et</span> <span class='ocrx_word' id='word_1_420' title='bbox 1484 1871 1613 1903; x_wconf 78' lang='lat' dir='ltr'>similia.</span> <span class='ocrx_word' id='word_1_421' title='bbox 1649 1871 1747 1912; x_wconf 70' lang='lat' dir='ltr'>[ccm-</span> 
     </span>
     <span class='ocr_line' id='line_1_85' title="bbox 1059 1920 1746 1963; baseline -0.001 -10"><span class='ocrx_word' id='word_1_422' title='bbox 1059 1923 1140 1953; x_wconf 80' lang='lat' dir='ltr'>didit</span> <span class='ocrx_word' id='word_1_423' title='bbox 1169 1924 1280 1963; x_wconf 81' lang='lat' dir='ltr'>lumen,</span> <span class='ocrx_word' id='word_1_424' title='bbox 1308 1932 1403 1962; x_wconf 82' lang='lat' dir='ltr'>neque</span> <span class='ocrx_word' id='word_1_425' title='bbox 1438 1922 1522 1952; x_wconf 80' lang='lat' dir='ltr'>clara</span> <span class='ocrx_word' id='word_1_426' title='bbox 1555 1920 1654 1952; x_wconf 87' lang='lat' dir='ltr'>codd.</span> <span class='ocrx_word' id='word_1_427' title='bbox 1689 1930 1746 1962; x_wconf 81' lang='lat' dir='ltr'>ap.</span> 
     </span>
     <span class='ocr_line' id='line_1_86' title="bbox 1059 1971 1747 2011; baseline -0.006 -7"><span class='ocrx_word' id='word_1_428' title='bbox 1059 1973 1170 2004; x_wconf 85' lang='lat' dir='ltr'>Jaeck</span> <span class='ocrx_word' id='word_1_429' title='bbox 1184 1983 1194 2011; x_wconf 87' lang='lat'><strong>;</strong></span> <span class='ocrx_word' id='word_1_430' title='bbox 1215 1974 1316 2003; x_wconf 81' lang='lat' dir='ltr'>lumen</span> <span class='ocrx_word' id='word_1_431' title='bbox 1332 1972 1433 2003; x_wconf 81' lang='lat' dir='ltr'>etiam</span> <span class='ocrx_word' id='word_1_432' title='bbox 1449 1971 1530 2001; x_wconf 79' lang='lat' dir='ltr'>Vat.</span> <span class='ocrx_word' id='word_1_433' title='bbox 1548 1973 1577 2001; x_wconf 90' lang='lat'>1.</span> <span class='ocrx_word' id='word_1_434' title='bbox 1593 1979 1612 2000; x_wconf 81' lang='lat' dir='ltr'>a</span> <span class='ocrx_word' id='word_1_435' title='bbox 1625 1980 1667 2001; x_wconf 88' lang='lat' dir='ltr'>m.</span> <span class='ocrx_word' id='word_1_436' title='bbox 1681 1979 1747 2001; x_wconf 78' lang='lat' dir='ltr'>see.</span> 
     </span>
     <span class='ocr_line' id='line_1_87' title="bbox 1061 2018 1745 2060; baseline -0.006 -9"><span class='ocrx_word' id='word_1_437' title='bbox 1061 2030 1114 2060; x_wconf 86' lang='lat' dir='ltr'>ap.</span> <span class='ocrx_word' id='word_1_438' title='bbox 1132 2021 1247 2058; x_wconf 83' lang='lat' dir='ltr'>Feam,</span> <span class='ocrx_word' id='word_1_439' title='bbox 1266 2025 1302 2050; x_wconf 89' lang='lat' dir='ltr'>et</span> <span class='ocrx_word' id='word_1_440' title='bbox 1324 2029 1407 2050; x_wconf 82' lang='lat' dir='ltr'>unus</span> <span class='ocrx_word' id='word_1_441' title='bbox 1434 2028 1488 2058; x_wconf 79' lang='lat' dir='ltr'>ap·</span> <span class='ocrx_word' id='word_1_442' title='bbox 1504 2018 1631 2050; x_wconf 76' lang='lat' dir='ltr'>Valart.</span> <span class='ocrx_word' id='word_1_443' title='bbox 1657 2018 1745 2058; x_wconf 86' lang='lat' dir='ltr'>quod</span> 
     </span>
     <span class='ocr_line' id='line_1_88' title="bbox 1060 2068 1381 2107; baseline -0.003 -8"><span class='ocrx_word' id='word_1_444' title='bbox 1060 2078 1125 2099; x_wconf 92' lang='lat' dir='ltr'>non</span> <span class='ocrx_word' id='word_1_445' title='bbox 1141 2069 1270 2107; x_wconf 83' lang='lat' dir='ltr'>spernit</span> <span class='ocrx_word' id='word_1_446' title='bbox 1287 2068 1381 2107; x_wconf 81' lang='lat' dir='ltr'>Fea.]</span> 
     </span>
    </p>

    <p class='ocr_par' dir='ltr' id='par_1_17' title="bbox 1056 2114 1748 2295">
     <span class='ocr_line' id='line_1_89' title="bbox 1102 2114 1747 2155; baseline -0.005 -7"><span class='ocrx_word' id='word_1_447' title='bbox 1102 2122 1120 2148; x_wconf 83' lang='lat'>5</span> <span class='ocrx_word' id='word_1_448' title='bbox 1146 2118 1254 2148; x_wconf 76' lang='lat' dir='ltr'>ocium</span> <span class='ocrx_word' id='word_1_449' title='bbox 1268 2116 1358 2155; x_wconf 80' lang='lat' dir='ltr'>bello]</span> <span class='ocrx_word' id='word_1_450' title='bbox 1381 2115 1543 2147; x_wconf 79' lang='lat' dir='ltr'>Nationes</span> <span class='ocrx_word' id='word_1_451' title='bbox 1566 2114 1747 2153; x_wconf 70' lang='lat' dir='ltr'>bellicosae,</span> 
     </span>
     <span class='ocr_line' id='line_1_90' title="bbox 1060 2165 1745 2206; baseline -0.004 -8"><span class='ocrx_word' id='word_1_452' title='bbox 1060 2171 1098 2198; x_wconf 88' lang='lat' dir='ltr'>ut</span> <span class='ocrx_word' id='word_1_453' title='bbox 1110 2168 1254 2198; x_wconf 85' lang='lat' dir='ltr'>Thraces</span> <span class='ocrx_word' id='word_1_454' title='bbox 1265 2171 1300 2197; x_wconf 86' lang='lat' dir='ltr'>et</span> <span class='ocrx_word' id='word_1_455' title='bbox 1314 2165 1421 2204; x_wconf 89' lang='lat' dir='ltr'>Medi,</span> <span class='ocrx_word' id='word_1_456' title='bbox 1436 2174 1555 2206; x_wconf 88' lang='lat' dir='ltr'>pacem</span> <span class='ocrx_word' id='word_1_457' title='bbox 1570 2165 1670 2196; x_wconf 87' lang='lat' dir='ltr'>etiam</span> <span class='ocrx_word' id='word_1_458' title='bbox 1686 2173 1745 2195; x_wconf 83' lang='lat' dir='ltr'>ex-</span> 
     </span>
     <span class='ocr_line' id='line_1_91' title="bbox 1060 2213 1748 2255; baseline -0.004 -8"><span class='ocrx_word' id='word_1_459' title='bbox 1060 2220 1190 2255; x_wconf 83' lang='lat' dir='ltr'>petunt.</span> <span class='ocrx_word' id='word_1_460' title='bbox 1258 2213 1389 2254; x_wconf 75' lang='lat' dir='ltr'>Thrace]</span> <span class='ocrx_word' id='word_1_461' title='bbox 1422 2214 1576 2250; x_wconf 79' lang='lat' dir='ltr'>Thracia,</span> <span class='ocrx_word' id='word_1_462' title='bbox 1610 2213 1645 2244; x_wconf 87' lang='lat' dir='ltr'>id</span> <span class='ocrx_word' id='word_1_463' title='bbox 1681 2218 1748 2252; x_wconf 83' lang='lat' dir='ltr'>est,</span> 
     </span>
     <span class='ocr_line' id='line_1_92' title="bbox 1056 2263 1367 2295; baseline -0.013 0"><span class='ocrx_word' id='word_1_464' title='bbox 1056 2265 1163 2295; x_wconf 83' lang='lat' dir='ltr'>Thrax</span> <span class='ocrx_word' id='word_1_465' title='bbox 1179 2263 1367 2295; x_wconf 86' lang='lat' dir='ltr'>bellicosus.</span> 
     </span>
    </p>

    <p class='ocr_par' dir='ltr' id='par_1_18' title="bbox 1055 2308 1747 2696">
     <span class='ocr_line' id='line_1_93' title="bbox 1097 2308 1745 2353; baseline -0.006 -9"><span class='ocrx_word' id='word_1_466' title='bbox 1097 2316 1116 2344; x_wconf 87' lang='grc'><strong>7</strong></span> <span class='ocrx_word' id='word_1_467' title='bbox 1143 2312 1297 2353; x_wconf 74' lang='lat' dir='ltr'>Grosphe]</span> <span class='ocrx_word' id='word_1_468' title='bbox 1319 2311 1400 2351; x_wconf 87' lang='lat' dir='ltr'>Hic,</span> <span class='ocrx_word' id='word_1_469' title='bbox 1413 2309 1542 2350; x_wconf 86' lang='lat' dir='ltr'>opinor,</span> <span class='ocrx_word' id='word_1_470' title='bbox 1562 2308 1745 2349; x_wconf 88' lang='lat' dir='ltr'>Pompeius</span> 
     </span>
     <span class='ocr_line' id='line_1_94' title="bbox 1055 2358 1747 2401; baseline -0.009 -7"><span class='ocrx_word' id='word_1_471' title='bbox 1055 2363 1113 2394; x_wconf 82' lang='lat' dir='ltr'>ine</span> <span class='ocrx_word' id='word_1_472' title='bbox 1129 2362 1314 2401; x_wconf 80' lang='lat' dir='ltr'>Grosphus,</span> <span class='ocrx_word' id='word_1_473' title='bbox 1331 2369 1428 2400; x_wconf 91' lang='lat' dir='ltr'>quem</span> <span class='ocrx_word' id='word_1_474' title='bbox 1446 2359 1533 2390; x_wconf 87' lang='lat' dir='ltr'>Ictio</span> <span class='ocrx_word' id='word_1_475' title='bbox 1546 2359 1579 2389; x_wconf 88' lang='lat' dir='ltr'>in</span> <span class='ocrx_word' id='word_1_476' title='bbox 1592 2358 1747 2398; x_wconf 76' lang='lat' dir='ltr'>Epistola</span> 
     </span>
     <span class='ocr_line' id='line_1_95' title="bbox 1056 2407 1744 2448; baseline -0.007 -6"><span class='ocrx_word' id='word_1_477' title='bbox 1056 2411 1280 2448; x_wconf 84' lang='lat' dir='ltr'>commendat,</span> <span class='ocrx_word' id='word_1_478' title='bbox 1306 2410 1401 2440; x_wconf 84' lang='lat' dir='ltr'>Utere</span> <span class='ocrx_word' id='word_1_479' title='bbox 1423 2407 1568 2448; x_wconf 85' lang='lat' dir='ltr'>Pompeio</span> <span class='ocrx_word' id='word_1_480' title='bbox 1594 2407 1744 2447; x_wconf 64' lang='lat' dir='ltr'>Grospho.</span> 
     </span>
     <span class='ocr_line' id='line_1_96' title="bbox 1057 2454 1745 2500; baseline -0.007 -9"><span class='ocrx_word' id='word_1_481' title='bbox 1057 2459 1268 2500; x_wconf 85' lang='lat' dir='ltr'>Porphyrion</span> <span class='ocrx_word' id='word_1_482' title='bbox 1283 2458 1434 2498; x_wconf 85' lang='lat' dir='ltr'>equitem</span> <span class='ocrx_word' id='word_1_483' title='bbox 1450 2457 1635 2487; x_wconf 78' lang='lat' dir='ltr'>Romanum</span> <span class='ocrx_word' id='word_1_484' title='bbox 1649 2454 1745 2494; x_wconf 77' lang='lat' dir='ltr'>facit,</span> 
     </span>
     <span class='ocr_line' id='line_1_97' title="bbox 1058 2505 1746 2545; baseline -0.007 -4"><span class='ocrx_word' id='word_1_485' title='bbox 1058 2509 1116 2541; x_wconf 89' lang='lat' dir='ltr'>sed</span> <span class='ocrx_word' id='word_1_486' title='bbox 1132 2508 1349 2540; x_wconf 85' lang='lat' dir='ltr'>Siciliensem.</span> <span class='ocrx_word' id='word_1_487' title='bbox 1367 2506 1507 2536; x_wconf 78' lang='lat' dir='ltr'>Torrent-</span> <span class='ocrx_word' id='word_1_488' title='bbox 1542 2505 1666 2545; x_wconf 77' lang='lat' dir='ltr'>Venale,</span> <span class='ocrx_word' id='word_1_489' title='bbox 1677 2505 1746 2545; x_wconf 78' lang='lat' dir='ltr'>nec]</span> 
     </span>
     <span class='ocr_line' id='line_1_98' title="bbox 1059 2555 1744 2598; baseline -0.007 -8"><span class='ocrx_word' id='word_1_490' title='bbox 1059 2558 1172 2590; x_wconf 88' lang='lat' dir='ltr'>Animi</span> <span class='ocrx_word' id='word_1_491' title='bbox 1202 2556 1430 2598; x_wconf 77' lang='lat' dir='ltr'>tranquillitas</span> <span class='ocrx_word' id='word_1_492' title='bbox 1454 2563 1520 2586; x_wconf 84' lang='lat' dir='ltr'>uon</span> <span class='ocrx_word' id='word_1_493' title='bbox 1545 2558 1658 2594; x_wconf 78' lang='lat' dir='ltr'>potest</span> <span class='ocrx_word' id='word_1_494' title='bbox 1677 2555 1744 2586; x_wconf 86' lang='lat' dir='ltr'>emi</span> 
     </span>
     <span class='ocr_line' id='line_1_99' title="bbox 1059 2603 1744 2650; baseline -0.01 -10"><span class='ocrx_word' id='word_1_495' title='bbox 1059 2608 1207 2650; x_wconf 85' lang='lat' dir='ltr'>gemmis,</span> <span class='ocrx_word' id='word_1_496' title='bbox 1222 2615 1285 2638; x_wconf 90' lang='lat' dir='ltr'>nec</span> <span class='ocrx_word' id='word_1_497' title='bbox 1301 2614 1462 2646; x_wconf 79' lang='lat' dir='ltr'>purpura,</span> <span class='ocrx_word' id='word_1_498' title='bbox 1475 2612 1538 2635; x_wconf 87' lang='lat' dir='ltr'>nec</span> <span class='ocrx_word' id='word_1_499' title='bbox 1555 2612 1650 2643; x_wconf 77' lang='lat' dir='ltr'>auro,</span> <span class='ocrx_word' id='word_1_500' title='bbox 1667 2603 1744 2644; x_wconf 72' lang='lat' dir='ltr'>quin</span> 
     </span>
     <span class='ocr_line' id='line_1_100' title="bbox 1057 2649 1740 2696; baseline -0.01 -8"><span class='ocrx_word' id='word_1_501' title='bbox 1057 2658 1162 2688; x_wconf 87' lang='lat' dir='ltr'>solum</span> <span class='ocrx_word' id='word_1_502' title='bbox 1189 2654 1346 2696; x_wconf 85' lang='lat' dir='ltr'>provenit</span> <span class='ocrx_word' id='word_1_503' title='bbox 1373 2653 1416 2685; x_wconf 72' lang='lat' dir='ltr'>ab</span> <span class='ocrx_word' id='word_1_504' title='bbox 1441 2652 1595 2693; x_wconf 82' lang='lat' dir='ltr'>appetitu</span> <span class='ocrx_word' id='word_1_505' title='bbox 1621 2649 1740 2683; x_wconf 76' lang='lat' dir='ltr'>rationi</span> 
     </span>
    </p>
   </div>
   <div class='ocr_carea' id='block_1_9' title="bbox 1059 2706 1740 2792">
    <p class='ocr_par' dir='ltr' id='par_1_19' title="bbox 1059 2706 1740 2792">
     <span class='ocr_line' id='line_1_101' title="bbox 1059 2706 1326 2745; baseline -0.015 -7"><span class='ocrx_word' id='word_1_506' title='bbox 1059 2706 1326 2745; x_wconf 86' lang='lat' dir='ltr'>obtemperante.</span> 
     </span>
     <span class='ocr_line' id='line_1_102' title="bbox 1100 2743 1740 2792; baseline -0.02 -5"><span class='ocrx_word' id='word_1_507' title='bbox 1100 2757 1121 2787; x_wconf 85' lang='grc'>9</span> <span class='ocrx_word' id='word_1_508' title='bbox 1146 2754 1252 2792; x_wconf 79' lang='lat' dir='ltr'>Gazae,</span> <span class='ocrx_word' id='word_1_509' title='bbox 1267 2750 1375 2792; x_wconf 80' lang='lat' dir='ltr'>neque]</span> <span class='ocrx_word' id='word_1_510' title='bbox 1404 2749 1482 2782; x_wconf 89' lang='lat' dir='ltr'>Non</span> <span class='ocrx_word' id='word_1_511' title='bbox 1504 2749 1672 2782; x_wconf 73' lang='lat' dir='ltr'>immensae</span> <span class='ocrx_word' id='word_1_512' title='bbox 1690 2743 1740 2775; x_wconf 80' lang='lat' dir='ltr'>di·</span> 
     </span>
    </p>
   </div>
  </div>
 </body>
</html>
