<?xml version="1.0" encoding="UTF-8"?>
<!DOCTYPE html PUBLIC "-//W3C//DTD XHTML 1.0 Transitional//EN"
    "http://www.w3.org/TR/xhtml1/DTD/xhtml1-transitional.dtd">
<html xmlns="http://www.w3.org/1999/xhtml" xml:lang="en" lang="en">
 <head>
  <title>
</title>
<meta http-equiv="Content-Type" content="text/html;charset=utf-8" />
  <meta name='ocr-system' content='tesseract 3.04.00' />
  <meta name='ocr-capabilities' content='ocr_page ocr_carea ocr_par ocr_line ocrx_word'/>
</head>
<body>
  <div class='ocr_page' id='page_1' title='image "./operazeune03horauoft/operazeune03horauoft_0384.png"; bbox 0 0 1930 3204; ppageno 0'>
   <div class='ocr_carea' id='block_1_1' title="bbox 369 256 478 298">
    <p class='ocr_par' dir='ltr' id='par_1_1' title="bbox 369 256 478 298">
     <span class='ocr_line' id='line_1_1' title="bbox 369 256 478 298; baseline 0 -1"><span class='ocrx_word' id='word_1_1' title='bbox 369 256 478 298; x_wconf 83' lang='lat'>1530</span> 
     </span>
    </p>
   </div>
   <div class='ocr_carea' id='block_1_2' title="bbox 366 358 1053 2060">
    <p class='ocr_par' dir='ltr' id='par_1_2' title="bbox 367 358 1046 498">
     <span class='ocr_line' id='line_1_2' title="bbox 371 358 1046 400; baseline -0.003 -8"><span class='ocrx_word' id='word_1_2' title='bbox 371 361 483 400; x_wconf 86' lang='lat' dir='ltr'>gorice</span> <span class='ocrx_word' id='word_1_3' title='bbox 498 359 661 400; x_wconf 83' lang='lat' dir='ltr'>significat</span> <span class='ocrx_word' id='word_1_4' title='bbox 674 358 706 389; x_wconf 92' lang='lat' dir='ltr'>id</span> <span class='ocrx_word' id='word_1_5' title='bbox 720 367 813 398; x_wconf 85' lang='lat' dir='ltr'>aeque</span> <span class='ocrx_word' id='word_1_6' title='bbox 825 358 1046 398; x_wconf 85' lang='lat' dir='ltr'>periculosum</span> 
     </span>
     <span class='ocr_line' id='line_1_3' title="bbox 369 408 1046 450; baseline -0.001 -9"><span class='ocrx_word' id='word_1_7' title='bbox 369 419 456 450; x_wconf 76' lang='lat' dir='ltr'>esse,</span> <span class='ocrx_word' id='word_1_8' title='bbox 473 419 511 441; x_wconf 90' lang='lat' dir='ltr'>ac</span> <span class='ocrx_word' id='word_1_9' title='bbox 526 410 553 440; x_wconf 89' lang='lat' dir='ltr'>si</span> <span class='ocrx_word' id='word_1_10' title='bbox 569 418 669 450; x_wconf 88' lang='lat' dir='ltr'>parvo</span> <span class='ocrx_word' id='word_1_11' title='bbox 684 408 813 449; x_wconf 82' lang='lat' dir='ltr'>navigio</span> <span class='ocrx_word' id='word_1_12' title='bbox 828 408 861 439; x_wconf 86' lang='lat' dir='ltr'>&#39;m</span> <span class='ocrx_word' id='word_1_13' title='bbox 872 409 955 440; x_wconf 81' lang='lat' dir='ltr'>mari</span> <span class='ocrx_word' id='word_1_14' title='bbox 965 410 1046 450; x_wconf 82' lang='lat' dir='ltr'>Tyr-</span> 
     </span>
     <span class='ocr_line' id='line_1_4' title="bbox 367 459 676 498; baseline 0 -8"><span class='ocrx_word' id='word_1_15' title='bbox 367 459 472 490; x_wconf 84' lang='lat' dir='ltr'>rheno</span> <span class='ocrx_word' id='word_1_16' title='bbox 493 459 676 498; x_wconf 81' lang='lat' dir='ltr'>navigaret.</span> 
     </span>
    </p>

    <p class='ocr_par' dir='ltr' id='par_1_3' title="bbox 410 505 908 547">
     <span class='ocr_line' id='line_1_5' title="bbox 410 505 908 547; baseline -0.002 -8"><span class='ocrx_word' id='word_1_17' title='bbox 410 512 428 539; x_wconf 87' lang='lat'><strong><em>5</em></strong></span> <span class='ocrx_word' id='word_1_18' title='bbox 458 507 586 547; x_wconf 81' lang='lat' dir='ltr'>Uberes]</span> <span class='ocrx_word' id='word_1_19' title='bbox 610 507 768 547; x_wconf 83' lang='lat' dir='ltr'>Copiosas</span> <span class='ocrx_word' id='word_1_20' title='bbox 783 505 908 547; x_wconf 82' lang='lat' dir='ltr'>fruges.</span> 
     </span>
    </p>

    <p class='ocr_par' dir='ltr' id='par_1_4' title="bbox 366 557 1047 1124">
     <span class='ocr_line' id='line_1_6' title="bbox 409 557 1046 598; baseline 0 -10"><span class='ocrx_word' id='word_1_21' title='bbox 409 560 430 588; x_wconf 83' lang='lat'>6</span> <span class='ocrx_word' id='word_1_22' title='bbox 451 559 495 588; x_wconf 77' lang='lat' dir='ltr'>Et</span> <span class='ocrx_word' id='word_1_23' title='bbox 506 558 594 596; x_wconf 80' lang='lat' dir='ltr'>signa</span> <span class='ocrx_word' id='word_1_24' title='bbox 608 557 727 597; x_wconf 80' lang='lat' dir='ltr'>nostra]</span> <span class='ocrx_word' id='word_1_25' title='bbox 743 557 856 597; x_wconf 80' lang='lat' dir='ltr'>Signa,</span> <span class='ocrx_word' id='word_1_26' title='bbox 867 567 940 598; x_wconf 73' lang='lat' dir='ltr'>quae</span> <span class='ocrx_word' id='word_1_27' title='bbox 951 557 1046 589; x_wconf 88' lang='lat' dir='ltr'>Cras-</span> 
     </span>
     <span class='ocr_line' id='line_1_7' title="bbox 369 606 1046 638; baseline 0 -1"><span class='ocrx_word' id='word_1_28' title='bbox 369 616 423 637; x_wconf 82' lang='lat' dir='ltr'>sus</span> <span class='ocrx_word' id='word_1_29' title='bbox 451 607 609 638; x_wconf 84' lang='lat' dir='ltr'>amiserat</span> <span class='ocrx_word' id='word_1_30' title='bbox 637 616 656 638; x_wconf 89' lang='lat' dir='ltr'>a</span> <span class='ocrx_word' id='word_1_31' title='bbox 682 606 816 638; x_wconf 86' lang='lat' dir='ltr'>Parthis</span> <span class='ocrx_word' id='word_1_32' title='bbox 841 606 1046 638; x_wconf 86' lang='lat' dir='ltr'>interfectus.</span> 
     </span>
     <span class='ocr_line' id='line_1_8' title="bbox 369 655 1046 696; baseline 0.003 -11"><span class='ocrx_word' id='word_1_33' title='bbox 369 655 484 686; x_wconf 80' lang='lat' dir='ltr'>Nostra</span> <span class='ocrx_word' id='word_1_34' title='bbox 505 655 639 687; x_wconf 73' lang='lat' dir='ltr'>restituit</span> <span class='ocrx_word' id='word_1_35' title='bbox 652 655 741 696; x_wconf 71' lang='lat' dir='ltr'>Jovi]</span> <span class='ocrx_word' id='word_1_36' title='bbox 772 655 889 686; x_wconf 75' lang='lat' dir='ltr'>Nostro</span> <span class='ocrx_word' id='word_1_37' title='bbox 911 657 963 687; x_wconf 90' lang='lat' dir='ltr'>vel</span> <span class='ocrx_word' id='word_1_38' title='bbox 985 656 1046 687; x_wconf 86' lang='lat' dir='ltr'>Ca·</span> 
     </span>
     <span class='ocr_line' id='line_1_9' title="bbox 368 704 1045 745; baseline 0 -10"><span class='ocrx_word' id='word_1_39' title='bbox 368 705 508 744; x_wconf 85' lang='lat' dir='ltr'>pitolino</span> <span class='ocrx_word' id='word_1_40' title='bbox 523 713 691 745; x_wconf 82' lang='lat' dir='ltr'>exponere</span> <span class='ocrx_word' id='word_1_41' title='bbox 706 704 843 743; x_wconf 81' lang='lat' dir='ltr'>licebit3</span> <span class='ocrx_word' id='word_1_42' title='bbox 867 705 919 736; x_wconf 86' lang='lat' dir='ltr'>vel</span> <span class='ocrx_word' id='word_1_43' title='bbox 942 705 1045 745; x_wconf 82' lang='lat' dir='ltr'>nobis,</span> 
     </span>
     <span class='ocr_line' id='line_1_10' title="bbox 368 753 1045 794; baseline 0.001 -11"><span class='ocrx_word' id='word_1_44' title='bbox 368 753 401 784; x_wconf 90' lang='lat' dir='ltr'>id</span> <span class='ocrx_word' id='word_1_45' title='bbox 415 759 477 790; x_wconf 84' lang='lat' dir='ltr'>est,</span> <span class='ocrx_word' id='word_1_46' title='bbox 504 754 661 785; x_wconf 86' lang='lat' dir='ltr'>Romanis</span> <span class='ocrx_word' id='word_1_47' title='bbox 675 754 831 794; x_wconf 87' lang='lat' dir='ltr'>propitio.</span> <span class='ocrx_word' id='word_1_48' title='bbox 875 754 976 785; x_wconf 86' lang='lat' dir='ltr'>Nulla</span> <span class='ocrx_word' id='word_1_49' title='bbox 991 763 1045 784; x_wconf 89' lang='lat' dir='ltr'>au-</span> 
     </span>
     <span class='ocr_line' id='line_1_11' title="bbox 368 802 1046 843; baseline 0.001 -10"><span class='ocrx_word' id='word_1_50' title='bbox 368 806 436 833; x_wconf 82' lang='lat' dir='ltr'>tem</span> <span class='ocrx_word' id='word_1_51' title='bbox 452 811 488 833; x_wconf 91' lang='lat' dir='ltr'>re</span> <span class='ocrx_word' id='word_1_52' title='bbox 498 803 603 843; x_wconf 83' lang='lat' dir='ltr'>magis</span> <span class='ocrx_word' id='word_1_53' title='bbox 615 803 745 843; x_wconf 82' lang='lat' dir='ltr'>gavisus</span> <span class='ocrx_word' id='word_1_54' title='bbox 754 802 939 843; x_wconf 82' lang='lat' dir='ltr'>Augustus,</span> <span class='ocrx_word' id='word_1_55' title='bbox 947 811 1046 843; x_wconf 86' lang='lat' dir='ltr'>quam</span> 
     </span>
     <span class='ocr_line' id='line_1_12' title="bbox 367 851 1047 892; baseline 0 -10"><span class='ocrx_word' id='word_1_56' title='bbox 367 851 454 891; x_wconf 85' lang='lat' dir='ltr'>quod</span> <span class='ocrx_word' id='word_1_57' title='bbox 469 852 563 892; x_wconf 86' lang='lat' dir='ltr'>signa</span> <span class='ocrx_word' id='word_1_58' title='bbox 574 862 593 883; x_wconf 88' lang='lat' dir='ltr'>a</span> <span class='ocrx_word' id='word_1_59' title='bbox 609 852 728 883; x_wconf 78' lang='lat' dir='ltr'>Crasso</span> <span class='ocrx_word' id='word_1_60' title='bbox 741 856 776 883; x_wconf 93' lang='lat' dir='ltr'>et</span> <span class='ocrx_word' id='word_1_61' title='bbox 788 852 934 883; x_wconf 89' lang='lat' dir='ltr'>Antonio</span> <span class='ocrx_word' id='word_1_62' title='bbox 950 856 1047 892; x_wconf 87' lang='lat' dir='ltr'>capta</span> 
     </span>
     <span class='ocr_line' id='line_1_13' title="bbox 367 901 1046 942; baseline 0.001 -11"><span class='ocrx_word' id='word_1_63' title='bbox 367 901 485 932; x_wconf 79' lang='lat' dir='ltr'><strong>Parthi</strong></span> <span class='ocrx_word' id='word_1_64' title='bbox 508 901 659 932; x_wconf 87' lang='lat' dir='ltr'>volentes</span> <span class='ocrx_word' id='word_1_65' title='bbox 683 901 715 932; x_wconf 88' lang='lat' dir='ltr'>ei</span> <span class='ocrx_word' id='word_1_66' title='bbox 738 902 934 932; x_wconf 69' lang='lat' dir='ltr'>restitueres</span> <span class='ocrx_word' id='word_1_67' title='bbox 958 901 1046 942; x_wconf 89' lang='lat' dir='ltr'>quod</span> 
     </span>
     <span class='ocr_line' id='line_1_14' title="bbox 368 949 1047 988; baseline 0.003 -9"><span class='ocrx_word' id='word_1_68' title='bbox 368 950 491 988; x_wconf 84' lang='lat' dir='ltr'>passim</span> <span class='ocrx_word' id='word_1_69' title='bbox 504 953 672 980; x_wconf 78' lang='lat' dir='ltr'>testantur</span> <span class='ocrx_word' id='word_1_70' title='bbox 683 954 812 980; x_wconf 86' lang='lat' dir='ltr'>veteres</span> <span class='ocrx_word' id='word_1_71' title='bbox 823 949 959 986; x_wconf 88' lang='lat' dir='ltr'>nummi,</span> <span class='ocrx_word' id='word_1_72' title='bbox 971 959 1047 981; x_wconf 88' lang='lat' dir='ltr'>cum</span> 
     </span>
     <span class='ocr_line' id='line_1_15' title="bbox 367 997 1047 1037; baseline 0.007 -11"><span class='ocrx_word' id='word_1_73' title='bbox 367 997 430 1027; x_wconf 90' lang='lat' dir='ltr'>hac</span> <span class='ocrx_word' id='word_1_74' title='bbox 459 997 694 1037; x_wconf 76' lang='lat' dir='ltr'>inscriptione:</span> <span class='ocrx_word' id='word_1_75' title='bbox 726 1007 838 1029; x_wconf 70' lang='lat' dir='ltr'>smnus</span> <span class='ocrx_word' id='word_1_76' title='bbox 867 1006 1047 1031; x_wconf 63' lang='lat' dir='ltr'>necemus.</span> 
     </span>
     <span class='ocr_line' id='line_1_16' title="bbox 366 1044 1047 1087; baseline 0.006 -13"><span class='ocrx_word' id='word_1_77' title='bbox 366 1044 456 1085; x_wconf 79' lang='lat' dir='ltr'>Jovi]</span> <span class='ocrx_word' id='word_1_78' title='bbox 475 1044 553 1076; x_wconf 83' lang='lat' dir='ltr'>Jovi</span> <span class='ocrx_word' id='word_1_79' title='bbox 565 1045 768 1085; x_wconf 88' lang='lat' dir='ltr'>Capitolino,</span> <span class='ocrx_word' id='word_1_80' title='bbox 783 1046 840 1078; x_wconf 90' lang='lat' dir='ltr'>ubi</span> <span class='ocrx_word' id='word_1_81' title='bbox 855 1048 950 1087; x_wconf 84' lang='lat' dir='ltr'>signa</span> <span class='ocrx_word' id='word_1_82' title='bbox 964 1047 1047 1078; x_wconf 89' lang='lat' dir='ltr'>mili-</span> 
     </span>
     <span class='ocr_line' id='line_1_17' title="bbox 369 1093 772 1124; baseline 0.002 -1"><span class='ocrx_word' id='word_1_83' title='bbox 369 1093 456 1123; x_wconf 83' lang='lat' dir='ltr'>taria</span> <span class='ocrx_word' id='word_1_84' title='bbox 469 1093 596 1124; x_wconf 85' lang='lat' dir='ltr'>servari</span> <span class='ocrx_word' id='word_1_85' title='bbox 611 1094 772 1124; x_wconf 79' lang='lat' dir='ltr'>solebant.</span> 
     </span>
    </p>

    <p class='ocr_par' dir='ltr' id='par_1_5' title="bbox 367 1141 1050 1377">
     <span class='ocr_line' id='line_1_18' title="bbox 409 1141 1050 1184; baseline 0.005 -12"><span class='ocrx_word' id='word_1_86' title='bbox 409 1144 429 1172; x_wconf 85' lang='grc'><strong>7</strong></span> <span class='ocrx_word' id='word_1_87' title='bbox 451 1141 586 1182; x_wconf 78' lang='lat' dir='ltr'>Direpta</span> <span class='ocrx_word' id='word_1_88' title='bbox 600 1143 789 1173; x_wconf 76' lang='lat' dir='ltr'><strong><em>Parthorum</em></strong></span> <span class='ocrx_word' id='word_1_89' title='bbox 803 1144 956 1184; x_wconf 73' lang='lat' dir='ltr'>superbis]</span> <span class='ocrx_word' id='word_1_90' title='bbox 977 1143 1050 1184; x_wconf 78' lang='lat' dir='ltr'>sig-</span> 
     </span>
     <span class='ocr_line' id='line_1_19' title="bbox 367 1191 1049 1233; baseline 0.006 -11"><span class='ocrx_word' id='word_1_91' title='bbox 367 1201 411 1223; x_wconf 83' lang='lat' dir='ltr'>na</span> <span class='ocrx_word' id='word_1_92' title='bbox 425 1191 578 1224; x_wconf 84' lang='lat' dir='ltr'>detracta</span> <span class='ocrx_word' id='word_1_93' title='bbox 593 1202 613 1223; x_wconf 90' lang='lat' dir='ltr'>a</span> <span class='ocrx_word' id='word_1_94' title='bbox 628 1192 779 1233; x_wconf 88' lang='lat' dir='ltr'>superbis</span> <span class='ocrx_word' id='word_1_95' title='bbox 795 1194 943 1233; x_wconf 86' lang='lat' dir='ltr'>postibus</span> <span class='ocrx_word' id='word_1_96' title='bbox 967 1195 1049 1226; x_wconf 86' lang='lat' dir='ltr'>Par-</span> 
     </span>
     <span class='ocr_line' id='line_1_20' title="bbox 370 1240 1049 1282; baseline 0.004 -11"><span class='ocrx_word' id='word_1_97' title='bbox 370 1240 499 1271; x_wconf 83' lang='lat' dir='ltr'>thorum</span> <span class='ocrx_word' id='word_1_98' title='bbox 516 1251 524 1272; x_wconf 87' lang='lat'>:</span> <span class='ocrx_word' id='word_1_99' title='bbox 563 1241 632 1282; x_wconf 89' lang='lat' dir='ltr'>qui,</span> <span class='ocrx_word' id='word_1_100' title='bbox 662 1249 704 1272; x_wconf 93' lang='lat' dir='ltr'>ne</span> <span class='ocrx_word' id='word_1_101' title='bbox 735 1241 814 1272; x_wconf 86' lang='lat' dir='ltr'>victi</span> <span class='ocrx_word' id='word_1_102' title='bbox 844 1242 1049 1282; x_wconf 83' lang='lat' dir='ltr'>viderentur,</span> 
     </span>
     <span class='ocr_line' id='line_1_21' title="bbox 368 1289 1050 1330; baseline 0.006 -11"><span class='ocrx_word' id='word_1_103' title='bbox 368 1289 462 1329; x_wconf 81' lang='lat' dir='ltr'>signa</span> <span class='ocrx_word' id='word_1_104' title='bbox 483 1289 668 1325; x_wconf 83' lang='lat' dir='ltr'>Crassiana,</span> <span class='ocrx_word' id='word_1_105' title='bbox 690 1299 751 1320; x_wconf 88' lang='lat' dir='ltr'>sua</span> <span class='ocrx_word' id='word_1_106' title='bbox 770 1293 890 1330; x_wconf 80' lang='lat' dir='ltr'>sponte</span> <span class='ocrx_word' id='word_1_107' title='bbox 913 1291 1050 1323; x_wconf 86' lang='lat' dir='ltr'>Romam</span> 
     </span>
     <span class='ocr_line' id='line_1_22' title="bbox 370 1337 842 1377; baseline 0.004 -9"><span class='ocrx_word' id='word_1_108' title='bbox 370 1337 411 1368; x_wconf 85' lang='lat' dir='ltr'>ad</span> <span class='ocrx_word' id='word_1_109' title='bbox 427 1337 614 1377; x_wconf 84' lang='lat' dir='ltr'>Augustum</span> <span class='ocrx_word' id='word_1_110' title='bbox 630 1338 842 1370; x_wconf 86' lang='lat' dir='ltr'>remiserunt.</span> 
     </span>
    </p>

    <p class='ocr_par' dir='ltr' id='par_1_6' title="bbox 369 1388 1051 1525">
     <span class='ocr_line' id='line_1_23' title="bbox 410 1388 1051 1428; baseline 0.003 -10"><span class='ocrx_word' id='word_1_111' title='bbox 410 1389 430 1418; x_wconf 82' lang='lat'>8</span> <span class='ocrx_word' id='word_1_112' title='bbox 458 1388 591 1419; x_wconf 82' lang='lat' dir='ltr'>Vacuum</span> <span class='ocrx_word' id='word_1_113' title='bbox 601 1388 725 1428; x_wconf 79' lang='lat' dir='ltr'>duellis]</span> <span class='ocrx_word' id='word_1_114' title='bbox 741 1389 841 1420; x_wconf 88' lang='lat' dir='ltr'>Hunc</span> <span class='ocrx_word' id='word_1_115' title='bbox 851 1389 959 1421; x_wconf 88' lang='lat' dir='ltr'>locum</span> <span class='ocrx_word' id='word_1_116' title='bbox 968 1389 1051 1420; x_wconf 85' lang='lat' dir='ltr'>Tor·</span> 
     </span>
     <span class='ocr_line' id='line_1_24' title="bbox 369 1436 1051 1474; baseline 0.004 -8"><span class='ocrx_word' id='word_1_117' title='bbox 369 1436 509 1474; x_wconf 82' lang='lat' dir='ltr'>rentius,</span> <span class='ocrx_word' id='word_1_118' title='bbox 525 1436 559 1467; x_wconf 90' lang='lat' dir='ltr'>in</span> <span class='ocrx_word' id='word_1_119' title='bbox 573 1436 667 1467; x_wconf 89' lang='lat' dir='ltr'>Suet.</span> <span class='ocrx_word' id='word_1_120' title='bbox 683 1438 925 1468; x_wconf 87' lang='lat' dir='ltr'>commentariis</span> <span class='ocrx_word' id='word_1_121' title='bbox 939 1439 1051 1469; x_wconf 85' lang='lat' dir='ltr'>decla-</span> 
     </span>
     <span class='ocr_line' id='line_1_25' title="bbox 369 1484 624 1525; baseline -0.004 -10"><span class='ocrx_word' id='word_1_122' title='bbox 369 1484 468 1520; x_wconf 82' lang='lat' dir='ltr'>ravit,</span> <span class='ocrx_word' id='word_1_123' title='bbox 483 1494 559 1525; x_wconf 90' lang='lat' dir='ltr'>cap.</span> <span class='ocrx_word' id='word_1_124' title='bbox 572 1487 624 1516; x_wconf 89' lang='grc'>22.</span> 
     </span>
    </p>

    <p class='ocr_par' dir='ltr' id='par_1_7' title="bbox 369 1534 1053 1915">
     <span class='ocr_line' id='line_1_26' title="bbox 410 1534 1050 1574; baseline 0.003 -10"><span class='ocrx_word' id='word_1_125' title='bbox 410 1536 431 1564; x_wconf 88' lang='grc'>9</span> <span class='ocrx_word' id='word_1_126' title='bbox 453 1534 568 1565; x_wconf 83' lang='lat' dir='ltr'>Janum</span> <span class='ocrx_word' id='word_1_127' title='bbox 585 1534 727 1574; x_wconf 75' lang='lat' dir='ltr'>Quirini]</span> <span class='ocrx_word' id='word_1_128' title='bbox 751 1534 826 1567; x_wconf 84' lang='lat' dir='ltr'>Joh.</span> <span class='ocrx_word' id='word_1_129' title='bbox 841 1535 1050 1566; x_wconf 74' lang='lat' dir='ltr'>Passeratius</span> 
     </span>
     <span class='ocr_line' id='line_1_27' title="bbox 369 1582 1050 1623; baseline 0.001 -9"><span class='ocrx_word' id='word_1_130' title='bbox 369 1582 435 1622; x_wconf 84' lang='lat' dir='ltr'>legi</span> <span class='ocrx_word' id='word_1_131' title='bbox 448 1591 544 1622; x_wconf 84' lang='lat' dir='ltr'>posse</span> <span class='ocrx_word' id='word_1_132' title='bbox 556 1586 654 1621; x_wconf 85' lang='lat' dir='ltr'>putat</span> <span class='ocrx_word' id='word_1_133' title='bbox 665 1583 783 1614; x_wconf 82' lang='lat' dir='ltr'>Fanum</span> <span class='ocrx_word' id='word_1_134' title='bbox 794 1583 969 1622; x_wconf 78' lang='lat' dir='ltr'>Quirinum,</span> <span class='ocrx_word' id='word_1_135' title='bbox 977 1593 1050 1623; x_wconf 70' lang='lat' dir='ltr'>qum</span> 
     </span>
     <span class='ocr_line' id='line_1_28' title="bbox 369 1630 1051 1671; baseline 0.004 -11"><span class='ocrx_word' id='word_1_136' title='bbox 369 1630 472 1661; x_wconf 81' lang='lat' dir='ltr'>lectio</span> <span class='ocrx_word' id='word_1_137' title='bbox 487 1630 646 1661; x_wconf 85' lang='lat' dir='ltr'>Lambino</span> <span class='ocrx_word' id='word_1_138' title='bbox 659 1640 726 1662; x_wconf 88' lang='lat' dir='ltr'>non</span> <span class='ocrx_word' id='word_1_139' title='bbox 742 1631 907 1671; x_wconf 84' lang='lat' dir='ltr'>displicet.</span> <span class='ocrx_word' id='word_1_140' title='bbox 935 1633 1051 1663; x_wconf 80' lang='lat' dir='ltr'>Janum</span> 
     </span>
     <span class='ocr_line' id='line_1_29' title="bbox 371 1678 1052 1719; baseline 0.003 -10"><span class='ocrx_word' id='word_1_141' title='bbox 371 1678 499 1714; x_wconf 76' lang='lat' dir='ltr'>Quirini</span> <span class='ocrx_word' id='word_1_142' title='bbox 518 1678 644 1719; x_wconf 78' lang='lat' dir='ltr'>clausit]</span> <span class='ocrx_word' id='word_1_143' title='bbox 674 1679 718 1710; x_wconf 90' lang='lat' dir='ltr'>Et</span> <span class='ocrx_word' id='word_1_144' title='bbox 743 1684 800 1710; x_wconf 89' lang='lat' dir='ltr'>tua</span> <span class='ocrx_word' id='word_1_145' title='bbox 826 1685 909 1711; x_wconf 84' lang='lat' dir='ltr'>aetas</span> <span class='ocrx_word' id='word_1_146' title='bbox 931 1681 1052 1712; x_wconf 86' lang='lat' dir='ltr'>clausit</span> 
     </span>
     <span class='ocr_line' id='line_1_30' title="bbox 369 1727 1052 1766; baseline -0.001 -7"><span class='ocrx_word' id='word_1_147' title='bbox 369 1727 490 1760; x_wconf 83' lang='lat' dir='ltr'>Janum</span> <span class='ocrx_word' id='word_1_148' title='bbox 516 1727 663 1765; x_wconf 81' lang='lat' dir='ltr'>Quirini,</span> <span class='ocrx_word' id='word_1_149' title='bbox 688 1727 722 1758; x_wconf 91' lang='lat' dir='ltr'>id</span> <span class='ocrx_word' id='word_1_150' title='bbox 748 1732 812 1766; x_wconf 87' lang='lat' dir='ltr'>est,</span> <span class='ocrx_word' id='word_1_151' title='bbox 832 1728 952 1759; x_wconf 83' lang='lat' dir='ltr'>clausit</span> <span class='ocrx_word' id='word_1_152' title='bbox 974 1728 1052 1760; x_wconf 87' lang='lat' dir='ltr'>Jani</span> 
     </span>
     <span class='ocr_line' id='line_1_31' title="bbox 370 1775 1053 1818; baseline 0.001 -11"><span class='ocrx_word' id='word_1_153' title='bbox 370 1777 496 1817; x_wconf 83' lang='lat' dir='ltr'>templa</span> <span class='ocrx_word' id='word_1_154' title='bbox 511 1775 599 1816; x_wconf 84' lang='lat' dir='ltr'>apud</span> <span class='ocrx_word' id='word_1_155' title='bbox 617 1777 767 1814; x_wconf 84' lang='lat' dir='ltr'>Romam,</span> <span class='ocrx_word' id='word_1_156' title='bbox 789 1776 881 1808; x_wconf 77' lang='lat' dir='ltr'>facta</span> <span class='ocrx_word' id='word_1_157' title='bbox 895 1786 978 1818; x_wconf 82' lang='lat' dir='ltr'>pace</span> <span class='ocrx_word' id='word_1_158' title='bbox 993 1786 1053 1818; x_wconf 91' lang='lat' dir='ltr'>per</span> 
     </span>
     <span class='ocr_line' id='line_1_32' title="bbox 370 1825 1052 1858; baseline 0.003 -3"><span class='ocrx_word' id='word_1_159' title='bbox 370 1825 560 1857; x_wconf 85' lang='lat' dir='ltr'>universum</span> <span class='ocrx_word' id='word_1_160' title='bbox 589 1829 753 1856; x_wconf 88' lang='lat' dir='ltr'>terrarum</span> <span class='ocrx_word' id='word_1_161' title='bbox 782 1826 908 1857; x_wconf 87' lang='lat' dir='ltr'>orbem.</span> <span class='ocrx_word' id='word_1_162' title='bbox 962 1827 1052 1858; x_wconf 88' lang='lat' dir='ltr'>Nam</span> 
     </span>
     <span class='ocr_line' id='line_1_33' title="bbox 370 1874 1053 1915; baseline -0.001 -9"><span class='ocrx_word' id='word_1_163' title='bbox 370 1874 450 1906; x_wconf 87' lang='lat' dir='ltr'>belli</span> <span class='ocrx_word' id='word_1_164' title='bbox 467 1880 618 1915; x_wconf 89' lang='lat' dir='ltr'>tempore</span> <span class='ocrx_word' id='word_1_165' title='bbox 634 1875 795 1915; x_wconf 87' lang='lat' dir='ltr'>templum</span> <span class='ocrx_word' id='word_1_166' title='bbox 809 1875 886 1908; x_wconf 86' lang='lat' dir='ltr'>Jani</span> <span class='ocrx_word' id='word_1_167' title='bbox 902 1875 1053 1915; x_wconf 80' lang='lat' dir='ltr'>patebat.</span> 
     </span>
    </p>

    <p class='ocr_par' dir='ltr' id='par_1_8' title="bbox 370 1923 1052 2060">
     <span class='ocr_line' id='line_1_34' title="bbox 411 1923 1051 1964; baseline -0.002 -9"><span class='ocrx_word' id='word_1_168' title='bbox 411 1927 452 1955; x_wconf 92' lang='lat'>10</span> <span class='ocrx_word' id='word_1_169' title='bbox 467 1925 512 1956; x_wconf 80' lang='lat' dir='ltr'>Et</span> <span class='ocrx_word' id='word_1_170' title='bbox 520 1924 663 1964; x_wconf 76' lang='lat' dir='ltr'>vaganti]</span> <span class='ocrx_word' id='word_1_171' title='bbox 676 1924 781 1954; x_wconf 78' lang='lat' dir='ltr'>vetus</span> <span class='ocrx_word' id='word_1_172' title='bbox 793 1924 958 1963; x_wconf 86' lang='lat' dir='ltr'>interpres</span> <span class='ocrx_word' id='word_1_173' title='bbox 969 1923 1051 1954; x_wconf 91' lang='lat' dir='ltr'>Por-</span> 
     </span>
     <span class='ocr_line' id='line_1_35' title="bbox 370 1972 1052 2013; baseline -0.003 -9"><span class='ocrx_word' id='word_1_174' title='bbox 370 1972 511 2013; x_wconf 82' lang='lat' dir='ltr'>phyrion</span> <span class='ocrx_word' id='word_1_175' title='bbox 525 1973 670 2012; x_wconf 74' lang='lat' dir='ltr'>evaganti</span> <span class='ocrx_word' id='word_1_176' title='bbox 684 1973 779 2012; x_wconf 85' lang='lat' dir='ltr'>legit,</span> <span class='ocrx_word' id='word_1_177' title='bbox 793 1976 828 2002; x_wconf 89' lang='lat' dir='ltr'>et</span> <span class='ocrx_word' id='word_1_178' title='bbox 843 1981 904 2012; x_wconf 86' lang='lat' dir='ltr'>pro</span> <span class='ocrx_word' id='word_1_179' title='bbox 920 1976 1052 2012; x_wconf 87' lang='lat' dir='ltr'>pertur-</span> 
     </span>
     <span class='ocr_line' id='line_1_36' title="bbox 370 2020 1049 2060; baseline 0 -9"><span class='ocrx_word' id='word_1_180' title='bbox 370 2020 462 2051; x_wconf 86' lang='lat' dir='ltr'>banti</span> <span class='ocrx_word' id='word_1_181' title='bbox 473 2021 621 2052; x_wconf 88' lang='lat' dir='ltr'>ordinem</span> <span class='ocrx_word' id='word_1_182' title='bbox 637 2025 766 2050; x_wconf 89' lang='lat' dir='ltr'>rectum</span> <span class='ocrx_word' id='word_1_183' title='bbox 781 2021 938 2060; x_wconf 83' lang='lat' dir='ltr'>exponit:</span> <span class='ocrx_word' id='word_1_184' title='bbox 962 2020 1049 2060; x_wconf 84' lang='lat' dir='ltr'>quod</span> 
     </span>
    </p>
   </div>
   <div class='ocr_carea' id='block_1_3' title="bbox 303 2068 1051 2108">
    <p class='ocr_par' dir='ltr' id='par_1_9' title="bbox 303 2068 1051 2108">
     <span class='ocr_line' id='line_1_37' title="bbox 303 2068 1051 2108; baseline -0.001 -9"><span class='ocrx_word' id='word_1_185' title='bbox 303 2082 306 2084; x_wconf 88' lang='lat'>·</span> <span class='ocrx_word' id='word_1_186' title='bbox 370 2068 516 2099; x_wconf 80' lang='lat' dir='ltr'>lieentiae</span> <span class='ocrx_word' id='word_1_187' title='bbox 530 2069 700 2108; x_wconf 88' lang='lat' dir='ltr'>proprium</span> <span class='ocrx_word' id='word_1_188' title='bbox 712 2073 776 2102; x_wconf 88' lang='lat' dir='ltr'>est,</span> <span class='ocrx_word' id='word_1_189' title='bbox 787 2073 823 2098; x_wconf 90' lang='lat' dir='ltr'>ut</span> <span class='ocrx_word' id='word_1_190' title='bbox 838 2068 967 2108; x_wconf 84' lang='lat' dir='ltr'>legibus</span> <span class='ocrx_word' id='word_1_191' title='bbox 978 2073 1051 2099; x_wconf 89' lang='lat' dir='ltr'>tan-</span> 
     </span>
    </p>
   </div>
   <div class='ocr_carea' id='block_1_4' title="bbox 370 2116 1056 2796">
    <p class='ocr_par' dir='ltr' id='par_1_10' title="bbox 370 2116 1054 2698">
     <span class='ocr_line' id='line_1_38' title="bbox 370 2116 1051 2159; baseline -0.003 -11"><span class='ocrx_word' id='word_1_192' title='bbox 370 2126 468 2159; x_wconf 86' lang='lat' dir='ltr'>quam</span> <span class='ocrx_word' id='word_1_193' title='bbox 483 2116 587 2148; x_wconf 83' lang='lat' dir='ltr'>frenis</span> <span class='ocrx_word' id='word_1_194' title='bbox 601 2116 784 2148; x_wconf 72' lang='lat' dir='ltr'>coercenda</span> <span class='ocrx_word' id='word_1_195' title='bbox 799 2117 852 2147; x_wconf 86' lang='lat' dir='ltr'>sit.</span> <span class='ocrx_word' id='word_1_196' title='bbox 896 2116 1001 2156; x_wconf 84' lang='lat' dir='ltr'>Atqui</span> <span class='ocrx_word' id='word_1_197' title='bbox 1016 2116 1051 2146; x_wconf 90' lang='lat' dir='ltr'>id</span> 
     </span>
     <span class='ocr_line' id='line_1_39' title="bbox 371 2157 1052 2206; baseline -0.004 -9"><span class='ocrx_word' id='word_1_198' title='bbox 371 2166 575 2206; x_wconf 78' lang='lat' dir='ltr'>proecipuum</span> <span class='ocrx_word' id='word_1_199' title='bbox 591 2157 701 2205; x_wconf 78' lang='lat' dir='ltr'>magni</span> <span class='ocrx_word' id='word_1_200' title='bbox 716 2165 749 2194; x_wconf 92' lang='lat' dir='ltr'>in</span> <span class='ocrx_word' id='word_1_201' title='bbox 763 2164 893 2204; x_wconf 86' lang='lat' dir='ltr'>Repub.</span> <span class='ocrx_word' id='word_1_202' title='bbox 906 2164 969 2194; x_wconf 86' lang='lat' dir='ltr'>viri</span> <span class='ocrx_word' id='word_1_203' title='bbox 982 2173 1052 2194; x_wconf 90' lang='lat' dir='ltr'>mu·</span> 
     </span>
     <span class='ocr_line' id='line_1_40' title="bbox 371 2213 1051 2254; baseline -0.003 -9"><span class='ocrx_word' id='word_1_204' title='bbox 371 2223 433 2245; x_wconf 86' lang='lat' dir='ltr'>nus</span> <span class='ocrx_word' id='word_1_205' title='bbox 449 2220 499 2245; x_wconf 87' lang='lat' dir='ltr'>est</span> <span class='ocrx_word' id='word_1_206' title='bbox 513 2225 521 2246; x_wconf 76' lang='lat' dir='ltr'>t</span> <span class='ocrx_word' id='word_1_207' title='bbox 547 2218 582 2245; x_wconf 90' lang='lat' dir='ltr'>nt</span> <span class='ocrx_word' id='word_1_208' title='bbox 592 2213 680 2254; x_wconf 89' lang='lat' dir='ltr'>quod</span> <span class='ocrx_word' id='word_1_209' title='bbox 696 2213 774 2244; x_wconf 85' lang='lat' dir='ltr'>alibi</span> <span class='ocrx_word' id='word_1_210' title='bbox 790 2213 898 2253; x_wconf 89' lang='lat' dir='ltr'>inquit</span> <span class='ocrx_word' id='word_1_211' title='bbox 911 2213 1051 2244; x_wconf 83' lang='lat' dir='ltr'>Flaccus</span> 
     </span>
     <span class='ocr_line' id='line_1_41' title="bbox 370 2261 1051 2295; baseline -0.001 -1"><span class='ocrx_word' id='word_1_212' title='bbox 370 2268 502 2295; x_wconf 84' lang='lat' dir='ltr'>noster:</span> <span class='ocrx_word' id='word_1_213' title='bbox 536 2263 546 2280; x_wconf 90' lang='lat'><em>‘</em></span> <span class='ocrx_word' id='word_1_214' title='bbox 563 2262 760 2294; x_wconf 78' lang='lat' dir='ltr'>Indomitum</span> <span class='ocrx_word' id='word_1_215' title='bbox 787 2262 909 2293; x_wconf 82' lang='lat' dir='ltr'>audeat</span> <span class='ocrx_word' id='word_1_216' title='bbox 936 2261 1051 2293; x_wconf 84' lang='lat' dir='ltr'>Refre—</span> 
     </span>
     <span class='ocr_line' id='line_1_42' title="bbox 371 2311 1051 2351; baseline -0.004 -6"><span class='ocrx_word' id='word_1_217' title='bbox 371 2322 452 2345; x_wconf 83' lang='lat' dir='ltr'>nare</span> <span class='ocrx_word' id='word_1_218' title='bbox 467 2311 660 2345; x_wconf 67' lang='lat' dir='ltr'>licentiam!</span> <span class='ocrx_word' id='word_1_219' title='bbox 680 2312 866 2351; x_wconf 80' lang='lat' dir='ltr'>Augustum</span> <span class='ocrx_word' id='word_1_220' title='bbox 878 2320 957 2342; x_wconf 90' lang='lat' dir='ltr'>vero</span> <span class='ocrx_word' id='word_1_221' title='bbox 968 2321 1051 2351; x_wconf 84' lang='lat' dir='ltr'>prae-</span> 
     </span>
     <span class='ocr_line' id='line_1_43' title="bbox 371 2360 1053 2400; baseline -0.007 -5"><span class='ocrx_word' id='word_1_222' title='bbox 371 2363 463 2394; x_wconf 82' lang='lat' dir='ltr'>clare</span> <span class='ocrx_word' id='word_1_223' title='bbox 476 2363 538 2393; x_wconf 88' lang='lat' dir='ltr'>hoc</span> <span class='ocrx_word' id='word_1_224' title='bbox 553 2370 672 2393; x_wconf 86' lang='lat' dir='ltr'>munus</span> <span class='ocrx_word' id='word_1_225' title='bbox 687 2360 887 2400; x_wconf 84' lang='lat' dir='ltr'>explevisse,</span> <span class='ocrx_word' id='word_1_226' title='bbox 898 2364 933 2391; x_wconf 82' lang='lat' dir='ltr'>et</span> <span class='ocrx_word' id='word_1_227' title='bbox 948 2360 1002 2391; x_wconf 89' lang='lat' dir='ltr'>hic</span> <span class='ocrx_word' id='word_1_228' title='bbox 1017 2363 1053 2391; x_wconf 86' lang='lat' dir='ltr'>et</span> 
     </span>
     <span class='ocr_line' id='line_1_44' title="bbox 370 2411 1052 2453; baseline -0.004 -8"><span class='ocrx_word' id='word_1_229' title='bbox 370 2414 451 2445; x_wconf 88' lang='lat' dir='ltr'>alibi</span> <span class='ocrx_word' id='word_1_230' title='bbox 475 2423 564 2453; x_wconf 81' lang='lat' dir='ltr'>saepe</span> <span class='ocrx_word' id='word_1_231' title='bbox 587 2411 747 2453; x_wconf 87' lang='lat' dir='ltr'>ostendit,</span> <span class='ocrx_word' id='word_1_232' title='bbox 770 2412 913 2443; x_wconf 85' lang='lat' dir='ltr'>maxime</span> <span class='ocrx_word' id='word_1_233' title='bbox 936 2411 1052 2452; x_wconf 87' lang='lat' dir='ltr'>paucis</span> 
     </span>
     <span class='ocr_line' id='line_1_45' title="bbox 371 2459 1051 2503; baseline -0.006 -9"><span class='ocrx_word' id='word_1_234' title='bbox 371 2463 437 2494; x_wconf 85' lang='lat' dir='ltr'>illis</span> <span class='ocrx_word' id='word_1_235' title='bbox 460 2461 607 2503; x_wconf 84' lang='lat' dir='ltr'>quidem,</span> <span class='ocrx_word' id='word_1_236' title='bbox 630 2460 687 2491; x_wconf 85' lang='lat' dir='ltr'>sed</span> <span class='ocrx_word' id='word_1_237' title='bbox 704 2459 911 2501; x_wconf 85' lang='lat' dir='ltr'>pulcerrimis</span> <span class='ocrx_word' id='word_1_238' title='bbox 923 2459 1051 2491; x_wconf 81' lang='lat' dir='ltr'>verbis:</span> 
     </span>
     <span class='ocr_line' id='line_1_46' title="bbox 371 2509 1053 2549; baseline -0.004 -6"><span class='ocrx_word' id='word_1_239' title='bbox 371 2516 382 2531; x_wconf 80' lang='lat'><strong><em>⁴</em></strong></span> <span class='ocrx_word' id='word_1_240' title='bbox 397 2512 464 2543; x_wconf 86' lang='lat' dir='ltr'>Res</span> <span class='ocrx_word' id='word_1_241' title='bbox 491 2511 595 2542; x_wconf 86' lang='lat' dir='ltr'>Italas</span> <span class='ocrx_word' id='word_1_242' title='bbox 621 2509 720 2541; x_wconf 86' lang='lat' dir='ltr'>armis</span> <span class='ocrx_word' id='word_1_243' title='bbox 748 2509 881 2549; x_wconf 85' lang='lat' dir='ltr'>tuteris,</span> <span class='ocrx_word' id='word_1_244' title='bbox 906 2509 1053 2540; x_wconf 84' lang='lat' dir='ltr'>moribus</span> 
     </span>
     <span class='ocr_line' id='line_1_47' title="bbox 373 2557 1054 2600; baseline -0.006 -8"><span class='ocrx_word' id='word_1_245' title='bbox 373 2569 486 2600; x_wconf 86' lang='lat' dir='ltr'>ornes,</span> <span class='ocrx_word' id='word_1_246' title='bbox 500 2559 643 2600; x_wconf 84' lang='lat' dir='ltr'>Legibus</span> <span class='ocrx_word' id='word_1_247' title='bbox 657 2558 839 2592; x_wconf 58' lang='lat' dir='ltr'>emendes?</span> <span class='ocrx_word' id='word_1_248' title='bbox 870 2560 880 2577; x_wconf 90' lang='lat'>‘</span> <span class='ocrx_word' id='word_1_249' title='bbox 893 2558 1035 2599; x_wconf 82' lang='lat' dir='ltr'>Evagari</span> <span class='ocrx_word' id='word_1_250' title='bbox 1045 2557 1054 2572; x_wconf 82' lang='lat'><em>&#39;</em></span> 
     </span>
     <span class='ocr_line' id='line_1_48' title="bbox 375 2607 1053 2648; baseline -0.004 -8"><span class='ocrx_word' id='word_1_251' title='bbox 375 2614 485 2640; x_wconf 87' lang='lat' dir='ltr'>autem</span> <span class='ocrx_word' id='word_1_252' title='bbox 510 2614 518 2628; x_wconf 72' lang='lat'>⁸</span> <span class='ocrx_word' id='word_1_253' title='bbox 529 2607 702 2647; x_wconf 89' lang='lat' dir='ltr'>ordinem‚&#39;</span> <span class='ocrx_word' id='word_1_254' title='bbox 723 2617 783 2648; x_wconf 89' lang='lat' dir='ltr'>pro</span> <span class='ocrx_word' id='word_1_255' title='bbox 797 2611 893 2638; x_wconf 86' lang='lat' dir='ltr'>extra</span> <span class='ocrx_word' id='word_1_256' title='bbox 905 2607 1053 2638; x_wconf 87' lang='lat' dir='ltr'>ordinem</span> 
     </span>
     <span class='ocr_line' id='line_1_49' title="bbox 375 2658 921 2698; baseline 0.002 -10"><span class='ocrx_word' id='word_1_257' title='bbox 375 2659 489 2697; x_wconf 86' lang='lat' dir='ltr'>vagari</span> <span class='ocrx_word' id='word_1_258' title='bbox 505 2658 812 2698; x_wconf 85' lang='lat' dir='ltr'>interpretabimur.</span> <span class='ocrx_word' id='word_1_259' title='bbox 834 2658 921 2689; x_wconf 76' lang='lat' dir='ltr'>Torr-</span> 
     </span>
    </p>

    <p class='ocr_par' dir='ltr' id='par_1_11' title="bbox 378 2705 1056 2796">
     <span class='ocr_line' id='line_1_50' title="bbox 418 2705 1054 2747; baseline 0.002 -12"><span class='ocrx_word' id='word_1_260' title='bbox 418 2708 456 2736; x_wconf 91' lang='grc'>11</span> <span class='ocrx_word' id='word_1_261' title='bbox 482 2707 607 2747; x_wconf 80' lang='lat' dir='ltr'>Injecit]</span> <span class='ocrx_word' id='word_1_262' title='bbox 638 2708 683 2738; x_wconf 86' lang='lat' dir='ltr'>Et</span> <span class='ocrx_word' id='word_1_263' title='bbox 700 2707 818 2747; x_wconf 87' lang='lat' dir='ltr'>injecit</span> <span class='ocrx_word' id='word_1_264' title='bbox 835 2705 939 2740; x_wconf 80' lang='lat' dir='ltr'>fraeua</span> <span class='ocrx_word' id='word_1_265' title='bbox 953 2706 1054 2737; x_wconf 88' lang='lat' dir='ltr'>licen-</span> 
     </span>
     <span class='ocr_line' id='line_1_51' title="bbox 378 2753 1056 2796; baseline -0.003 -10"><span class='ocrx_word' id='word_1_266' title='bbox 378 2754 433 2787; x_wconf 84' lang='lat' dir='ltr'>tiae</span> <span class='ocrx_word' id='word_1_267' title='bbox 460 2759 557 2785; x_wconf 82' lang='lat' dir='ltr'>extra</span> <span class='ocrx_word' id='word_1_268' title='bbox 583 2755 731 2787; x_wconf 86' lang='lat' dir='ltr'>ordinem</span> <span class='ocrx_word' id='word_1_269' title='bbox 757 2759 887 2787; x_wconf 85' lang='lat' dir='ltr'>rectum</span> <span class='ocrx_word' id='word_1_270' title='bbox 912 2753 1056 2796; x_wconf 84' lang='lat' dir='ltr'>vaganti,</span> 
     </span>
    </p>
   </div>
   <div class='ocr_carea' id='block_1_5' title="bbox 819 266 1327 298">
    <p class='ocr_par' dir='ltr' id='par_1_12' title="bbox 819 266 1327 298">
     <span class='ocr_line' id='line_1_52' title="bbox 819 266 1327 298; baseline -0.002 -1"><span class='ocrx_word' id='word_1_271' title='bbox 819 266 956 297; x_wconf 80' lang='lat' dir='ltr'>No&#39;rAE</span> <span class='ocrx_word' id='word_1_272' title='bbox 988 266 1047 296; x_wconf 82' lang='lat' dir='ltr'>VA</span> <span class='ocrx_word' id='word_1_273' title='bbox 1058 266 1243 298; x_wconf 74' lang='lat' dir='ltr'>RIORUM</span> <span class='ocrx_word' id='word_1_274' title='bbox 1275 267 1327 296; x_wconf 82' lang='lat' dir='ltr'>IN</span> 
     </span>
    </p>
   </div>
   <div class='ocr_carea' id='block_1_6' title="bbox 1094 358 1783 2794">
    <p class='ocr_par' dir='ltr' id='par_1_13' title="bbox 1094 358 1775 736">
     <span class='ocr_line' id='line_1_53' title="bbox 1095 358 1770 400; baseline 0.006 -11"><span class='ocrx_word' id='word_1_275' title='bbox 1095 358 1128 390; x_wconf 89' lang='lat' dir='ltr'>id</span> <span class='ocrx_word' id='word_1_276' title='bbox 1151 362 1215 398; x_wconf 86' lang='lat' dir='ltr'>est,</span> <span class='ocrx_word' id='word_1_277' title='bbox 1239 358 1342 390; x_wconf 85' lang='lat' dir='ltr'>bonas</span> <span class='ocrx_word' id='word_1_278' title='bbox 1369 359 1460 399; x_wconf 83' lang='lat' dir='ltr'>leges</span> <span class='ocrx_word' id='word_1_279' title='bbox 1485 359 1671 400; x_wconf 81' lang='lat' dir='ltr'>constituit,</span> <span class='ocrx_word' id='word_1_280' title='bbox 1696 369 1770 400; x_wconf 69' lang='lat' dir='ltr'>qu·</span> 
     </span>
     <span class='ocr_line' id='line_1_54' title="bbox 1095 407 1770 448; baseline 0.001 -8"><span class='ocrx_word' id='word_1_281' title='bbox 1095 408 1259 448; x_wconf 85' lang='lat' dir='ltr'>peccandi</span> <span class='ocrx_word' id='word_1_282' title='bbox 1285 408 1451 439; x_wconf 86' lang='lat' dir='ltr'>licentiam</span> <span class='ocrx_word' id='word_1_283' title='bbox 1468 409 1568 440; x_wconf 87' lang='lat' dir='ltr'>veluti</span> <span class='ocrx_word' id='word_1_284' title='bbox 1590 407 1706 440; x_wconf 72' lang='lat' dir='ltr'>fraenis</span> <span class='ocrx_word' id='word_1_285' title='bbox 1721 418 1770 441; x_wconf 80' lang='lat' dir='ltr'>re·</span> 
     </span>
     <span class='ocr_line' id='line_1_55' title="bbox 1096 457 1771 499; baseline 0.004 -12"><span class='ocrx_word' id='word_1_286' title='bbox 1096 457 1290 496; x_wconf 86' lang='lat' dir='ltr'>primerent.</span> <span class='ocrx_word' id='word_1_287' title='bbox 1334 457 1473 497; x_wconf 76' lang='lat' dir='ltr'>Emovit]</span> <span class='ocrx_word' id='word_1_288' title='bbox 1494 457 1603 498; x_wconf 88' lang='lat' dir='ltr'>Eruit,</span> <span class='ocrx_word' id='word_1_289' title='bbox 1625 458 1771 499; x_wconf 82' lang='lat' dir='ltr'>extirpa·</span> 
     </span>
     <span class='ocr_line' id='line_1_56' title="bbox 1096 506 1772 548; baseline 0.003 -12"><span class='ocrx_word' id='word_1_290' title='bbox 1096 506 1156 544; x_wconf 89' lang='lat' dir='ltr'>vit,</span> <span class='ocrx_word' id='word_1_291' title='bbox 1178 510 1215 537; x_wconf 91' lang='lat' dir='ltr'>ut</span> <span class='ocrx_word' id='word_1_292' title='bbox 1241 507 1331 537; x_wconf 83' lang='lat' dir='ltr'>nulla</span> <span class='ocrx_word' id='word_1_293' title='bbox 1353 507 1492 546; x_wconf 84' lang='lat' dir='ltr'>amplius</span> <span class='ocrx_word' id='word_1_294' title='bbox 1507 507 1643 547; x_wconf 76' lang='lat' dir='ltr'>vestigia</span> <span class='ocrx_word' id='word_1_295' title='bbox 1657 517 1772 548; x_wconf 84' lang='lat' dir='ltr'>snper·</span> 
     </span>
     <span class='ocr_line' id='line_1_57' title="bbox 1095 555 1772 597; baseline 0.004 -12"><span class='ocrx_word' id='word_1_296' title='bbox 1095 555 1181 586; x_wconf 86' lang='lat' dir='ltr'>sint:</span> <span class='ocrx_word' id='word_1_297' title='bbox 1204 559 1239 586; x_wconf 90' lang='lat' dir='ltr'>et</span> <span class='ocrx_word' id='word_1_298' title='bbox 1262 557 1366 587; x_wconf 90' lang='lat' dir='ltr'>multo</span> <span class='ocrx_word' id='word_1_299' title='bbox 1392 555 1559 588; x_wconf 81' lang='lat' dir='ltr'>efficacius</span> <span class='ocrx_word' id='word_1_300' title='bbox 1583 561 1650 596; x_wconf 86' lang='lat' dir='ltr'>est,</span> <span class='ocrx_word' id='word_1_301' title='bbox 1674 565 1772 597; x_wconf 83' lang='lat' dir='ltr'>quam</span> 
     </span>
     <span class='ocr_line' id='line_1_58' title="bbox 1094 604 1775 645; baseline 0.001 -10"><span class='ocrx_word' id='word_1_302' title='bbox 1094 605 1219 635; x_wconf 74' lang='lat' dir='ltr'>amovit.</span> <span class='ocrx_word' id='word_1_303' title='bbox 1250 605 1399 636; x_wconf 77' lang='lat' dir='ltr'>Torreat.</span> <span class='ocrx_word' id='word_1_304' title='bbox 1452 605 1632 645; x_wconf 75' lang='lat' dir='ltr'>Emovuque</span> <span class='ocrx_word' id='word_1_305' title='bbox 1656 604 1775 645; x_wconf 69' lang='lat' dir='ltr'>culpan]</span> 
     </span>
     <span class='ocr_line' id='line_1_59' title="bbox 1095 653 1774 696; baseline 0.003 -12"><span class='ocrx_word' id='word_1_306' title='bbox 1095 653 1260 685; x_wconf 84' lang='lat' dir='ltr'>Gravibus</span> <span class='ocrx_word' id='word_1_307' title='bbox 1285 655 1387 694; x_wconf 87' lang='lat' dir='ltr'>poenis</span> <span class='ocrx_word' id='word_1_308' title='bbox 1411 654 1445 686; x_wconf 92' lang='lat' dir='ltr'>in</span> <span class='ocrx_word' id='word_1_309' title='bbox 1466 655 1634 696; x_wconf 86' lang='lat' dir='ltr'>improbos</span> <span class='ocrx_word' id='word_1_310' title='bbox 1655 654 1774 686; x_wconf 84' lang='lat' dir='ltr'>consti-</span> 
     </span>
     <span class='ocr_line' id='line_1_60' title="bbox 1096 704 1188 736; baseline 0.011 -1"><span class='ocrx_word' id='word_1_311' title='bbox 1096 704 1188 736; x_wconf 86' lang='lat' dir='ltr'>tutis.</span> 
     </span>
    </p>

    <p class='ocr_par' dir='ltr' id='par_1_14' title="bbox 1094 752 1778 1283">
     <span class='ocr_line' id='line_1_61' title="bbox 1137 752 1773 794; baseline -0.003 -9"><span class='ocrx_word' id='word_1_312' title='bbox 1137 756 1177 784; x_wconf 82' lang='lat'>12</span> <span class='ocrx_word' id='word_1_313' title='bbox 1203 753 1325 785; x_wconf 69' lang='lat' dir='ltr'>Veteres</span> <span class='ocrx_word' id='word_1_314' title='bbox 1344 754 1494 785; x_wconf 75' lang='lat' dir='ltr'>revocavit</span> <span class='ocrx_word' id='word_1_315' title='bbox 1517 753 1615 794; x_wconf 73' lang='lat' dir='ltr'>artes]</span> <span class='ocrx_word' id='word_1_316' title='bbox 1645 752 1773 786; x_wconf 85' lang='lat' dir='ltr'>Quibus</span> 
     </span>
     <span class='ocr_line' id='line_1_62' title="bbox 1094 801 1772 842; baseline 0 -10"><span class='ocrx_word' id='word_1_317' title='bbox 1094 810 1227 842; x_wconf 88' lang='lat' dir='ltr'>nempe,</span> <span class='ocrx_word' id='word_1_318' title='bbox 1246 807 1282 832; x_wconf 84' lang='lat' dir='ltr'>et</span> <span class='ocrx_word' id='word_1_319' title='bbox 1305 803 1464 842; x_wconf 87' lang='lat' dir='ltr'>majorum</span> <span class='ocrx_word' id='word_1_320' title='bbox 1481 802 1618 838; x_wconf 83' lang='lat' dir='ltr'>virtute.</span> <span class='ocrx_word' id='word_1_321' title='bbox 1639 810 1693 832; x_wconf 88' lang='lat' dir='ltr'>res</span> <span class='ocrx_word' id='word_1_322' title='bbox 1707 801 1772 832; x_wconf 84' lang='lat' dir='ltr'>Ro·</span> 
     </span>
     <span class='ocr_line' id='line_1_63' title="bbox 1095 851 1772 892; baseline -0.003 -10"><span class='ocrx_word' id='word_1_323' title='bbox 1095 859 1191 882; x_wconf 86' lang='lat' dir='ltr'>mana</span> <span class='ocrx_word' id='word_1_324' title='bbox 1205 851 1238 882; x_wconf 88' lang='lat' dir='ltr'>in</span> <span class='ocrx_word' id='word_1_325' title='bbox 1254 855 1378 882; x_wconf 84' lang='lat' dir='ltr'>tantam</span> <span class='ocrx_word' id='word_1_326' title='bbox 1390 851 1641 892; x_wconf 87' lang='lat' dir='ltr'>amplitudinem</span> <span class='ocrx_word' id='word_1_327' title='bbox 1655 858 1772 881; x_wconf 83' lang='lat' dir='ltr'>excre-</span> 
     </span>
     <span class='ocr_line' id='line_1_64' title="bbox 1097 897 1773 940; baseline -0.004 -9"><span class='ocrx_word' id='word_1_328' title='bbox 1097 900 1157 931; x_wconf 86' lang='lat' dir='ltr'>vit.</span> <span class='ocrx_word' id='word_1_329' title='bbox 1200 900 1246 931; x_wconf 85' lang='lat' dir='ltr'>Et</span> <span class='ocrx_word' id='word_1_330' title='bbox 1272 909 1338 940; x_wconf 86' lang='lat' dir='ltr'>qna</span> <span class='ocrx_word' id='word_1_331' title='bbox 1363 900 1492 931; x_wconf 85' lang='lat' dir='ltr'>ratione</span> <span class='ocrx_word' id='word_1_332' title='bbox 1516 907 1558 930; x_wconf 82' lang='lat' dir='ltr'>ea</span> <span class='ocrx_word' id='word_1_333' title='bbox 1584 897 1773 930; x_wconf 81' lang='lat' dir='ltr'>conservari</span> 
     </span>
     <span class='ocr_line' id='line_1_65' title="bbox 1097 947 1774 989; baseline -0.001 -10"><span class='ocrx_word' id='word_1_334' title='bbox 1097 953 1212 989; x_wconf 86' lang='lat' dir='ltr'>posset</span> <span class='ocrx_word' id='word_1_335' title='bbox 1224 947 1417 987; x_wconf 81' lang='lat' dir='ltr'>ostendens,</span> <span class='ocrx_word' id='word_1_336' title='bbox 1425 949 1493 979; x_wconf 81' lang='lat' dir='ltr'>ait:</span> <span class='ocrx_word' id='word_1_337' title='bbox 1507 947 1518 966; x_wconf 81' lang='lat'><em>⁴</em></span> <span class='ocrx_word' id='word_1_338' title='bbox 1529 947 1594 978; x_wconf 73' lang='lat' dir='ltr'>Hae</span> <span class='ocrx_word' id='word_1_339' title='bbox 1604 947 1663 978; x_wconf 89' lang='lat' dir='ltr'>tibi</span> <span class='ocrx_word' id='word_1_340' title='bbox 1674 951 1774 978; x_wconf 80' lang='lat' dir='ltr'>erunt</span> 
     </span>
     <span class='ocr_line' id='line_1_66' title="bbox 1097 995 1776 1037; baseline -0.003 -9"><span class='ocrx_word' id='word_1_341' title='bbox 1097 1001 1197 1033; x_wconf 86' lang='lat' dir='ltr'>artes,</span> <span class='ocrx_word' id='word_1_342' title='bbox 1211 996 1350 1037; x_wconf 85' lang='lat' dir='ltr'>pacique</span> <span class='ocrx_word' id='word_1_343' title='bbox 1362 996 1531 1036; x_wconf 81' lang='lat' dir='ltr'>imponere</span> <span class='ocrx_word' id='word_1_344' title='bbox 1545 1003 1682 1034; x_wconf 86' lang='lat' dir='ltr'>morem,</span> <span class='ocrx_word' id='word_1_345' title='bbox 1691 995 1776 1027; x_wconf 81' lang='lat' dir='ltr'>Par-</span> 
     </span>
     <span class='ocr_line' id='line_1_67' title="bbox 1098 1043 1778 1086; baseline -0.006 -8"><span class='ocrx_word' id='word_1_346' title='bbox 1098 1055 1176 1078; x_wconf 84' lang='lat' dir='ltr'>cere</span> <span class='ocrx_word' id='word_1_347' title='bbox 1192 1046 1349 1086; x_wconf 85' lang='lat' dir='ltr'>subjectis</span> <span class='ocrx_word' id='word_1_348' title='bbox 1365 1050 1399 1076; x_wconf 89' lang='lat' dir='ltr'>et</span> <span class='ocrx_word' id='word_1_349' title='bbox 1414 1044 1584 1076; x_wconf 84' lang='lat' dir='ltr'>debellare</span> <span class='ocrx_word' id='word_1_350' title='bbox 1596 1043 1778 1084; x_wconf 73' lang='lat' dir='ltr'>superbos:</span> 
     </span>
     <span class='ocr_line' id='line_1_68' title="bbox 1098 1091 1777 1136; baseline -0.006 -9"><span class='ocrx_word' id='word_1_351' title='bbox 1098 1095 1139 1127; x_wconf 90' lang='lat' dir='ltr'>In</span> <span class='ocrx_word' id='word_1_352' title='bbox 1156 1105 1239 1136; x_wconf 83' lang='lat' dir='ltr'>pace</span> <span class='ocrx_word' id='word_1_353' title='bbox 1253 1094 1340 1125; x_wconf 87' lang='lat' dir='ltr'>enim</span> <span class='ocrx_word' id='word_1_354' title='bbox 1362 1093 1456 1125; x_wconf 85' lang='lat' dir='ltr'>bonis</span> <span class='ocrx_word' id='word_1_355' title='bbox 1475 1093 1605 1134; x_wconf 81' lang='lat' dir='ltr'>legibus</span> <span class='ocrx_word' id='word_1_356' title='bbox 1618 1091 1777 1124; x_wconf 85' lang='lat' dir='ltr'>moribus-</span> 
     </span>
     <span class='ocr_line' id='line_1_69' title="bbox 1097 1141 1777 1186; baseline -0.004 -10"><span class='ocrx_word' id='word_1_357' title='bbox 1097 1153 1174 1186; x_wconf 84' lang='lat' dir='ltr'>que,</span> <span class='ocrx_word' id='word_1_358' title='bbox 1189 1144 1222 1176; x_wconf 91' lang='lat' dir='ltr'>in</span> <span class='ocrx_word' id='word_1_359' title='bbox 1238 1144 1325 1175; x_wconf 90' lang='lat' dir='ltr'>bello</span> <span class='ocrx_word' id='word_1_360' title='bbox 1340 1142 1536 1175; x_wconf 87' lang='lat' dir='ltr'>fortitudine</span> <span class='ocrx_word' id='word_1_361' title='bbox 1548 1146 1585 1174; x_wconf 88' lang='lat' dir='ltr'>et</span> <span class='ocrx_word' id='word_1_362' title='bbox 1599 1141 1777 1174; x_wconf 83' lang='lat' dir='ltr'>clementia</span> 
     </span>
     <span class='ocr_line' id='line_1_70' title="bbox 1099 1190 1777 1234; baseline -0.006 -9"><span class='ocrx_word' id='word_1_363' title='bbox 1099 1193 1249 1234; x_wconf 80' lang='lat' dir='ltr'>Respub.</span> <span class='ocrx_word' id='word_1_364' title='bbox 1265 1192 1454 1224; x_wconf 81' lang='lat' dir='ltr'>felicissime</span> <span class='ocrx_word' id='word_1_365' title='bbox 1478 1191 1618 1232; x_wconf 82' lang='lat' dir='ltr'>geritur.</span> <span class='ocrx_word' id='word_1_366' title='bbox 1637 1190 1777 1222; x_wconf 62' lang='lat' dir='ltr'>abr-rene.</span> 
     </span>
     <span class='ocr_line' id='line_1_71' title="bbox 1097 1239 1778 1283; baseline -0.006 -9"><span class='ocrx_word' id='word_1_367' title='bbox 1097 1242 1207 1283; x_wconf 73' lang='lat' dir='ltr'>Artes]</span> <span class='ocrx_word' id='word_1_368' title='bbox 1223 1241 1385 1274; x_wconf 82' lang='lat' dir='ltr'>Pristinas</span> <span class='ocrx_word' id='word_1_369' title='bbox 1395 1240 1616 1272; x_wconf 86' lang='lat' dir='ltr'>Romanorum</span> <span class='ocrx_word' id='word_1_370' title='bbox 1629 1239 1778 1271; x_wconf 79' lang='lat' dir='ltr'>virtutes.</span> 
     </span>
    </p>

    <p class='ocr_par' dir='ltr' id='par_1_15' title="bbox 1096 1289 1783 1662">
     <span class='ocr_line' id='line_1_72' title="bbox 1141 1289 1777 1332; baseline -0.008 -9"><span class='ocrx_word' id='word_1_371' title='bbox 1141 1294 1181 1323; x_wconf 80' lang='grc'>14</span> <span class='ocrx_word' id='word_1_372' title='bbox 1197 1291 1311 1332; x_wconf 57' lang='lat' dir='ltr'>Imperi</span> <span class='ocrx_word' id='word_1_373' title='bbox 1324 1290 1491 1331; x_wconf 70' lang='lat' dir='ltr'>Mcu&#39;estas]</span> <span class='ocrx_word' id='word_1_374' title='bbox 1508 1289 1638 1330; x_wconf 88' lang='lat' dir='ltr'>Optimi</span> <span class='ocrx_word' id='word_1_375' title='bbox 1655 1289 1777 1329; x_wconf 85' lang='lat' dir='ltr'>quique</span> 
     </span>
     <span class='ocr_line' id='line_1_73' title="bbox 1098 1338 1778 1379; baseline -0.007 -8"><span class='ocrx_word' id='word_1_376' title='bbox 1098 1340 1231 1371; x_wconf 89' lang='lat' dir='ltr'>codices</span> <span class='ocrx_word' id='word_1_377' title='bbox 1247 1339 1373 1379; x_wconf 81' lang='lat' dir='ltr'>Imperii</span> <span class='ocrx_word' id='word_1_378' title='bbox 1387 1338 1550 1376; x_wconf 87' lang='lat' dir='ltr'>scribunt,</span> <span class='ocrx_word' id='word_1_379' title='bbox 1573 1341 1608 1368; x_wconf 88' lang='lat' dir='ltr'>et</span> <span class='ocrx_word' id='word_1_380' title='bbox 1621 1346 1698 1368; x_wconf 83' lang='lat' dir='ltr'>mox</span> <span class='ocrx_word' id='word_1_381' title='bbox 1710 1339 1778 1367; x_wconf 80' lang='lat' dir='ltr'>orta</span> 
     </span>
     <span class='ocr_line' id='line_1_74' title="bbox 1098 1383 1783 1428; baseline -0.006 -9"><span class='ocrx_word' id='word_1_382' title='bbox 1098 1397 1160 1428; x_wconf 91' lang='lat' dir='ltr'>pro</span> <span class='ocrx_word' id='word_1_383' title='bbox 1173 1391 1283 1419; x_wconf 80' lang='lat' dir='ltr'>ortum.</span> <span class='ocrx_word' id='word_1_384' title='bbox 1328 1388 1450 1418; x_wconf 86' lang='lat' dir='ltr'>Verum</span> <span class='ocrx_word' id='word_1_385' title='bbox 1465 1385 1546 1418; x_wconf 67' lang='lat' dir='ltr'>illud</span> <span class='ocrx_word' id='word_1_386' title='bbox 1566 1389 1684 1416; x_wconf 85' lang='lat' dir='ltr'>notatu</span> <span class='ocrx_word' id='word_1_387' title='bbox 1707 1383 1783 1424; x_wconf 73' lang='lat' dir='ltr'>dig·‘</span> 
     </span>
     <span class='ocr_line' id='line_1_75' title="bbox 1097 1434 1778 1478; baseline -0.006 -10"><span class='ocrx_word' id='word_1_388' title='bbox 1097 1447 1188 1476; x_wconf 87' lang='lat' dir='ltr'>num,</span> <span class='ocrx_word' id='word_1_389' title='bbox 1209 1437 1296 1478; x_wconf 88' lang='lat' dir='ltr'>quod</span> <span class='ocrx_word' id='word_1_390' title='bbox 1321 1436 1387 1468; x_wconf 87' lang='lat' dir='ltr'>duo</span> <span class='ocrx_word' id='word_1_391' title='bbox 1407 1437 1465 1467; x_wconf 89' lang='lat' dir='ltr'>illa</span> <span class='ocrx_word' id='word_1_392' title='bbox 1481 1434 1778 1474; x_wconf 71' lang='lat' dir='ltr'>voeabula-Imperii</span> 
     </span>
     <span class='ocr_line' id='line_1_76' title="bbox 1096 1482 1776 1523; baseline -0.006 -7"><span class='ocrx_word' id='word_1_393' title='bbox 1096 1485 1238 1523; x_wconf 73' lang='lat' dir='ltr'>majestas</span> <span class='ocrx_word' id='word_1_394' title='bbox 1248 1485 1355 1516; x_wconf 69' lang='lat' dir='ltr'>Poeta</span> <span class='ocrx_word' id='word_1_395' title='bbox 1366 1484 1576 1516; x_wconf 79' lang='lat' dir='ltr'>doctissimus</span> <span class='ocrx_word' id='word_1_396' title='bbox 1585 1482 1776 1514; x_wconf 75' lang='lat' dir='ltr'>felicissime</span> 
     </span>
     <span class='ocr_line' id='line_1_77' title="bbox 1098 1530 1778 1573; baseline -0.004 -9"><span class='ocrx_word' id='word_1_397' title='bbox 1098 1533 1283 1573; x_wconf 88' lang='lat' dir='ltr'>conjunxit.</span> <span class='ocrx_word' id='word_1_398' title='bbox 1307 1532 1469 1572; x_wconf 84' lang='lat' dir='ltr'>Majestas</span> <span class='ocrx_word' id='word_1_399' title='bbox 1483 1531 1570 1562; x_wconf 90' lang='lat' dir='ltr'>enim</span> <span class='ocrx_word' id='word_1_400' title='bbox 1585 1530 1618 1561; x_wconf 89' lang='lat' dir='ltr'>in</span> <span class='ocrx_word' id='word_1_401' title='bbox 1632 1530 1778 1570; x_wconf 85' lang='lat' dir='ltr'>Imperio</span> 
     </span>
     <span class='ocr_line' id='line_1_78' title="bbox 1097 1579 1778 1623; baseline -0.006 -10"><span class='ocrx_word' id='word_1_402' title='bbox 1097 1586 1162 1623; x_wconf 82' lang='lat' dir='ltr'>est,</span> <span class='ocrx_word' id='word_1_403' title='bbox 1178 1587 1278 1623; x_wconf 85' lang='lat' dir='ltr'>atque</span> <span class='ocrx_word' id='word_1_404' title='bbox 1293 1582 1381 1613; x_wconf 89' lang='lat' dir='ltr'>omni</span> <span class='ocrx_word' id='word_1_405' title='bbox 1403 1581 1518 1622; x_wconf 86' lang='lat' dir='ltr'>populi</span> <span class='ocrx_word' id='word_1_406' title='bbox 1542 1580 1682 1612; x_wconf 86' lang='lat' dir='ltr'>Romani</span> <span class='ocrx_word' id='word_1_407' title='bbox 1707 1579 1778 1620; x_wconf 81' lang='lat' dir='ltr'>‹lig-</span> 
     </span>
     <span class='ocr_line' id='line_1_79' title="bbox 1098 1630 1326 1662; baseline 0.009 -2"><span class='ocrx_word' id='word_1_408' title='bbox 1098 1630 1215 1660; x_wconf 84' lang='lat' dir='ltr'>nitate.</span> <span class='ocrx_word' id='word_1_409' title='bbox 1239 1630 1326 1662; x_wconf 72' lang='lat' dir='ltr'>Tor-r.</span> 
     </span>
    </p>

    <p class='ocr_par' dir='ltr' id='par_1_16' title="bbox 1099 1675 1779 1766">
     <span class='ocr_line' id='line_1_80' title="bbox 1141 1675 1779 1716; baseline 0 -8"><span class='ocrx_word' id='word_1_410' title='bbox 1141 1681 1180 1708; x_wconf 90' lang='lat'>15</span> <span class='ocrx_word' id='word_1_411' title='bbox 1207 1678 1354 1709; x_wconf 78' lang='lat' dir='ltr'>Por-recta</span> <span class='ocrx_word' id='word_1_412' title='bbox 1371 1675 1528 1716; x_wconf 72' lang='lat' dir='ltr'>maiestas]</span> <span class='ocrx_word' id='word_1_413' title='bbox 1549 1676 1710 1716; x_wconf 81' lang='lat' dir='ltr'>Majestas</span> <span class='ocrx_word' id='word_1_414' title='bbox 1728 1680 1779 1708; x_wconf 81' lang='lat' dir='ltr'>est</span> 
     </span>
     <span class='ocr_line' id='line_1_81' title="bbox 1099 1726 1312 1766; baseline -0.009 -8"><span class='ocrx_word' id='word_1_415' title='bbox 1099 1726 1312 1766; x_wconf 85' lang='lat' dir='ltr'>amplificata.</span> 
     </span>
    </p>

    <p class='ocr_par' dir='ltr' id='par_1_17' title="bbox 1100 1772 1780 1857">
     <span class='ocr_line' id='line_1_82' title="bbox 1143 1772 1780 1815; baseline 0 -9"><span class='ocrx_word' id='word_1_416' title='bbox 1143 1778 1184 1806; x_wconf 85' lang='lat'>16</span> <span class='ocrx_word' id='word_1_417' title='bbox 1205 1775 1254 1807; x_wconf 82' lang='lat' dir='ltr'>Ab</span> <span class='ocrx_word' id='word_1_418' title='bbox 1269 1774 1421 1815; x_wconf 76' lang='lat' dir='ltr'>Hesperio</span> <span class='ocrx_word' id='word_1_419' title='bbox 1443 1773 1550 1814; x_wconf 78' lang='lat' dir='ltr'>cubili]</span> <span class='ocrx_word' id='word_1_420' title='bbox 1582 1772 1636 1804; x_wconf 85' lang='lat' dir='ltr'>Ab</span> <span class='ocrx_word' id='word_1_421' title='bbox 1659 1782 1780 1806; x_wconf 76' lang='lat' dir='ltr'>occasu</span> 
     </span>
     <span class='ocr_line' id='line_1_83' title="bbox 1100 1825 1195 1857; baseline 0.011 -1"><span class='ocrx_word' id='word_1_422' title='bbox 1100 1825 1195 1857; x_wconf 87' lang='lat' dir='ltr'>Solis.</span> 
     </span>
    </p>

    <p class='ocr_par' dir='ltr' id='par_1_18' title="bbox 1100 1871 1781 2155">
     <span class='ocr_line' id='line_1_84' title="bbox 1143 1871 1781 1912; baseline -0.005 -7"><span class='ocrx_word' id='word_1_423' title='bbox 1143 1877 1182 1905; x_wconf 87' lang='grc'>17</span> <span class='ocrx_word' id='word_1_424' title='bbox 1207 1873 1338 1905; x_wconf 77' lang='lat' dir='ltr'>Custode</span> <span class='ocrx_word' id='word_1_425' title='bbox 1350 1871 1468 1912; x_wconf 78' lang='lat' dir='ltr'>rerum]</span> <span class='ocrx_word' id='word_1_426' title='bbox 1490 1871 1584 1904; x_wconf 72' lang='lat' dir='ltr'>Jovie</span> <span class='ocrx_word' id='word_1_427' title='bbox 1598 1871 1685 1903; x_wconf 90' lang='lat' dir='ltr'>enim</span> <span class='ocrx_word' id='word_1_428' title='bbox 1699 1880 1781 1902; x_wconf 85' lang='lat' dir='ltr'>cura</span> 
     </span>
     <span class='ocr_line' id='line_1_85' title="bbox 1102 1922 1781 1963; baseline -0.006 -9"><span class='ocrx_word' id='word_1_429' title='bbox 1102 1922 1229 1963; x_wconf 65' lang='lat' dir='ltr'>Caesar,</span> <span class='ocrx_word' id='word_1_430' title='bbox 1243 1923 1383 1954; x_wconf 65' lang='lat' dir='ltr'>Caesaris</span> <span class='ocrx_word' id='word_1_431' title='bbox 1396 1923 1511 1954; x_wconf 82' lang='lat' dir='ltr'>Roma.</span> <span class='ocrx_word' id='word_1_432' title='bbox 1545 1922 1674 1953; x_wconf 82' lang='lat' dir='ltr'>Extant</span> <span class='ocrx_word' id='word_1_433' title='bbox 1688 1929 1781 1951; x_wconf 86' lang='lat' dir='ltr'>num-</span> 
     </span>
     <span class='ocr_line' id='line_1_86' title="bbox 1101 1969 1780 2012; baseline -0.003 -10"><span class='ocrx_word' id='word_1_434' title='bbox 1101 1972 1145 2002; x_wconf 90' lang='lat' dir='ltr'>mi</span> <span class='ocrx_word' id='word_1_435' title='bbox 1161 1976 1306 2012; x_wconf 80' lang='lat' dir='ltr'>veteres,</span> <span class='ocrx_word' id='word_1_436' title='bbox 1316 1980 1397 2012; x_wconf 89' lang='lat' dir='ltr'>quos</span> <span class='ocrx_word' id='word_1_437' title='bbox 1412 1971 1494 2002; x_wconf 84' lang='lat' dir='ltr'>s.1&gt;.</span> <span class='ocrx_word' id='word_1_438' title='bbox 1507 1971 1549 2004; x_wconf 85' lang='lat' dir='ltr'>Q.</span> <span class='ocrx_word' id='word_1_439' title='bbox 1563 1971 1603 2002; x_wconf 85' lang='lat' dir='ltr'>R.</span> <span class='ocrx_word' id='word_1_440' title='bbox 1614 1969 1780 2002; x_wconf 78' lang='lat' dir='ltr'>Auens-ro</span> 
     </span>
     <span class='ocr_line' id='line_1_87' title="bbox 1101 2017 1780 2056; baseline -0.006 -5"><span class='ocrx_word' id='word_1_441' title='bbox 1101 2028 1259 2051; x_wconf 66' lang='lat' dir='ltr'>Panem</span> <span class='ocrx_word' id='word_1_442' title='bbox 1274 2027 1546 2051; x_wconf 63' lang='lat' dir='ltr'>consanum-om</span> <span class='ocrx_word' id='word_1_443' title='bbox 1567 2027 1627 2050; x_wconf 87' lang='lat' dir='ltr'>suo</span> <span class='ocrx_word' id='word_1_444' title='bbox 1641 2017 1780 2056; x_wconf 84' lang='lat' dir='ltr'>inscrip-</span> 
     </span>
     <span class='ocr_line' id='line_1_88' title="bbox 1100 2066 1780 2108; baseline -0.004 -9"><span class='ocrx_word' id='word_1_445' title='bbox 1100 2069 1156 2099; x_wconf 84' lang='lat' dir='ltr'>sit.</span> <span class='ocrx_word' id='word_1_446' title='bbox 1198 2069 1317 2108; x_wconf 76' lang='lat' dir='ltr'>Furor]</span> <span class='ocrx_word' id='word_1_447' title='bbox 1341 2069 1419 2099; x_wconf 88' lang='lat' dir='ltr'>Non</span> <span class='ocrx_word' id='word_1_448' title='bbox 1441 2068 1564 2099; x_wconf 89' lang='lat' dir='ltr'>bellum</span> <span class='ocrx_word' id='word_1_449' title='bbox 1589 2066 1700 2106; x_wconf 83' lang='lat' dir='ltr'>civile,</span> <span class='ocrx_word' id='word_1_450' title='bbox 1723 2071 1780 2096; x_wconf 88' lang='lat' dir='ltr'>aut</span> 
     </span>
     <span class='ocr_line' id='line_1_89' title="bbox 1101 2115 1530 2155; baseline 0 -9"><span class='ocrx_word' id='word_1_451' title='bbox 1101 2115 1259 2146; x_wconf 89' lang='lat' dir='ltr'>violentia</span> <span class='ocrx_word' id='word_1_452' title='bbox 1273 2115 1388 2155; x_wconf 88' lang='lat' dir='ltr'>ejiciet</span> <span class='ocrx_word' id='word_1_453' title='bbox 1403 2123 1530 2154; x_wconf 86' lang='lat' dir='ltr'>pacem.</span> 
     </span>
    </p>

    <p class='ocr_par' dir='ltr' id='par_1_19' title="bbox 1100 2161 1780 2298">
     <span class='ocr_line' id='line_1_90' title="bbox 1142 2161 1780 2204; baseline 0.002 -11"><span class='ocrx_word' id='word_1_454' title='bbox 1142 2165 1182 2194; x_wconf 84' lang='grc'>18</span> <span class='ocrx_word' id='word_1_455' title='bbox 1204 2163 1269 2194; x_wconf 82' lang='lat' dir='ltr'>Aut</span> <span class='ocrx_word' id='word_1_456' title='bbox 1283 2163 1331 2193; x_wconf 73' lang='lat' dir='ltr'>vis</span> <span class='ocrx_word' id='word_1_457' title='bbox 1345 2162 1474 2202; x_wconf 72' lang='lat' dir='ltr'>eximet]</span> <span class='ocrx_word' id='word_1_458' title='bbox 1507 2161 1717 2204; x_wconf 82' lang='lat' dir='ltr'>Porphyrion</span> <span class='ocrx_word' id='word_1_459' title='bbox 1732 2163 1780 2194; x_wconf 90' lang='lat' dir='ltr'>le-</span> 
     </span>
     <span class='ocr_line' id='line_1_91' title="bbox 1100 2210 1776 2252; baseline 0.001 -10"><span class='ocrx_word' id='word_1_460' title='bbox 1100 2212 1150 2252; x_wconf 85' lang='lat' dir='ltr'>git</span> <span class='ocrx_word' id='word_1_461' title='bbox 1164 2211 1280 2250; x_wconf 77' lang='lat' dir='ltr'>exiget,</span> <span class='ocrx_word' id='word_1_462' title='bbox 1291 2211 1324 2241; x_wconf 91' lang='lat' dir='ltr'>id</span> <span class='ocrx_word' id='word_1_463' title='bbox 1337 2215 1399 2247; x_wconf 85' lang='lat' dir='ltr'>est,</span> <span class='ocrx_word' id='word_1_464' title='bbox 1413 2210 1559 2242; x_wconf 85' lang='lat' dir='ltr'>turbabit</span> <span class='ocrx_word' id='word_1_465' title='bbox 1570 2215 1605 2242; x_wconf 90' lang='lat' dir='ltr'>et</span> <span class='ocrx_word' id='word_1_466' title='bbox 1617 2211 1776 2251; x_wconf 82' lang='lat' dir='ltr'>expellet:</span> 
     </span>
     <span class='ocr_line' id='line_1_92' title="bbox 1102 2258 1645 2298; baseline -0.004 -7"><span class='ocrx_word' id='word_1_467' title='bbox 1102 2260 1156 2291; x_wconf 81' lang='lat' dir='ltr'>alii</span> <span class='ocrx_word' id='word_1_468' title='bbox 1170 2262 1273 2298; x_wconf 75' lang='lat' dir='ltr'>exuet,</span> <span class='ocrx_word' id='word_1_469' title='bbox 1286 2260 1392 2290; x_wconf 79' lang='lat' dir='ltr'>minus</span> <span class='ocrx_word' id='word_1_470' title='bbox 1407 2258 1501 2290; x_wconf 73' lang='lat' dir='ltr'>bene·</span> <span class='ocrx_word' id='word_1_471' title='bbox 1524 2258 1645 2290; x_wconf 81' lang='lat' dir='ltr'>Fabric-</span> 
     </span>
    </p>

    <p class='ocr_par' dir='ltr' id='par_1_20' title="bbox 1143 2308 1745 2350">
     <span class='ocr_line' id='line_1_93' title="bbox 1143 2308 1745 2350; baseline -0.002 -9"><span class='ocrx_word' id='word_1_472' title='bbox 1143 2312 1184 2341; x_wconf 85' lang='lat'>19</span> <span class='ocrx_word' id='word_1_473' title='bbox 1205 2310 1354 2340; x_wconf 76' lang='lat' dir='ltr'>Procudit</span> <span class='ocrx_word' id='word_1_474' title='bbox 1368 2309 1466 2350; x_wconf 78' lang='lat' dir='ltr'>enses]</span> <span class='ocrx_word' id='word_1_475' title='bbox 1486 2308 1633 2340; x_wconf 87' lang='lat' dir='ltr'>Procudi</span> <span class='ocrx_word' id='word_1_476' title='bbox 1647 2308 1745 2340; x_wconf 82' lang='lat' dir='ltr'>facit.</span> 
     </span>
    </p>

    <p class='ocr_par' dir='ltr' id='par_1_21' title="bbox 1101 2356 1782 2439">
     <span class='ocr_line' id='line_1_94' title="bbox 1142 2356 1782 2397; baseline 0.002 -8"><span class='ocrx_word' id='word_1_477' title='bbox 1142 2361 1183 2390; x_wconf 89' lang='grc'>20</span> <span class='ocrx_word' id='word_1_478' title='bbox 1207 2358 1349 2389; x_wconf 77' lang='lat' dir='ltr'>Inimicat</span> <span class='ocrx_word' id='word_1_479' title='bbox 1361 2357 1464 2397; x_wconf 82' lang='lat' dir='ltr'>urbes]</span> <span class='ocrx_word' id='word_1_480' title='bbox 1498 2356 1656 2388; x_wconf 70' lang='lat' dir='ltr'>Inimicus</span> <span class='ocrx_word' id='word_1_481' title='bbox 1671 2357 1782 2390; x_wconf 87' lang='lat' dir='ltr'>reddit</span> 
     </span>
     <span class='ocr_line' id='line_1_95' title="bbox 1101 2407 1212 2439; baseline -0.009 0"><span class='ocrx_word' id='word_1_482' title='bbox 1101 2407 1212 2439; x_wconf 87' lang='lat' dir='ltr'>urbes.</span> 
     </span>
    </p>

    <p class='ocr_par' dir='ltr' id='par_1_22' title="bbox 1103 2455 1782 2546">
     <span class='ocr_line' id='line_1_96' title="bbox 1143 2455 1782 2497; baseline -0.002 -8"><span class='ocrx_word' id='word_1_483' title='bbox 1143 2460 1182 2489; x_wconf 93' lang='grc'>21</span> <span class='ocrx_word' id='word_1_484' title='bbox 1209 2457 1271 2493; x_wconf 79' lang='lat' dir='ltr'>Qui</span> <span class='ocrx_word' id='word_1_485' title='bbox 1292 2455 1488 2497; x_wconf 75' lang='lat' dir='ltr'>profundum]</span> <span class='ocrx_word' id='word_1_486' title='bbox 1519 2455 1677 2496; x_wconf 82' lang='lat' dir='ltr'>Thraces,</span> <span class='ocrx_word' id='word_1_487' title='bbox 1695 2457 1782 2489; x_wconf 82' lang='lat' dir='ltr'>Ger-</span> 
     </span>
     <span class='ocr_line' id='line_1_97' title="bbox 1103 2506 1483 2546; baseline -0.008 -7"><span class='ocrx_word' id='word_1_488' title='bbox 1103 2507 1202 2542; x_wconf 87' lang='lat' dir='ltr'>mani.</span> <span class='ocrx_word' id='word_1_489' title='bbox 1217 2512 1252 2537; x_wconf 89' lang='lat' dir='ltr'>et</span> <span class='ocrx_word' id='word_1_490' title='bbox 1268 2506 1342 2537; x_wconf 75' lang='lat' dir='ltr'>aliae</span> <span class='ocrx_word' id='word_1_491' title='bbox 1356 2511 1483 2546; x_wconf 82' lang='lat' dir='ltr'>gentes.</span> 
     </span>
    </p>

    <p class='ocr_par' dir='ltr' id='par_1_23' title="bbox 1103 2554 1781 2794">
     <span class='ocr_line' id='line_1_98' title="bbox 1144 2554 1781 2596; baseline 0 -9"><span class='ocrx_word' id='word_1_492' title='bbox 1144 2559 1185 2587; x_wconf 87' lang='grc'>22</span> <span class='ocrx_word' id='word_1_493' title='bbox 1207 2556 1321 2586; x_wconf 81' lang='lat' dir='ltr'>Edicta</span> <span class='ocrx_word' id='word_1_494' title='bbox 1334 2555 1439 2596; x_wconf 76' lang='lat' dir='ltr'>Julia]</span> <span class='ocrx_word' id='word_1_495' title='bbox 1455 2554 1532 2586; x_wconf 87' lang='lat' dir='ltr'>Non</span> <span class='ocrx_word' id='word_1_496' title='bbox 1548 2556 1653 2587; x_wconf 90' lang='lat' dir='ltr'>solum</span> <span class='ocrx_word' id='word_1_497' title='bbox 1665 2555 1781 2588; x_wconf 77' lang='lat' dir='ltr'>C-Cae-</span> 
     </span>
     <span class='ocr_line' id='line_1_99' title="bbox 1104 2604 1780 2645; baseline -0.001 -9"><span class='ocrx_word' id='word_1_498' title='bbox 1104 2606 1185 2637; x_wconf 82' lang='lat' dir='ltr'>saris</span> <span class='ocrx_word' id='word_1_499' title='bbox 1213 2604 1411 2644; x_wconf 81' lang='lat' dir='ltr'>Dictatoris,</span> <span class='ocrx_word' id='word_1_500' title='bbox 1430 2604 1489 2635; x_wconf 81' lang='lat' dir='ltr'>sed</span> <span class='ocrx_word' id='word_1_501' title='bbox 1519 2609 1553 2636; x_wconf 88' lang='lat' dir='ltr'>et</span> <span class='ocrx_word' id='word_1_502' title='bbox 1578 2604 1722 2645; x_wconf 81' lang='lat' dir='ltr'>Augusti</span> <span class='ocrx_word' id='word_1_503' title='bbox 1747 2605 1780 2635; x_wconf 90' lang='lat' dir='ltr'>in</span> 
     </span>
     <span class='ocr_line' id='line_1_100' title="bbox 1103 2653 1778 2696; baseline -0.006 -9"><span class='ocrx_word' id='word_1_504' title='bbox 1103 2660 1236 2696; x_wconf 84' lang='lat' dir='ltr'>gentem</span> <span class='ocrx_word' id='word_1_505' title='bbox 1256 2654 1377 2687; x_wconf 81' lang='lat' dir='ltr'>Juliam</span> <span class='ocrx_word' id='word_1_506' title='bbox 1399 2653 1564 2694; x_wconf 84' lang='lat' dir='ltr'>adoptati,</span> <span class='ocrx_word' id='word_1_507' title='bbox 1588 2654 1678 2694; x_wconf 82' lang='lat' dir='ltr'>leges</span> <span class='ocrx_word' id='word_1_508' title='bbox 1700 2653 1778 2685; x_wconf 86' lang='lat' dir='ltr'>‘Ju-</span> 
     </span>
     <span class='ocr_line' id='line_1_101' title="bbox 1104 2698 1779 2744; baseline -0.006 -10"><span class='ocrx_word' id='word_1_509' title='bbox 1104 2703 1178 2735; x_wconf 83' lang='lat' dir='ltr'>liae’</span> <span class='ocrx_word' id='word_1_510' title='bbox 1197 2702 1470 2744; x_wconf 80' lang='lat' dir='ltr'>appellabantur3</span> <span class='ocrx_word' id='word_1_511' title='bbox 1493 2701 1607 2733; x_wconf 86' lang='lat' dir='ltr'>addita</span> <span class='ocrx_word' id='word_1_512' title='bbox 1621 2698 1779 2742; x_wconf 77' lang='lat' dir='ltr'>peculiari</span> 
     </span>
     <span class='ocr_line' id='line_1_102' title="bbox 1105 2746 1777 2794; baseline -0.01 -10"><span class='ocrx_word' id='word_1_513' title='bbox 1105 2752 1262 2794; x_wconf 80' lang='lat' dir='ltr'>cujusque</span> <span class='ocrx_word' id='word_1_514' title='bbox 1276 2751 1358 2791; x_wconf 79' lang='lat' dir='ltr'>legis</span> <span class='ocrx_word' id='word_1_515' title='bbox 1370 2755 1450 2782; x_wconf 87' lang='lat' dir='ltr'>nota</span> <span class='ocrx_word' id='word_1_516' title='bbox 1465 2750 1587 2791; x_wconf 86' lang='lat' dir='ltr'>aliqua,</span> <span class='ocrx_word' id='word_1_517' title='bbox 1608 2747 1692 2780; x_wconf 85' lang='lat' dir='ltr'>unde</span> <span class='ocrx_word' id='word_1_518' title='bbox 1705 2746 1777 2778; x_wconf 79' lang='lat' dir='ltr'>aliae</span> 
     </span>
    </p>
   </div>
  </div>
 </body>
</html>
