1916 3262
544 298 895 331 nris'ronARUM
932 300 1028 332 mn.
1059 300 1109 331 n.
1141 292 1181 332 1.

1468 293 1579 336 1235

135 388 372 431 Exanimat
389 389 535 431 lentus
557 392 792 443 spectator,
815 391 996 432 sedulus
1017 392 1164 434 instat.

135 456 212 498 Sic
233 457 344 506 leve,
361 457 426 498 sic
444 469 625 510 parvum
646 461 730 506 est,
750 459 940 500 animum
963 459 1083 512 quod
1102 458 1249 500 laudis
1271 471 1451 501 avarum

137 523 316 566 Subruit
333 536 387 565 ac
406 522 564 565 reficit.

624 522 786 566 Valeat
804 537 876 567 res
896 524 1084 575 ludicra,
1107 526 1146 567 si
1166 538 1236 567 me

1498 524 1582 566 180

136 589 294 632 Palma
312 594 473 644 negata
492 602 702 641 macrum,
723 590 890 634 donata
907 590 1076 633 reducit
1096 592 1307 646 opimum.

136 656 286 710 Saepe,
304 658 438 698 etiam
459 657 688 708 audacem,
707 658 830 710 fugat
846 658 931 700 hoc
951 660 1167 711 terretque
1186 658 1382 712 poetam,

138 722 275 774 Quod
294 736 474 766 numero
492 724 658 778 plures,
680 725 838 768 virtute
855 727 898 767 et
913 725 1077 767 honore
1099 725 1307 776 minoreS‚

137 788 317 832 Indocti
338 790 590 845 stolidique,
609 796 653 833 et
672 793 921 846 depugnare
941 793 1100 847 parati,

135 857 185 898 Si
206 857 426 899 discordet
443 870 595 913 eques,
617 859 763 901 media
783 860 892 902 inter
910 859 1102 901 carmina
1122 865 1314 914 poscunt

1502 859 1586 902 185

135 923 227 965 Azut
244 936 395 966 ursum
415 928 489 966 aut
509 927 709 979 pugiles:
740 926 808 968 his
827 941 930 970 nam
951 927 1184 982 plebecula
1201 929 1375 983 gaudet.

135 1053 288 1086 occiditur
299 1058 472 1095 spectatore
486 1055 646 1095 languido,
661 1056 796 1096 erigitur
810 1060 939 1089 attento.
983 1057 1070 1089 Adeo
1085 1059 1149 1089 leve
1164 1061 1192 1088 et
1205 1066 1335 1097 parvum
1357 1060 1405 1088 est
1419 1057 1499 1096 quod
1515 1065 1585 1086 con-

136 1095 244 1128 tristat
257 1098 306 1129 vel
318 1099 493 1129 consolatur
503 1099 640 1130 animum
652 1099 765 1138 gtoriae
785 1099 941 1140 cupidum.
987 1100 1098 1139 Apage
1113 1109 1178 1130 rem
1193 1099 1356 1138 scenicum,
1366 1099 1394 1129 si
1408 1098 1587 1138 approbatio

135 1137 290 1177 denegata
314 1149 363 1170 me
391 1140 515 1172 reducit
543 1145 696 1180 moestum,
725 1151 867 1173 concessa
882 1142 1085 1173 exultantem.
1130 1142 1203 1172 Non
1223 1150 1295 1172 raro
1309 1149 1427 1180 quoque
1441 1141 1588 1171 audacem

133 1178 255 1219 potitam
268 1182 405 1213 deterret
429 1185 522 1222 atque
536 1183 652 1214 alienat
674 1184 753 1224 quod
764 1185 868 1224 plures
891 1193 1030 1222 numero,
1042 1184 1124 1224 iique
1139 1185 1249 1214 merito
1265 1187 1294 1214 et
1306 1183 1464 1221 dignitate
1478 1181 1589 1220 inferi-

136 1230 216 1259 ores,
230 1222 370 1263 imperiti
392 1227 424 1255 et
440 1225 541 1263 bardi,
563 1226 736 1266 prmntique
752 1227 792 1256 ad
806 1225 1045 1266 confligendum,
1059 1227 1087 1256 si
1102 1226 1220 1265 equites
1240 1225 1439 1259 dissentiant,
1455 1225 1589 1254 mediam

137 1262 370 1302 inter-sabulum
382 1269 492 1307 petunt
505 1266 553 1298 vel
569 1276 674 1298 ursum
687 1268 736 1299 vel
750 1268 896 1301 athletas.
942 1267 1007 1299 His
1017 1268 1098 1299 enim
1105 1268 1189 1307 plebs
1199 1268 1382 1299 delectatur.
1426 1266 1490 1298 Sed
1505 1266 1589 1306 equi-

744 1359 801 1372 000

961 1360 979 1370 ο

136 1422 235 1453 minat
251 1421 436 1462 Bamberg.
468 1421 569 1454 instat
585 1422 690 1454 Gesn.
706 1433 748 1454 ex
766 1433 832 1454 uno
848 1423 988 1462 codice;
1012 1429 1046 1455 et
1063 1424 1112 1456 ita
1126 1424 1294 1456 dederunt
1308 1424 1426 1456 Comb.
1442 1425 1588 1456 Wetzel.

137 1464 275 1504 Bipont.
289 1467 327 1495 et
342 1463 450 1496 Zenn.
464 1469 500 1496 et
516 1465 564 1496 sic
581 1465 662 1497 Nic.
678 1464 840 1497 Heinsius
854 1467 895 1497 ad
913 1466 1120 1499 Ovid.Fast.
1137 1476 1178 1498 ιι.
1193 1469 1268 1498 514.
1289 1467 1384 1508 inflat
1401 1467 1433 1498 in
1450 1467 1589 1498 ceteris.

134 1508 242 1539 -179
263 1505 302 1538 Si
325 1507 390 1538 leve
410 1506 440 1537 a·
460 1516 592 1547 parvum
613 1510 659 1539 est
672 1508 829 1540 Vallicel.
845 1512 876 1540 3.
899 1518 920 1540 a
945 1519 990 1540 m.
1013 1512 1173 1549 pr.—180
1195 1509 1278 1541 Tres
1293 1509 1395 1541 codd.
1414 1509 1505 1548 Feae,
1520 1515 1590 1541 tres

137 1547 302 1588 Bentleii,
318 1548 396 1580 edd.
411 1549 525 1581 Bentl.
539 1549 635 1590 Traj.
651 1549 694 1580 ad
710 1551 818 1582 Rhen.
835 1553 928 1582 1713.
951 1551 1097 1590 Cuning.
1117 1551 1241 1583 Sanad.
1262 1552 1414 1583 Mervill.
1439 1551 1589 1591 Sandby,

136 1588 245 1622 Gesn.
259 1590 401 1632 Dorigh.
416 1590 573 1623 Oberlin.
590 1592 709 1623 Comb.
722 1592 856 1625 Wakef.
872 1594 1016 1625 Wetzel.
1041 1593 1149 1625 Zeun.
1166 1594 1311 1630 Bodoni,
1336 1594 1440 1625 Kidd.
1462 1594 1589 1632 Jaeck,

137 1636 174 1662 et
196 1633 351 1674 Doering.
373 1643 410 1664 nc
423 1633 537 1675 reficit.
569 1634 797 1666 Schoenborn.
817 1638 849 1667 4.
876 1645 913 1667 ac
937 1635 1056 1678 refigit.
1089 1636 1273 1676 Bamberg.
1299 1637 1532 1667 Schoenborn.
1556 1639 1589 1667 2.

137 1673 234 1706 Harl.
247 1677 280 1707 2.
294 1677 326 1708 ³.
343 1678 376 1707 4.
392 1678 424 1707 6.
437 1678 470 1707 7.
492 1676 549 1707 alii
565 1676 664 1708 codd.
680 1686 757 1708 cum
774 1678 853 1709 edd.
870 1681 956 1709 vett.
984 1683 1064 1709 ante
1088 1678 1202 1710 Bentl.
1220 1678 1299 1709 item
1318 1679 1386 1709 Fea
1414 1684 1447 1709 et
1467 1678 1591 1716 Bothe,

136 1719 190 1748 aut
204 1717 318 1758 reficit.
353 1718 583 1749 Schoenborn.
597 1722 628 1749 4.
643 1728 694 1749 res
705 1719 946 1751 lubrica-184
970 1721 1054 1752 Exc.
1068 1721 1149 1751 Sax.
1166 1730 1250 1752 unus
1266 1721 1347 1751 item
1365 1721 1475 1752 Pulm.
1492 1724 1521 1750 et
1538 1722 1590 1750 de-

135 1761 372 1792 cervara—186
396 1759 452 1792 Sic
464 1761 620 1792 discordet
633 1761 866 1794 Schoenborn.
881 1765 913 1793 2.
945 1765 1053 1802 poscat
1075 1762 1306 1794 Schoenborn.
1321 1765 1461 1795 3.—186
1484 1761 1591 1793 Valli-

790 1866 937 1900 NOTAE

141 1936 276 1969 felicior
289 1943 342 1970 eet
363 1938 474 1971 Poeta
496 1938 628 1972 fabulas
652 1941 685 1971 in
701 1950 837 1973 scenam

141 1986 270 2019 dandas
283 1987 439 2019 scribens
451 1988 566 2029 gloriae
583 1990 744 2030 parandae
758 2000 837 2022 cnu-

141 2047 179 2070 ια
193 2048 202 2068 :
216 2042 285 2069 tam
305 2047 411 2070 vanus
428 2043 464 2070 et
479 2039 698 2072 calamitosus
715 2045 768 2073 est
782 2041 836 2072 hic

141 2086 250 2119 landis
265 2097 366 2130 quam
380 2088 438 2120 ille
454 2089 539 2120 lucri
554 2090 710 2131 cupidus,

182 2139 244 2170 183
267 2138 408 2170 Numero
423 2139 543 2180 plures]
568 2139 699 2171 Plebeii
713 2149 836 2181 nempe

139 2187 302 2220 adversus
327 2193 522 2231 equestrem
553 2189 709 2221 ordinem
737 2191 838 2222 armis

140 2237 350 2270 contendere
380 2239 504 2280 parati,
540 2239 567 2270 si
597 2240 686 2281 quod
716 2240 839 2271 stolide

141 2292 288 2328 poscunt
300 2293 456 2328 negetur.

185 2339 246 2369 185
269 2337 309 2369 Si
335 2338 490 2370 discordet
512 2334 677 2380 equulffi
706 2332 839 2381 equites

143 2386 233 2420 uliud
247 2387 352 2418 velint
369 2397 469 2428 quam
485 2388 582 2428 plebs
596 2399 605 2418 ε
629 2388 658 2419 si
674 2388 841 2420 obsistant

145 2434 238 2475 plebi
251 2434 419 2476 flagitanti
434 2442 471 2468 ut
487 2436 604 2468 fabula
614 2437 841 2478 interrumpa-

146 2488 216 2522 tur,
243 2483 365 2525 aliique
386 2485 456 2516 ludi
478 2485 721 2526 producantur,
744 2486 842 2517 nimi-

146 2541 232 2571 rum,
261 2541 369 2571 ursus,
399 2533 467 2570 leo,
495 2535 658 2574 camelus,
688 2536 840 2576 pugilum

146 2588 335 2622 certamen,
366 2582 586 2624 gladiatores,
614 2583 842 2625 funambulus,

147 2635 213 2664 &c-

191 2682 302 2715 Media
311 2683 395 2715 inter
403 2681 558 2722 carmina]
571 2683 611 2714 In
623 2684 734 2715 media
744 2683 843 2716 fabu-

148 2733 192 2765 1oe
216 2734 373 2766 actione:
396 2738 474 2774 post
497 2742 598 2764 unum
618 2736 677 2764 aut
699 2733 843 2765 alterum

151 2784 336 2816 eomoediae
348 2794 406 2816 seu
416 2783 606 2825 ‘l'ragoediae
616 2789 741 2815 actum.
755 2784 844 2815 Vide

147 2834 299 2867 Terentii
311 2834 459 2877 Hecyrae
472 2834 670 2876 Prologum,
685 2834 743 2876 qui
753 2838 845 2866 totus

891 1951 932 1973 ea
942 1941 985 1973 de
995 1950 1031 1973 re
1042 1946 1106 1973 est.
1123 1941 1132 1958 ‘
1145 1941 1323 1982 Hecyra...
1337 1941 1409 1972 haec
1422 1950 1496 1972 cum
1510 1941 1592 1974 data

891 1997 945 2023 est
974 1991 1086 2028 Nova,
1102 2000 1227 2022 novum
1250 1990 1436 2022 intervenit
1459 1990 1596 2032 vitium,

891 2045 928 2072 et
943 2040 1130 2077 calamitas,
1154 2039 1203 2071 Ut
1227 2048 1335 2080 neque
1357 2040 1509 2079 spectari
1533 2048 1592 2071 ne-

891 2100 955 2133 que
982 2090 1143 2132 cognosci
1169 2090 1340 2131 potuerit:
1365 2090 1419 2121 Ita
1446 2091 1593 2132 populus

890 2140 1006 2173 studio
1028 2139 1185 2182 stupidus
1215 2140 1250 2171 in
1278 2139 1479 2172 funambulo
1509 2140 1593 2172 Ani.

890 2201 980 2223 mum
1031 2194 1227 2232 occuparat.
1241 2190 1249 2202 ¹
1296 2191 1305 2208 ‘
1324 2191 1408 2222 Cum
1447 2190 1592 2231 primum

891 2251 964 2274 eam
978 2250 1080 2282 agere
1092 2241 1195 2282 coepi,
1206 2241 1358 2282 pugilum
1372 2241 1490 2282 gloria,
1502 2241 1593 2272 Fun·

892 2291 1016 2323 ambuli
1044 2290 1163 2322 eodem
1202 2291 1348 2323 accessit
1383 2291 1595 2331 expectatio,

893 2341 1063 2373 Comitum
1101 2344 1304 2380 conventus,
1335 2339 1498 2380 studium,
1528 2340 1595 2372 cla-

892 2400 966 2423 mor
981 2390 1170 2429 mulierum,
1187 2390 1329 2428 Fecere,
1352 2394 1389 2421 ut
1406 2395 1486 2421 ante
1510 2394 1593 2421 tem-

893 2450 957 2482 pus
986 2440 1114 2472 exirem
1143 2438 1246 2471 foras.
1271 2462 1279 2470 .
1296 2461 1304 2471 .
1318 2459 1347 2470 ..
1366 2439 1483 2470 Primo
1515 2444 1595 2471 actu

894 2490 1013 2531 placeo
1036 2501 1045 2521 ε
1080 2499 1159 2522 cum
1181 2489 1314 2521 interea
1343 2499 1458 2522 rumor
1488 2490 1595 2526 venit,

896 2541 1021 2572 Datum
1037 2540 1079 2571 iri
1095 2539 1325 2580 gladiatores3
1351 2541 1497 2580 populus
1514 2548 1594 2570 con-

895 2589 987 2620 volat
999 2599 1009 2627 3
1023 2589 1302 2627 Tumultuantur,
1326 2589 1487 2626 clamant,
1510 2597 1596 2628 pug-

895 2642 979 2669 nant
992 2638 1033 2668 de
1049 2637 1124 2668 loco
1140 2647 1148 2668 :
1172 2638 1244 2677 Ego
1257 2637 1387 2667 interea
1399 2645 1509 2668 meum
1526 2646 1594 2668 non

895 2687 991 2728 potui
1006 2685 1106 2717 tutari
1122 2686 1244 2717 locum.
1291 2685 1392 2716 Nunc
1404 2685 1507 2716 turba
1520 2685 1594 2716 nul-

897 2738 930 2768 la
949 2740 1027 2768 est:
1050 2736 1156 2767 otium
1186 2739 1221 2766 et
1247 2734 1417 2766 silentium
1444 2739 1516 2767 est:
1547 2736 1594 2767 A·

898 2785 1001 2827 gentli
1017 2789 1151 2826 tempus
1167 2784 1246 2816 mihi
1260 2783 1377 2816 datum
1394 2783 1469 2826 est,'
1483 2787 1548 2818 ὅτε.
