1890 3230
357 257 467 300 1740

357 363 396 391 nt
410 360 577 390 Maecenas
588 355 784 388 subscribat.
807 355 960 385 Moecenas
973 354 1035 392 sig-

358 418 399 439 na
420 407 551 446 tabellis]
576 405 626 436 An
640 404 682 434 de
697 411 736 433 eo
760 407 911 442 tempore
929 402 1034 442 loqui-

359 461 427 495 tur,
441 465 505 496 quo
521 452 666 484 absentis
693 451 834 491 Augusti
855 451 937 481 Urbi
951 460 1034 490 prae-

359 510 432 535 erat
455 502 645 534 Maecenas?
667 505 724 531 aut
746 500 847 530 etiam
870 505 1035 539 praesente

360 553 492 583 caesare
508 550 670 590 signabat,
686 549 757 588 ejus
765 549 818 588 (ut
833 548 965 588 quidam
980 557 1034 579 vo-

359 599 449 639 lunt)
469 599 565 639 sigilli
590 598 724 629 custos?
745 597 832 628 Vide
847 605 902 628 111.
924 596 989 627 od.
1005 599 1036 627 8.

361 648 500 679 Torrent.

401 699 443 726 39
464 694 610 733 Dixeris]
632 694 667 725 Si
687 694 820 728 dixeris,
837 693 972 724 tentabo
994 702 1036 724 an

361 745 444 775 velit
457 743 678 774 subscribere.

401 795 442 824 40
465 792 618 831 Septimus
644 794 747 821 octavo
766 791 904 830 propior]
927 790 1036 829 Septi-

358 850 551 879 musannus
565 841 696 880 elapsus
719 843 780 874 est,
796 838 868 869 fere
889 844 1036 871 octavus,

359 899 400 921 ex
417 899 493 929 quo,
507 891 570 919 &c-

400 941 441 969 42
464 939 627 967 Duntaxat
637 935 754 975 adhoc]
774 934 949 974 Expositio
962 943 1037 965 cau-

360 998 405 1018 sae
427 986 535 1016 finalis
560 983 791 1015 familiaritatis
819 993 893 1014 cum
915 984 1038 1014 Maece·

360 1039 450 1069 nate,
470 1043 535 1074 qua
557 1033 667 1064 facete
691 1032 808 1066 utitur.
823 1041 887 1062 non
910 1036 977 1062 tam
1002 1037 1038 1062 nt

359 1083 528 1115 molestias
541 1091 600 1122 pro
617 1081 687 1112 aliis
707 1081 935 1112 intercedendi
950 1081 1038 1120 apud

359 1133 584 1163 Maecenatem
609 1131 735 1168 evitet;
759 1139 855 1170 qnam
880 1134 918 1160 ut
940 1130 1040 1169 signi-

360 1181 451 1216 ficet,
481 1190 545 1222 quo
571 1180 644 1220 ipso
669 1180 756 1218 loco,
777 1178 892 1218 suique
918 1178 1041 1208 similes

361 1231 423 1261 viri
439 1230 530 1261 docti
553 1229 621 1260 sint
643 1227 732 1267 apud
755 1231 910 1267 potentes
933 1231 967 1257 et
986 1236 1039 1257 no-

360 1279 456 1310 biles.
480 1280 574 1318 Cruq.
605 1278 700 1313 Quem
713 1277 815 1307 tollere
829 1275 937 1315 rheda]
961 1276 1039 1307 Fac-

360 1332 454 1359 turus
476 1328 541 1359 iter
555 1326 775 1358 communicat
791 1334 930 1359 mecum,
944 1334 1040 1366 quem

360 1378 463 1408 vellet
479 1376 631 1416 recipere
646 1375 678 1405 in
695 1374 844 1405 rhedam.

400 1429 441 1457 44
466 1427 534 1457 Hoc
554 1424 666 1464 genus]
691 1425 805 1462 Nugas
821 1423 919 1463 hujus
944 1430 1042 1462 gene-

361 1476 418 1505 ris.
464 1475 552 1505 Hora
580 1477 671 1513 quola
699 1473 759 1512 est]
794 1472 963 1501 Maecenas
992 1479 1043 1500 me

361 1523 558 1560 interrogat.
604 1521 709 1551 Thrax
736 1523 781 1550 est
805 1519 931 1549 Gallina
961 1518 1042 1557 Syro

359 1571 432 1610 par]
456 1570 554 1600 Hanc
580 1568 746 1606 vulgatam
770 1566 943 1596 lectionem
968 1565 1043 1595 libri

360 1619 462 1649 nostri
477 1626 590 1647 omnes
606 1619 753 1646 tuentur.
789 1614 836 1644 At
851 1614 944 1644 Guil.
960 1613 1044 1643 Can-

363 1673 466 1701 terus„
491 1665 644 1696 Nov.1v.
662 1665 711 1693 12.
758 1661 862 1692 Thrax
886 1671 925 1691 an
943 1662 1043 1690 Galli-

361 1725 412 1750 na,
427 1715 460 1745 in
477 1717 608 1744 vetusto
621 1710 762 1752 quodam
778 1709 893 1741 codice
905 1709 970 1749 legi
987 1709 1043 1739 ad-

362 1763 491 1794 monuit
520 1762 656 1802 primus.
700 1758 930 1800 Antiquissimi
955 1758 1042 1789 codi—

363 1823 418 1844 ces
433 1821 499 1843 non
516 1812 633 1845 Thrax,
643 1809 700 1840 sed
719 1809 822 1840 Threx
837 1808 973 1848 habent,
987 1813 1044 1838 aut

366 1863 458 1896 Trex,
482 1861 523 1891 de
547 1869 612 1900 qua
636 1859 802 1898 scriptura
820 1857 961 1888 diximus
987 1866 1043 1888 ιιι.

365 1910 432 1940 Od.
449 1912 500 1941 11.
521 1908 530 1925 ‘
548 1908 607 1938 Me
627 1916 715 1937 nunc
735 1907 853 1936 Tressa
876 1905 978 1939 Chloe
993 1914 1043 1936 re-

363 1959 434 1998 git!
479 1959 563 1990 Nam
579 1961 720 1996 utroque
743 1954 839 1986 modo
855 1959 947 1986 recte
964 1955 1044 1985 scri-

362 2008 465 2039 bitur.
509 2007 609 2038 Hunc
626 2014 724 2045 porro
745 2004 855 2035 locum
871 2003 918 2035 sic
940 2004 1043 2035 inter-

364 2062 492 2097 pretor,
526 2060 564 2086 ut
602 2053 738 2088 Gallina,
774 2053 863 2093 quod
898 2051 1045 2083 fatentur

364 2105 464 2135 etiam
480 2108 613 2134 veteres
637 2101 869 2136 Grammatici,
889 2099 1045 2141 quemad-

363 2153 495 2184 modum
513 2157 521 2170 ⁴
539 2151 717 2182 Columbus
729 2150 737 2162 '
761 2154 797 2180 et
822 2154 831 2167 ⁴
845 2149 1023 2180 Palumbus
1036 2147 1045 2161 ’

363 2201 453 2241 apud
487 2200 694 2232 Suetonium,
725 2206 845 2228 nomen
875 2197 1043 2236 proprium

364 2249 555 2290 gladiatoris
565 2247 667 2278 fuerit
677 2251 853 2277 armaturae
860 2245 1024 2275 Thracum
1035 2255 1044 2275 ι

365 2305 373 2317 ‘
388 2300 490 2338 Syrus
502 2297 511 2310 ’
527 2306 619 2334 vero,
636 2299 672 2325 ut
687 2298 722 2324 et
736 2295 745 2311 ‘
760 2294 846 2324 Cilix
857 2293 866 2306 ’
882 2292 968 2332 apud
985 2293 1044 2324 Ju-

364 2357 438 2378 ven.
453 2347 523 2378 Sat.
539 2354 588 2376 ιν.
600 2343 776 2374 contrariae
788 2341 951 2375 factionis,
963 2341 1046 2372 Mir-

365 2397 529 2428 millorum
556 2394 695 2426 scilicet,
724 2391 780 2432 qui
809 2391 851 2422 ab
879 2395 1047 2421 armatura

365 2446 496 2476 Gallica
509 2443 609 2474 etiam
625 2448 633 2460 ⁴
645 2441 734 2473 Galli
745 2440 754 2454 ¹
766 2439 984 2478 dicebantur;
1009 2444 1046 2471 ut

366 2499 374 2512 ⁴
390 2493 554 2525 Thraces'
570 2492 636 2526 alii,
658 2499 723 2520 non
747 2490 851 2520 solum
872 2489 948 2528 quia
971 2497 1045 2528 par-

365 2552 435 2574 mas
461 2540 638 2582 gestabant
660 2538 792 2569 Thracii
819 2537 904 2568 scuti
929 2547 1046 2577 genus,

366 2591 454 2622 unde
467 2594 503 2621 et
516 2594 525 2607 ⁴
538 2587 741 2629 parmularii'
752 2586 846 2624 dicti,
856 2585 936 2626 (quo
950 2595 1047 2616 voca-

366 2640 443 2670 bulo
465 2647 543 2669 usus
567 2635 746 2668 Suetonius
773 2635 900 2665 Domit.
924 2644 997 2674 cap.
1010 2644 1047 2667 x.

366 2693 405 2718 ut
421 2688 465 2718 ibi
476 2684 675 2725 docuimus,)
685 2684 740 2715 sed
754 2683 854 2714 etiam
870 2682 994 2722 gladios
1009 2684 1047 2714 il-

365 2737 429 2769 lius
444 2736 628 2767 imitatione
651 2733 768 2774 gentis.
810 2732 963 2773 Denique
987 2733 1047 2766 Ju-

811 263 944 294 No'rAE
976 261 1231 291 VARIORUM
1265 263 1315 292 IN

1082 362 1157 384 ven.
1172 354 1245 384 Sat.
1261 361 1340 384 vm.
1354 352 1524 392 utriusque
1539 351 1690 384 factionis
1709 362 1760 384 as.

1082 411 1136 432 ma
1147 401 1348 440 describens,
1358 410 1431 432 cnm
1443 401 1511 432 ait:
1534 405 1543 418 ⁴
1557 401 1630 432 Nec
1643 402 1761 442 clypeo

1085 451 1274 482 Gracchum
1296 455 1495 491 pugnantem
1522 454 1579 481 aut
1599 449 1688 481 falce
1712 459 1763 481 su·

1085 499 1183 538 pina‚’
1206 500 1358 530 Parmam
1386 498 1629 534 Threcidicam‚
1643 503 1681 531 ut
1703 508 1763 539 pu-

1086 552 1133 586 to,
1149 551 1184 578 et
1206 548 1348 587 gladium
1371 547 1538 586 intelligit,
1554 557 1620 587 quo
1636 546 1762 579 falcato

1086 605 1173 626 nunc
1198 604 1327 636 quoque
1352 597 1495 626 Thraces
1522 600 1672 626 utuntur.
1715 595 1763 627 At

1086 649 1202 675 contra
1224 644 1441 674 Mirmillones
1454 643 1462 656 ’
1479 653 1498 674 a
1518 643 1762 683 Myrmidonum

1086 694 1263 726 fortissima
1287 695 1479 726 Graecorum
1506 698 1616 734 gente,
1634 698 1764 725 mutato

1085 746 1106 775 d
1121 745 1152 775 in
1169 745 1201 780 ll,
1223 747 1260 775 ut
1279 753 1350 774 cum
1373 753 1433 783 pro
1446 742 1623 782 Ὀδυσσεὺς,
1642 742 1766 782 myaces

1086 794 1236 830 dicimus,
1252 793 1412 832 appellari
1434 792 1606 822 Turnebus
1624 791 1765 822 censuit.

1087 841 1133 870 Hi
1146 850 1223 870 vero
1235 841 1323 871 inter
1338 840 1401 871 alia
1414 840 1636 870 muniuerunt
1652 839 1766 879 galeis,

1087 888 1205 928 quibus
1235 888 1335 928 piscis
1361 887 1487 927 effigies
1513 889 1641 919 inerat:
1677 888 1765 919 unde

1087 941 1096 955 ⁴
1110 936 1280 977 Retiario,’
1303 936 1409 976 inquit
1434 936 1566 970 Festus,
1580 939 1588 953 ⁴
1606 936 1766 975 pugnanti

1088 986 1244 1016 adversus
1283 983 1514 1016 mirmillonem
1559 983 1766 1018 cantabatur,

1088 1035 1166 1065 Non
1190 1039 1225 1065 te
1248 1038 1341 1074 peto,
1357 1032 1479 1072 piscem
1502 1035 1595 1071 peto,
1613 1030 1692 1071 quid
1713 1039 1767 1062 me

1088 1082 1189 1123 fugis,
1207 1083 1304 1113 Galle
1314 1081 1337 1112 ?’
1354 1089 1462 1122 neque
1474 1080 1674 1121 negaverim,
1689 1080 1769 1120 quin

1089 1131 1120 1161 hi
1147 1140 1278 1171 quoque
1295 1129 1410 1170 gladiis
1426 1129 1596 1169 scutisque
1611 1137 1769 1159 ornaren-

1090 1184 1154 1215 tur,
1178 1179 1234 1210 sed
1262 1178 1414 1209 Gallicis.
1455 1177 1589 1209 ,lustum
1618 1177 1770 1218 Lipsium

1090 1229 1124 1259 in
1139 1227 1366 1258 Saturnalibus
1383 1226 1458 1257 vide
1481 1225 1542 1256 hac
1558 1225 1600 1256 de
1615 1233 1652 1255 re
1670 1225 1771 1256 latius

1090 1276 1320 1307 disserentem.
1345 1275 1483 1306 Torrent-
1499 1305 1502 1308 ,
1516 1274 1620 1305 Thrax
1632 1277 1679 1304 est
1692 1274 1771 1304 Gal-

1090 1325 1170 1364 lina]
1204 1324 1314 1355 Thrax
1343 1323 1458 1365 (quem
1493 1323 1635 1363 ignaviae
1671 1331 1772 1354 causa

1093 1374 1246 1414 gallinam
1258 1371 1420 1414 nominat)
1429 1377 1461 1404 et
1471 1372 1588 1413 Syrus,
1598 1371 1664 1403 dno
1676 1374 1774 1403 erant

1093 1423 1305 1464 gladiatores.

1135 1476 1174 1503 45
1199 1473 1316 1503 Parum
1329 1471 1447 1511 cautos]
1471 1471 1555 1502 Sunt
1569 1478 1685 1510 parum
1698 1478 1777 1500 cau-

1094 1522 1133 1560 ti,
1155 1521 1209 1562 qui
1243 1522 1303 1551 sub
1323 1519 1421 1550 finem
1447 1519 1607 1550 Autumni
1634 1522 1773 1550 utuntur

1094 1569 1201 1600 adhuc
1218 1571 1310 1598 veste
1327 1567 1455 1597 aestiva.

1135 1620 1176 1647 46
1199 1618 1241 1646 Et
1267 1625 1334 1654 quae
1356 1614 1482 1653 rimosa]
1515 1615 1601 1647 Quae
1632 1614 1772 1654 garrulis

1094 1665 1165 1695 sine
1182 1664 1328 1703 periculo
1345 1667 1481 1702 possunt
1497 1663 1669 1693 committi.
1716 1663 1772 1694 Ri-

1093 1713 1190 1753 mosa]
1212 1712 1368 1743 Rimosam
1382 1714 1481 1741 vocat
1495 1719 1610 1749 aurem,
1621 1710 1706 1741 male
1722 1714 1774 1740 tu·
1821 1718 1824 1722 ·

1095 1768 1177 1802 tam,
1195 1771 1268 1803 quae
1291 1761 1399 1792 infusa
1414 1769 1480 1791 non
1495 1764 1621 1799 servet,
1636 1757 1740 1790 (lucta
1753 1768 1773 1790 ι

1095 1812 1178 1842 vasis
1195 1812 1347 1842 rimarum
1363 1808 1483 1849 plenis,
1496 1817 1568 1848 quae
1591 1808 1654 1839 hac
1673 1812 1773 1849 atque

1093 1861 1170 1891 illac
1186 1858 1367 1900 perfluunt,
1381 1857 1598 1896 Metaphora:
1615 1861 1715 1897 atque
1727 1857 1775 1888 ita

1094 1919 1119 1941 1.
1131 1909 1196 1940 od.
1210 1911 1261 1940 27.
1282 1913 1290 1925 ·
1305 1906 1470 1947 Quicquid
1487 1905 1602 1945 habes,
1616 1914 1690 1946 age,
1703 1906 1775 1937 De·

1095 1967 1182 1998 pone
1208 1956 1290 1988 tutis
1321 1954 1475 1987 auribus!
1523 1955 1534 1973 ‘
1545 1953 1661 1986 Tutae'
1686 1954 1773 1986 enim

1097 2008 1106 2024 ‘
1120 2005 1238 2046 aures,’
1259 2007 1269 2023 ‘
1287 2004 1415 2036 rimosis
1426 2003 1436 2017 ’
1448 2003 1621 2044 oppositae.
1649 2003 1774 2034 Errant

1095 2055 1210 2094 igitur,
1237 2054 1292 2093 qui
1320 2053 1494 2083 ‘rimosam
1507 2051 1515 2065 ’
1535 2051 1590 2082 hic
1611 2055 1621 2069 ⁴
1637 2060 1749 2083 aurem
1761 2051 1771 2065 ’

1095 2112 1156 2143 pro
1192 2102 1277 2132 male
1306 2100 1440 2131 memori
1476 2103 1658 2139 exponunt.
1704 2100 1774 2131 No-

1095 2151 1298 2189 tandumque
1313 2150 1423 2180 notari
1442 2148 1553 2179 obiter
1567 2158 1586 2179 a
1600 2149 1708 2180 Poe'ta
1724 2154 1774 2179 ta-

1094 2197 1321 2228 citurnitatem
1331 2196 1540 2233 Maecenatis,
1554 2197 1608 2235 qni
1625 2205 1667 2227 ne
1679 2195 1772 2227 fami-

1093 2246 1274 2276 liarissimis
1296 2243 1427 2283 quidem
1453 2245 1566 2274 amicis
1584 2245 1649 2275 suis
1672 2242 1771 2285 Reip-

1095 2299 1223 2325 secreta
1245 2292 1420 2332 panderet.
1462 2297 1470 2310 ⁴
1487 2292 1686 2332 Deponere’
1717 2303 1774 2324 au-

1095 2348 1162 2374 tem
1182 2342 1269 2383 juris
1301 2340 1438 2371 verbum
1453 2345 1516 2380 est,
1530 2350 1591 2381 pro
1611 2341 1773 2372 custodias

1095 2391 1250 2423 tradere:
1275 2389 1364 2420 unde
1378 2388 1608 2428 ‘depositum’
1633 2389 1773 2421 Tou-rent.

1137 2441 1177 2470 47
1199 2440 1263 2470 Per
1285 2441 1381 2469 totum
1396 2437 1465 2476 hoc]
1488 2437 1555 2468 Per
1580 2440 1687 2468 totum
1711 2438 1774 2469 lion

1095 2489 1305 2529 septennium
1322 2486 1369 2518 fui
1389 2486 1493 2526 magis
1517 2496 1556 2518 ac
1572 2487 1674 2527 magis
1690 2487 1774 2519 invi-

1095 2538 1158 2569 diae
1171 2537 1359 2577 expositus.

1136 2589 1177 2617 48
1201 2586 1316 2616 Noster
1330 2585 1416 2615 ludos
1436 2585 1638 2626 spectaverat]
1661 2585 1672 2602 ‘
1689 2585 1774 2616 Nos-

1096 2640 1164 2667 tros
1179 2636 1187 2649 ’
1205 2638 1413 2673 vocamus,et
1431 2633 1485 2673 qui
1497 2634 1618 2664 nostris
1634 2635 1772 2675 propitii

1097 2689 1186 2722 sunt,
1201 2688 1236 2715 et
1252 2683 1306 2723 qui
1317 2683 1421 2713 nostri
1434 2682 1498 2713 loci
1514 2685 1614 2722 atque
1629 2682 1773 2714 ordinis:

1097 2739 1154 2765 aut
1167 2742 1246 2773 ergo
1263 2733 1303 2763 ad
1318 2731 1539 2764 Maecenatem
1559 2731 1633 2763 haec
1657 2731 1771 2763 referri
