1916 3262
485 289 690 323 noenu
723 285 995 319 meminus-1
1031 286 1125 316 mn.
1160 283 1228 314 ιιι.
1262 271 1329 313 16,

183 396 276 420 cere.
311 385 510 428 [Bamberg.
531 381 710 421 candidus]

224 441 244 470 7
269 438 354 477 Non,
368 435 498 478 siquid]
524 435 616 473 Non,
639 433 668 464 si
689 429 770 473 quid
793 429 874 462 satis

181 487 334 520 Pholoen
349 485 452 519 filiam
465 489 556 517 tuam
569 482 682 523 decet,
692 481 757 513 hoc
772 480 875 513 etiam

181 537 283 571 decet
298 542 345 569 te.
863 551 866 555 ·

224 590 246 619 8
268 587 356 619 Fata
379 583 508 624 rectius]
531 581 618 614 Filia
649 585 706 611 tua
737 578 864 610 rectius

181 647 282 679 quam
297 641 347 677 tu,
359 635 401 668 ad
408 635 572 676 juvenum
586 630 678 662 fores
694 630 784 661 ultro
800 638 876 660 eur-

182 688 238 723 rit.
258 687 361 728 inque
383 694 439 716 eas
459 681 630 722 irrumpit,
646 679 752 710 veluti
765 679 876 719 Thyas

182 736 310 769 Bacchi
335 734 508 774 sacerdos,
525 737 760 773 tympanorum
778 729 874 770 pulsu

181 785 366 818 concitata.

222 837 244 866 9
267 831 456 874 Expugvme]
482 831 559 864 Non
591 829 679 871 quod
709 829 876 870 juvenum

180 882 272 915 fores
288 883 332 923 vi,
346 882 505 914 manibus
520 885 579 912 aut
595 880 684 911 saxis
701 878 876 918 effringat3

178 933 239 964 sed
250 933 341 975 quod
352 932 500 964 mulieris
508 931 628 971 forma,
637 936 671 962 et
681 929 742 961 flos
753 929 878 968 aetatis,

178 983 350 1015 hastarum
374 987 411 1015 et
436 981 623 1023 gladiorum
642 980 761 1019 instar,
789 978 878 1009 viros

179 1032 284 1064 etiam
308 1030 599 1063 constantissimos
619 1028 809 1061 labefactet
837 1037 879 1060 ac

180 1086 386 1123 prosternat.
399 1081 508 1113 lamb.
546 1081 718 1120 Expugnat
727 1078 879 1116 juvenum

180 1133 300 1174 donnes]
315 1131 461 1164 Nullum
473 1135 543 1162 tam
555 1138 631 1160 esse
646 1128 879 1160 continentem

181 1181 322 1222 indicat,
336 1189 434 1221 quem
459 1178 589 1210 Pholoe
605 1187 671 1210 non
687 1177 788 1209 facile
802 1187 878 1219 per·

182 1234 304 1263 vertat.
334 1229 450 1261 Simile
464 1232 519 1260 est
533 1227 624 1268 quod
642 1227 813 1258 Venerem
828 1235 880 1258 lv.

182 1279 253 1313 Od.
271 1283 302 1312 1.
323 1279 416 1311 abire
442 1278 486 1310 ad
502 1279 667 1319 juvenum
691 1276 809 1309 domos
823 1277 879 1318 ju-

180 1330 254 1362 bet.
280 1329 422 1362 Torrene.

226 1381 266 1410 10
302 1377 419 1419 Thym]
463 1375 578 1408 Graeci
607 1374 687 1406 Θυὰς
715 1374 881 1413 scribunt,

179 1428 264 1469 παρὰ
277 1427 316 1458 τὸ
329 1425 403 1467 θύω,
413 1425 452 1456 τὸ
465 1426 556 1466 ὁρμῶ·
572 1424 662 1456 unde
674 1427 711 1455 et
723 1422 880 1454 Bacchus

180 1478 254 1520 ipse
273 1475 499 1518 ‘Thyoneus.'
759 1495 766 1502 .

225 1530 265 1559 11
292 1526 406 1567 Nothi]
434 1526 566 1558 Nothus
582 1528 637 1556 est
651 1532 775 1555 nomen
790 1532 880 1555 ama·

181 1577 276 1612 toris.

224 1632 264 1662 12
278 1627 424 1670 Capreoe]
433 1626 526 1659 Alibi
541 1635 654 1668 equae,
664 1624 746 1657 alibi
755 1625 879 1666 jiiven-

179 1688 244 1718 cae,
266 1679 322 1711 hic
344 1687 480 1719 capreae
508 1686 623 1708 amore
645 1675 880 1707 lascivientem

180 1729 327 1770 puellam
351 1731 540 1768 comparat.

223 1782 265 1812 la
290 1780 335 1811 Te
354 1779 435 1810 lanoe
453 1776 565 1818 prope]
587 1775 682 1806 AEtas
699 1779 758 1806 tua
772 1772 881 1805 lanifi-

184 1828 238 1860 cio
263 1828 371 1869 magis
398 1831 481 1868 apta
503 1829 567 1862 est,
594 1833 695 1865 quam
725 1823 818 1854 luxui
846 1826 882 1854 et

182 1877 354 1914 ebrietati.

228 1929 268 1959 14
294 1927 403 1958 Tonsae
417 1923 597 1965 Luceriam]
617 1923 764 1955 Solenne
781 1923 882 1958 euim,

183 1980 221 2008 ut
243 1975 482 2014 meretriculae,
507 1974 694 2005 inclinante
719 1977 835 2013 aetate,
862 1982 882 2003 a

181 2029 315 2067 quaestu
330 2024 387 2056 illo
409 2023 452 2055 ad
467 2024 578 2054 lanam
594 2031 634 2054 ac
648 2022 757 2054 colum
775 2026 881 2053 trans-

181 2079 275 2108 eant.
318 2073 447 2106 Tibnu.
468 2082 496 2105 1.
517 2075 550 2104 6.
577 2071 694 2103 ‘Nam
716 2081 791 2112 quae
812 2070 883 2103 fida

181 2124 250 2157 fuit
273 2123 370 2164 nulli,
398 2126 477 2164 post
503 2122 592 2153 victa
614 2125 754 2153 senecta
778 2120 883 2153 Ducit

178 2173 450 2215 inops‘tremula
474 2172 620 2203 stamina
644 2175 736 2205 torta
761 2169 884 2204 manu.’

180 2223 322 2256 Torreat.
365 2222 545 2260 Luceriam,
568 2220 646 2261 non]
669 2220 811 2252 Luceria
835 2220 882 2251 ci-

181 2273 268 2306 vitas
291 2277 345 2305 est
372 2271 525 2314 Apuliae,
549 2271 643 2302 circa
669 2280 770 2312 quam
794 2271 881 2302 lanae

182 2323 322 2365 optimoe
337 2321 580 2354 tondebantur.
624 2320 714 2351 Plin.
731 2329 813 2352 vm.
828 2322 882 2352 48.

227 2376 266 2406 15
290 2373 360 2404 Nec
373 2371 439 2412 flos
449 2379 624 2411 purpureus
637 2369 732 2409 rosoe]
747 2371 880 2401 sertum

184 2434 228 2456 ex
243 2423 342 2458 rosis.
726 2443 728 2445 >

228 2475 271 2509 16
292 2472 362 2503 Nec
375 2470 442 2511 poti
454 2468 607 2509 vetulam]
630 2469 705 2500 Nec
719 2468 807 2509 cadi,
822 2478 881 2510 po-

185 2524 250 2557 tati
265 2532 372 2565 usque
394 2522 438 2554 ad
458 2521 591 2560 faecem,
607 2525 642 2552 te
658 2522 805 2553 vetulam
823 2521 881 2552 de·

184 2577 277 2606 cent.
327 2570 485 2610 Ventum]
507 2571 564 2602 Sic
579 2570 656 2601 libri
680 2572 786 2603 nostri
812 2581 881 2602 om-

184 2633 256 2655 nes.
306 2622 417 2654 Vetula
438 2625 553 2652 tamen
581 2620 705 2660 legisse
721 2620 883 2652 videntur

184 2674 415 2714 Interpretes,
441 2680 517 2702 cum
539 2679 600 2710 per
615 2669 729 2707 [ιιι-ηπ
749 2671 884 2701 vetulam

183 2727 282 2755 vetus
310 2721 421 2753 viuum
444 2719 628 2761 significari
650 2720 758 2759 aiunt,
783 2724 883 2761 atque

183 2773 235 2806 ita
271 2771 436 2814 scriptum
466 2779 503 2801 se
533 2769 699 2810 reperisse
737 2773 885 2801 testatur

183 2821 277 2855 Guil.
294 2822 474 2862 canterus,
490 2829 553 2852 uec
569 2819 650 2851 mihi
670 2828 751 2852 saue
767 2819 884 2861 displi-

865 396 867 399 ·
923 382 991 411 cet·

1509 273 1621 315 1465

1051 378 1194 410 Vesulum
1222 375 1392 416 scripsere
1416 374 1473 415 qui
1503 375 1622 407 ultimo

924 438 1024 461 versu
1059 429 1114 460 secl
1148 436 1210 468 pro
1245 435 1300 458 nec
1336 423 1518 466 legendum
1547 433 1621 456 esse

924 477 1167 510 existimabant
1195 479 1232 508 et
1258 475 1414 507 bibacem
1443 483 1556 512 anum,
1584 478 1622 506 ut

924 528 1099 569 pleraeque
1127 529 1207 557 sunt
1231 534 1362 565 omues,
1386 523 1428 555 ab
1456 521 1626 554 amoribus

924 576 1078 618 ludisque
1093 575 1260 607 Venereis
1282 574 1324 606 ad
1346 573 1540 614 amphoram
1565 571 1623 604 ab·

925 628 1040 669 legari.
1063 627 1207 659 Torreat.

925 678 1008 710 Oui-2
1023 686 1100 709 xvi.
1129 674 1320 713 Ὕποθετική.
1366 674 1424 706 An
1439 675 1622 706 MAEceNA-

965 736 1055 760 τΕΜ.
1098 725 1193 758 Auro
1218 726 1331 757 omnia
1356 729 1492 766 patent,
1512 723 1625 755 Hora·

968 777 1036 809 tius
1051 785 1133 808 vero
1155 779 1337 807 contentus
1361 779 1415 806 est
1437 783 1498 805 sua
1521 776 1626 810 sorte,

967 826 1058 859 unde
1073 826 1193 858 beatus
1208 826 1337 857 existit.

968 881 986 910 1
1010 877 1165 909 Inclusum
1189 875 1339 916 Duna'e'n]
1371 874 1447 906 Hoc
1475 873 1624 906 carmine

925 937 1006 959 sane
1046 926 1250 968 pulcerrimo
1275 927 1423 966 primum
1453 925 1527 956 auri
1556 924 1623 955 vim

926 982 963 1010 et
986 976 1175 1018 potentiam
1195 975 1366 1007 ostendit:
1389 985 1469 1007 mox
1484 983 1633 1016 magnas·

927 1037 1010 1069 opes
1024 1027 1153 1069 absque
1168 1035 1290 1067 magna
1303 1025 1532 1057 sollicitudine
1547 1034 1628 1066 pos-

927 1078 1032 1111 sideri
1054 1087 1121 1110 nou
1143 1086 1244 1118 posse
1269 1075 1445 1116 adjiciens,
1465 1074 1626 1115 majorem

926 1130 962 1162 in
991 1128 1232 1161 mediocritate
1270 1125 1472 1157 felicitatem
1501 1123 1626 1156 consti-

929 1179 1009 1220 tuit,
1024 1188 1065 1210 ac
1080 1177 1219 1210 tandem
1234 1186 1295 1207 sua
1309 1185 1384 1207 sese
1404 1178 1497 1206 sorte
1511 1173 1628 1207 rebus-

929 1239 994 1271 que
1008 1228 1051 1261 ad
1067 1228 1248 1260 honestum
1264 1226 1344 1257 vitae
1359 1225 1494 1257 modum
1511 1223 1628 1256 aMae-

929 1283 1051 1312 cenate
1066 1277 1212 1312 donatis,
1237 1278 1434 1308 contentum
1450 1283 1523 1306 esse
1540 1283 1626 1314 prae-

929 1329 1034 1360 dicat.
1062 1328 1203 1359 Tor-rent.
1259 1324 1409 1365 Dana‘e’n]
1433 1323 1560 1356 Acrisii
1590 1323 1628 1355 fi-

928 1379 1020 1410 liam.

971 1430 992 1459 2
1013 1426 1154 1467 Vigilum
1166 1425 1292 1466 cauum]
1308 1425 1424 1456 Talem
1440 1423 1627 1456 custodiam

929 1477 1039 1508 minus
1054 1475 1244 1515 mirabitur,
1260 1475 1317 1516 qui
1340 1474 1383 1505 de
1404 1483 1525 1506 canum
1548 1473 1631 1514 fide,

929 1526 1063 1566 robore,
1089 1529 1194 1567 atque
1217 1524 1250 1555 in
1278 1523 1459 1565 pugnando
1486 1523 1629 1555 audacia

927 1577 1078 1609 Plinium
1094 1576 1291 1617 loquentem
1307 1573 1467 1613 audierit,
1479 1582 1563 1605 vm.
1576 1576 1630 1605 40.

971 1629 991 1658 3
1011 1627 1131 1658 Tristes
1143 1624 1296 1665 excubiae]
1311 1623 1366 1656 Ab
1382 1623 1526 1661 effectis,
1538 1624 1628 1666 quod

928 1676 1074 1710 Danaen
1090 1676 1222 1707 tristem
1237 1674 1434 1706 redderent.

972 1729 994 1757 4
1015 1724 1191 1765 Adulter-is]
1217 1723 1248 1755 A
1275 1722 1548 1764 corruptoribus,
1572 1723 1630 1764 qui

930 1779 1034 1807 noctu
1049 1774 1173 1815 saepius
1190 1773 1375 1806 ambulant.

974 1829 993 1856 5
1008 1824 1182 1864 Acrisium,
1195 1823 1332 1863 virginis
1346 1821 1477 1862 abditae]
1489 1821 1630 1854 Danaes

932 1878 1075 1914 patrem,
1101 1873 1160 1914 qui
1187 1881 1263 1904 eam
1288 1872 1454 1903 acerrima
1474 1871 1632 1904 custodia

931 1929 1063 1965 septam
1093 1922 1247 1962 tenebat,
1284 1922 1371 1964 quod
1404 1923 1448 1954 ab
1481 1922 1630 1954 Oraculo

932 1982 1130 2014 responsum
1161 1973 1299 2012 tulerat,
1322 1982 1359 2004 se
1384 1973 1428 2004 ab
1450 1981 1504 2013 eo,
1530 1972 1589 2014 qui
1611 1981 1631 2003 e

931 2023 1000 2058 filia
1015 2033 1076 2055 sua
1090 2027 1300 2058 nasceretur,
1316 2021 1537 2054 interfectum
1555 2022 1610 2053 iri.

974 2076 994 2104 7
1014 2072 1189 2114 Risissent]
1203 2072 1407 2103 Illusissent.
1453 2073 1534 2103 Fore
1549 2072 1632 2103 enim

931 2125 1046 2163 tutum,
1059 2122 1129 2162 ξω]
1146 2122 1308 2154 Sciebant
1321 2120 1405 2152 fore.
1436 2120 1563 2162 [Codd.
1577 2130 1632 2162 ap-

931 2172 1054 2212 Jaeck,
1068 2182 1104 2203 ac
1122 2171 1224 2204 Venus
1239 2170 1405 2211 Risisset.]

975 2225 996 2254 8
1030 2223 1181 2254 Conversa
1210 2221 1244 2253 in
1269 2222 1407 2263 pretium
1435 2221 1520 2263 Deo]
1553 2221 1631 2253 Non

931 2272 1023 2315 quod
1052 2273 1130 2304 Deo
1159 2271 1287 2314 aliquid
1316 2272 1537 2313 impervium;
1571 2272 1631 2302 sed

930 2322 1012 2364 quid
1043 2332 1105 2354 nos
1132 2322 1249 2354 fabula
1273 2323 1333 2354 illa
1357 2322 1494 2362 doceat,
1520 2321 1634 2363 aperit

932 2373 1118 2405 Horatius:
1151 2373 1233 2404 nihil
1259 2382 1333 2404 esse
1362 2372 1537 2413 pudicum,
1566 2380 1633 2412 quo

932 2422 1139 2454 dedecorum
1170 2423 1342 2463 pretiosus
1367 2427 1503 2463 emptor
1537 2431 1634 2454 acce-

932 2472 1014 2503 dat:
1039 2477 1076 2503 ut
1099 2471 1188 2503 enim
1214 2471 1369 2502 omnibus
1386 2472 1420 2502 in
1435 2480 1494 2502 ore
1509 2475 1575 2506 est,
1596 2474 1634 2500 et

931 2521 1047 2552 Sacrae
1069 2520 1171 2551 etiam
1193 2524 1366 2552 testantur
1388 2521 1527 2558 litteroe,
1546 2523 1555 2536 ‘
1574 2528 1634 2559 pe-

933 2570 1042 2603 cuniae
1065 2569 1231 2601 obediunt
1246 2570 1358 2600 omnia
1368 2569 1390 2599 :¹
1414 2568 1504 2610 quod
1519 2568 1634 2608 lepido

933 2621 992 2652 illo
1018 2628 1118 2651 versu
1140 2618 1291 2659 explicat
1312 2617 1485 2657 Aristoph.
1502 2617 1534 2648 in
1551 2618 1633 2649 Plu-

934 2674 991 2701 to:
1007 2668 1154 2700 Ἀπαντα
1169 2668 1218 2707 τῷ
1231 2668 1381 2698 πλουτεῖν
1400 2666 1461 2707 γὰρ
1477 2665 1539 2698 ἔσθ’
1554 2666 1631 2705 ὑπή-

934 2731 1002 2751 κοα.
1018 2720 1163 2754 Tor-rent.
1209 2718 1249 2749 In
1261 2719 1396 2759 pretium
1410 2716 1493 2758 Deo]
1516 2717 1559 2749 In
1572 2727 1630 2749 au-

934 2778 1020 2802 rum.

979 2822 1020 2853 10
1042 2819 1139 2852 Arme
1167 2818 1258 2860 saxo]
1288 2819 1381 2852 Solet
1411 2827 1632 2860 perrumpere
