1904 3216
454 298 663 332 nomm-11
697 297 974 329 sannionum
1012 296 1108 326 ma.
1143 295 1194 325 11.
1223 284 1269 325 2.

127 401 195 424 non
218 391 327 424 bene:
353 401 430 423 suos
446 392 535 423 enim
553 389 750 432 alloquitur,
769 388 829 419 da·

127 448 222 474 turus
247 448 437 484 precepta,
455 446 494 473 ut
507 451 584 472 mox
601 440 675 472 Sat.
692 446 748 470 ιιι.
770 440 780 456 ⁸
795 438 827 470 Ο

127 493 228 532 bone,
245 501 290 524 ne
307 496 344 524 te
366 490 572 524 Fruar-eree
593 490 682 520 Torr.
726 488 828 528 Boni]

128 542 225 575 Ordo
252 548 322 575 est:
354 543 386 575 Ο
413 542 506 584 boni,
531 541 638 573 dicite
662 548 740 580 quae
764 539 828 570 vir·

128 597 199 632 tus,
213 592 278 625 &c-

166 646 188 675 2
213 643 283 675 Nee
295 651 382 675 neas
394 641 447 673 hic
460 639 575 680 sermo]
598 639 669 670 Per
683 647 827 680 occupa·

125 693 278 725 tionem:
303 700 373 734 qua
398 700 466 722 nou
489 689 680 722 inconsulto
695 689 768 721 haec
783 690 827 720 de

121 739 318 781 frugalitate
327 745 503 782 pmeepta
512 739 674 771 Horatius
683 744 827 779 accepta

124 791 232 824 refert
247 789 364 824 Ofello
385 790 525 830 rustico,
548 798 590 820 ne
617 787 727 819 minus
751 788 826 828 ipse

123 846 320 882 temperans
345 839 452 883 (quod
471 838 704 879 Damasippus
719 837 751 869 ei
766 838 826 870 ob·

114 890 195 931 jieit
206 890 332 931 Satyra
344 887 522 930 sequenti)
546 889 628 919 alios
645 887 825 919 tenuitatis

120 939 156 970 in
179 939 250 971 vita
273 939 454 971 servandae
476 943 606 970 temere
622 945 759 968 monere
774 937 825 968 di-

121 994 242 1021 catur:
264 998 341 1021 nam
356 988 439 1020 nibil
454 992 510 1019 est
535 986 700 1026 insanius,
723 995 825 1028 quam

121 1039 292 1080 castigare
308 1039 406 1077 alios,
432 1038 549 1079 eisque
570 1035 635 1068 hoc
651 1035 735 1067 vitio
751 1044 825 1067 ver-

122 1095 209 1132 tere,
234 1090 332 1131 eujus
357 1090 431 1130 ipse
453 1087 722 1120 criminationem
739 1085 824 1118 effu-

121 1149 203 1181 gere
215 1149 284 1171 nou
301 1139 418 1181 possis.
442 1139 538 1179 Cruq.
583 1138 684 1174 Quem
707 1147 822 1178 proece-

117 1189 184 1231 pit]
205 1189 289 1221 Tres
304 1189 390 1221 Mss.
407 1199 477 1230 quoe
496 1188 655 1229 pracepit.
702 1188 824 1227 Recte,

121 1245 159 1271 ut
172 1238 322 1272 arbitror
333 1249 343 1279 ;
353 1239 475 1280 'placet
485 1238 574 1270 euim
590 1238 647 1269 illa
663 1237 825 1279 loquendi

122 1289 284 1329 varietas,
305 1299 380 1332 quat
407 1288 527 1321 lectori
552 1297 706 1319 somnum
722 1297 824 1320 excu-

121 1339 198 1371 tiat.
218 1338 311 1370 Tm.
348 1338 523 1379 Praecepit]
540 1338 824 1370 Praemoustravit

120 1393 156 1420 et
170 1387 303 1420 docuit.

162 1442 182 1471 8
199 1439 367 1472 sonan-mia
380 1439 520 1482 sapiens]
543 1440 639 1471 Bene
654 1438 726 1470 liaec
741 1447 822 1470 con-

114 1489 230 1530 jungit
246 1489 442 1529 Rabirius,
454 1489 622 1521 Aluum-mis
635 1490 772 1529 sapiens,
787 1488 821 1519 id

118 1544 186 1580 est,
199 1539 335 1580 sapiens
350 1539 502 1582 quidem,
519 1539 579 1570 sed
597 1547 664 1569 nou
681 1538 723 1569 ad
739 1538 821 1569 Phi-

117 1588 335 1630 losophorum
362 1597 538 1626 normam;
561 1588 678 1629 quales
704 1587 820 1618 Fabri-

117 1638 204 1680 cius,
218 1639 355 1671 Curius.
402 1638 519 1680 Atque
546 1638 594 1669 ita
616 1637 757 1679 quidem
783 1643 821 1670 et

117 1688 331 1729 probatiores
373 1688 522 1720 codices.
587 1687 630 1718 ln
671 1691 818 1728 quatuor

117 1743 233 1770 tamen
274 1738 440 1778 scriptum
477 1736 628 1777 repperi,
662 1736 818 1767 Almormi

115 1787 240 1828 sapien
261 1795 426 1827 “umque
447 1786 609 1824 Minerva,
632 1784 707 1815 sine
728 1794 819 1816 com·

117 1843 232 1868 mate:
249 1841 288 1868 ut
302 1841 343 1868 ut
357 1836 414 1875 sit,
427 1839 546 1866 errant
562 1834 708 1875 turpiter
723 1839 818 1866 vete·

118 1895 174 1917 res
189 1885 428 1924 Grammatici,
440 1885 498 1926 qui
513 1885 601 1916 bunc
615 1882 766 1916 Ofellum
782 1889 818 1916 et

115 1935 270 1967 Stoicum
285 1939 321 1966 et
334 1934 539 1976 scriptorem
557 1932 698 1969 faciunt,
717 1942 818 1974 quem

117 1994 162 2016 ex
187 1983 302 2016 medio
324 1993 402 2015 rure
424 1983 571 2015 accersit
587 1983 763 2020 Horatius,
779 1987 818 2015 ιιι

117 2034 275 2066 Cerviurn
289 2034 383 2065 illurn
398 2034 470 2066 Sat.
487 2042 540 2064 vr.
567 2033 656 2064 Torr-
702 2033 818 2064 Crasse

116 2084 281 2125 Minerva]
308 2083 559 2125 Philosophiam
582 2082 731 2114 moribus
756 2092 815 2114 ex-

116 2133 526 2173 primentem‚uequetam
534 2131 815 2172 disertnn1‚quam

115 2181 304 2223 siruplieem
319 2191 360 2213 ac
373 2181 553 2213 sincerum.
567 2181 728 2211 Erasmus.
749 2180 815 2211 Ab·

113 2231 231 2263 waic
242 2229 379 2272 sapiens]
407 2229 566 2271 Sapiens,
590 2229 652 2260 sed
678 2238 744 2260 non
761 2238 814 2261 se—

114 2280 262 2313 eundum
292 2289 442 2313 normam
470 2279 649 2320 sapientise
676 2279 813 2312 Stoicae.

116 2329 291 2370 Crassaque
302 2327 467 2368 Minerva]
488 2327 658 2360 Doctrina
672 2337 739 2359 nou
754 2337 814 2359 ex-

115 2379 241 2411 cultus.·
295 2377 422 2418 [codd.
452 2377 547 2416 Feoe,
579 2376 730 2416 abnormi,
761 2378 814 2409 vel

114 2427 281 2467 nummis-1

157 2480 180 2510 4
202 2478 279 2509 Non
292 2477 376 2509 inter
389 2475 508 2516 lances]
545 2475 696 2508 Remotis
721 2476 814 2516 prius

116 2527 158 2559 iis
185 2537 263 2569 quae
293 2531 373 2558 sunt
402 2537 478 2558 cum
508 2527 588 2557 luxu
618 2526 814 2567 conjuncta,

118 2577 239 2618 quibus
253 2577 348 2617 capti
372 2584 502 2616 sensus,
517 2580 553 2607 et
568 2575 665 2616 quasi
682 2575 815 2608 blandis

118 2626 319 2668 quibusdam
335 2626 463 2667 laqueis
479 2625 616 2663 irretiti,
629 2629 761 2656 rectum
777 2626 814 2657 il-

117 2677 189 2707 lum
209 2675 309 2707 animi
334 2675 445 2707 lumen
461 2675 509 2707 ita
523 2674 674 2714 sopiunt,
690 2679 729 2705 ut
744 2683 815 2706 um—

115 2726 211 2758 bram
236 2735 299 2767 pro
323 2734 479 2767 corpore,
503 2734 566 2767 pro
586 2734 668 2757 vero
691 2725 815 2758 falsum

115 2776 377 2815 exosculeutur3
400 2775 523 2807 statuit
544 2775 744 2816 impransos,
764 2785 813 2808 so.

115 2826 206 2859 brios
227 2830 262 2858 et
286 2825 376 2868 frugi
400 2826 552 2859 homines
574 2826 736 2858 accedere
753 2826 811 2858 de-

1469 284 1582 326 1679

881 389 960 420 bere
990 389 1032 420 ad
1063 386 1317 430 cognoscendas
1343 387 1414 428 ejus
1441 386 1580 418 virtutis

880 440 981 478 vires,
1003 448 1077 479 quae
1095 447 1203 478 parvo
1219 438 1332 469 vivere
1340 437 1454 478 jubet.
1480 437 1578 476 Cruq.

877 489 1022 530 Lam-eis,
1036 488 1231 528 nien-sasque]
1246 487 1338 519 Vasa
1353 487 1502 528 pretiosa
1516 495 1580 527 pre

878 541 1001 581 epulis.
1046 540 1174 572 Menses
1183 538 1333 580 nitentes]
1357 538 1496 570 Meum
1506 537 1580 578 opi-

878 601 990 632 paras.

920 647 938 673 5
964 643 1069 678 Quum
1081 644 1183 682 stupet
1201 640 1320 672 insanis
1339 639 1420 671 acies
1435 637 1580 677 fulgori·

877 691 948 732 bus]
964 693 974 710 ‘
987 690 1168 722 Insanum’
1186 699 1344 722 vocamus
1356 687 1515 730 quicquid
1529 688 1580 718 ni-

875 741 979 772 mium
992 746 1028 772 et
1044 740 1257 771 immensum.
1279 739 1356 770 Tali
1371 748 1451 774 ergo
1464 739 1579 778 splen-

875 791 958 822 dore
987 794 1128 831 stupere
1155 794 1259 829 atque
1293 788 1479 819 hebescere
1507 791 1578 818 tam

874 841 1047 872 oculorum
1063 849 1161 880 quam
1177 837 1303 879 ingenii
1317 837 1424 868 aciem
1438 845 1578 867 necesse

875 894 927 922 est
942 901 951 921 :
967 899 1057 926 uam.
1073 894 1111 921 ut
1127 889 1292 929 praeelare
1308 887 1356 919 ait
1370 885 1577 918 Aristoteles

874 940 934 973 lib.
948 949 1005 972 ιιι.
1020 940 1064 972 de
1082 939 1218 977 Anima,
1241 937 1363 970 Παντὸς
1387 936 1444 977 μὲν
1470 937 1576 975 αἰσθη-

873 993 931 1023 τοῦ
962 991 1120 1031 ὑπερβολὴ
1149 989 1266 1030 φθείρει.
1301 988 1341 1020 τὸ
1370 987 1577 1028 αἰσθητήριον.

878 1043 969 1074 Torr.
1014 1042 1110 1073 Acies
1127 1039 1321 1080 fulgoribus,
1335 1042 1366 1071 et
1381 1039 1465 1080 oum]
1490 1039 1575 1070 Cum

875 1092 1046 1123 oculorum
1062 1096 1099 1122 et
1109 1090 1231 1122 mentis
1245 1090 1348 1127 acies,
1356 1089 1407 1130 (id
1421 1093 1486 1125 est,
1498 1098 1575 1120 cum

869 1141 1039 1182 judicium
1051 1139 1212 1182 rationis)
1226 1140 1296 1172 auri
1314 1144 1351 1170 et
1365 1139 1500 1180 argenti
1511 1138 1577 1170 ful-

875 1192 1012 1231 goribus
1028 1191 1241 1223 obtunditur.
1264 1190 1367 1231 [Dum
1377 1193 1483 1231 stupet
1494 1190 1575 1222 Vat.

874 1241 973 1273 Rom.
995 1241 1064 1282 10.]

915 1293 936 1322 6
959 1290 1114 1330 Acclinis]
1139 1290 1247 1321 Vetus
1271 1288 1456 1331 scriptura,
1476 1291 1575 1322 adcli-

871 1340 922 1372 nis
931 1351 944 1378 ,⁴
959 1350 1044 1372 unus
1059 1341 1163 1372 etiam
1176 1339 1328 1371 adelinus.
1359 1340 1499 1372 Ace-linis
1515 1340 1575 1380 igi-

873 1395 929 1422 tur
944 1392 996 1422 vel
1011 1391 1144 1422 adclinis
1158 1390 1282 1431 ubique
1298 1390 1474 1430 scribitur,
1496 1400 1574 1421 nus-

871 1450 970 1481 quam
985 1441 1129 1472 acclivis.-
1146 1439 1430 1481 quemadmodum
1447 1448 1511 1470 nec
1525 1449 1575 1471 re-

868 1491 969 1530 ditis,
990 1491 1050 1522 sed
1075 1490 1213 1522 reclinis.
1237 1489 1328 1520 unde
1342 1489 1458 1520 acelino
1474 1495 1511 1521 et
1524 1500 1574 1521 re-

867 1540 961 1571 cliuo.
1007 1541 1102 1581 Virg.
1127 1548 1164 1572 x.
1187 1541 1196 1556 ‘
1211 1540 1412 1581 Corpusque
1434 1540 1574 1571 levabat

869 1588 1010 1620 Arboris
1037 1590 1176 1621 acclinis
1202 1588 1350 1620 trunco.'
1373 1589 1464 1620 Torr.
1508 1591 1572 1621 Ae-

867 1638 1060 1677 clinisfaleis
1071 1638 1207 1679 animus]
1226 1636 1433 1671 Incumbens
1445 1645 1482 1671 et
1495 1650 1572 1680 pro-

869 1695 994 1728 pensus
1009 1688 1051 1718 ad
1068 1688 1322 1719 assentiendum
1347 1688 1457 1729 falsis,
1480 1690 1571 1730 quod

868 1738 975 1768 multo
999 1737 1077 1768 cibo
1092 1737 1236 1777 repletis
1250 1736 1390 1768 accidit.
1436 1738 1572 1770 Meliora

868 1785 1006 1825 recuset]
1032 1786 1158 1818 Veram
1174 1786 1338 1817 virtutem
1356 1786 1524 1827 repudiet.

911 1838 932 1866 7
956 1834 1130 1876 Impransi]
1152 1835 1282 1876 Jejuni,
1298 1836 1422 1876 integri
1433 1837 1570 1878 judicii.

871 1887 938 1918 Cur
960 1885 1032 1926 hoc]
1055 1887 1125 1918 Cur
1151 1886 1250 1917 velim
1275 1889 1312 1917 ut
1335 1886 1496 1927 impransi
1512 1897 1570 1919 ve-

868 1945 941 1967 rum
959 1935 1120 1967 discatis?

911 1988 932 2016 8
954 1985 992 2017 Si
1005 1985 1131 2026 potero]
1150 1986 1206 2017 Ita
1219 1984 1352 2026 praefari
1368 1985 1485 2017 decuit
1498 1996 1570 2019 rus-

867 2035 971 2067 ticum
987 2036 1176 2067 sententias
1191 2036 1396 2068 locuturum.
1422 2036 1568 2069 Tor-rent.

909 2089 931 2117 9
963 2087 1136 2128 Corruptus
1161 2086 1278 2126 judex]
1316 2086 1461 2118 Qualem
1490 2096 1568 2118 eum

866 2144 941 2166 esse
960 2145 1099 2167 necesse
1121 2142 1187 2174 est,
1209 2136 1266 2177 qui
1290 2135 1454 2175 tibicinis,
1476 2137 1567 2177 quod

865 2184 972 2225 aiunt,
998 2185 1100 2216 vitam
1126 2186 1254 2225 vivens,
1279 2189 1316 2217 et
1338 2190 1406 2216 tam
1432 2185 1568 2226 ingenio

864 2243 964 2275 quam
975 2235 1131 2276 eorporis
1147 2235 1302 2266 sensibus
1313 2235 1402 2266 inter
1413 2234 1567 2266 assiduas

865 2285 983 2324 epulas
1019 2285 1221 2328 belgescensx,
1256 2285 1299 2315 de
1338 2285 1568 2325 temperantia

865 2333 966 2371 agere
982 2333 1142 2364 institnit.
1186 2334 1276 2364 Nam
1292 2334 1302 2351 ‘
1318 2333 1450 2374 Corpus
1465 2343 1567 2365 onus-

865 2385 937 2411 tum
957 2379 1137 2412 Hesternis
1161 2382 1252 2412 vitiis
1267 2382 1414 2413 animum
1431 2393 1566 2423 quoque

865 2430 1081 2470 praegravat.’
1125 2431 1323 2470 Notumque
1348 2431 1431 2462 illud
1458 2433 1565 2463 omui-

864 2479 926 2510 bus
941 2479 1170 2518 proverbium,
1179 2480 1303 2518 Παχεῖα
1312 2479 1436 2520 γαστὴρ
1446 2480 1566 2511 λεπτὸν

864 2527 901 2557 οὐ
914 2527 1013 2558 τίκτει
1028 2526 1109 2558 νόον.
1126 2527 1226 2559 Idem.
1266 2529 1437 2569 Corruptus
1447 2529 1566 2572 judex]

863 2577 920 2608 Sic
938 2578 1068 2608 animus
1090 2577 1166 2608 cibo
1193 2583 1344 2618 potuque
1373 2578 1564 2618 confertus,

865 2637 981 2658 verum
1019 2637 1039 2658 a
1074 2625 1161 2659 falso
1198 2628 1408 2669 distinguere
1443 2631 1563 2662 nescit.

865 2677 1014 2718 Leporem
1027 2677 1180 2717 sectatus]
1202 2678 1370 2718 Leporem
1387 2686 1539 2712 venatus.

909 2730 949 2758 10
971 2727 1115 2758 Romana
1129 2727 1254 2767 fatigat
1279 2728 1419 2770 Militia]
1442 2729 1563 2761 Omnis

862 2777 997 2817 quidem
1014 2776 1181 2808 laboriosa
1196 2777 1329 2818 militia,
1340 2778 1401 2810 sed
1414 2780 1561 2811 maxime

864 2827 1028 2868 Romana,
1042 2831 1079 2859 ut
1097 2826 1203 2868 Epod.
1217 2828 1269 2860 ιτ.
1305 2828 1316 2846 ⁴
1333 2827 1416 2860 Fert
1438 2828 1560 2860 vanum
