1916 3262
421 294 630 326 Hous'rn
663 295 938 327 CARMINUM
974 298 1069 328 Lm.
1102 298 1178 330 111.
1209 288 1283 330 29.

115 388 258 421 tollunt.

159 440 199 470 14
222 438 414 481 Mundoeqioe
434 438 549 481 parvo]
573 437 689 469 Caenoe
704 436 819 479 fruga-

113 488 176 527 les,
189 498 266 530 quae
291 494 372 521 sunt
396 498 510 531 neque
534 486 690 523 sordidae,
708 497 821 530 neque

112 538 212 570 nimis
226 544 448 580 sumptuosae.

157 591 197 619 15
238 588 350 629 ostro]
388 588 471 620 Sine
502 586 655 619 vestibus
689 597 820 628 purpu-

117 646 198 670 reis.

159 690 201 719 16
243 687 420 720 Sollicitam
456 687 633 728 explicuere
659 686 820 728 frontem]

115 736 278 770 Frontem
293 738 426 770 tristem
450 737 684 769 exhilararunt
700 747 708 768 ε
734 737 821 768 laeti-

114 787 163 818 tia
177 785 326 819 frontem
354 788 518 829 explicat,
534 788 697 819 moestitia
713 788 748 818 in
766 797 820 818 ru·

115 846 179 876 gas
218 837 400 869 contrahit.
449 838 634 878 Explicuere
662 836 821 878 frontem]

111 885 311 925 ‘Explicare
321 885 331 900 '
345 891 382 918 et
395 890 405 905 ¹
416 887 641 928 exporrigere
654 885 802 918 frontem
812 886 821 900 ’

113 934 246 967 laetitioe
262 936 393 976 signum
408 940 474 976 est,
498 937 508 954 ‘
523 937 729 968 contrahere
742 937 751 950 ’
771 936 821 967 di-

117 994 266 1017 versum.
310 986 363 1018 Ex
387 985 501 1018 fronte
526 991 623 1018 certe
645 997 713 1028 quo
728 986 820 1028 quis-

113 1044 180 1075 que
197 1035 311 1067 auimo
327 1036 371 1067 sit
388 1037 610 1077 perspicitur.
637 1037 727 1068 Torr.

157 1086 196 1115 17
220 1085 435 1118 Andromedes
455 1086 561 1127 pater]
584 1085 821 1119 Andromedes

117 1133 249 1175 Cephei
264 1134 461 1176 AEthiopum
483 1136 572 1176 regis
597 1145 640 1167 ex
657 1136 822 1177 Cassiope

112 1183 196 1221 filia,
221 1184 352 1216 Perseo
366 1195 386 1216 a
400 1194 467 1226 quo
483 1185 630 1217 liberata
646 1190 721 1218 erat
737 1195 822 1227 nup-

114 1235 184 1268 sit:
219 1245 259 1267 ac
289 1236 428 1268 tandem
459 1235 624 1268 beneficio
651 1237 820 1268 Minervae

114 1291 151 1318 et
168 1287 242 1328 ipse
257 1291 294 1319 et
307 1288 477 1329 Cepheus,
491 1297 557 1318 una
570 1297 647 1319 cum
664 1297 771 1319 uxore
784 1293 820 1319 et

113 1335 194 1372 filia,
211 1337 244 1368 in
260 1338 383 1369 eoelum
399 1337 538 1377 sublati,
549 1342 585 1368 et
598 1338 699 1368 astris
714 1338 820 1368 inser-

114 1387 141 1419 ti
155 1391 248 1418 sunt.
292 1387 339 1418 Et
353 1387 510 1426 Cepheus
530 1386 668 1427 quidem
686 1397 706 1417 a
722 1392 819 1426 tergo

113 1435 253 1468 minoris
275 1445 365 1467 ursae
390 1435 612 1476 constitutus,
630 1441 666 1468 et
690 1436 818 1468 circulo

113 1485 254 1518 Arctico
270 1485 319 1518 ita
334 1485 500 1525 inclusus,
511 1490 549 1517 ut
565 1491 693 1527 praeter
710 1491 817 1527 caput

113 1542 149 1568 et
179 1537 338 1568 humeros
367 1537 442 1578 ejus
471 1536 555 1568 nihil
581 1537 742 1568 occidere
769 1537 818 1567 vi-

113 1586 247 1619 deatur.
276 1587 430 1629 Eamque
443 1587 488 1619 ob
504 1597 650 1623 causam,
667 1592 705 1619 ut
722 1592 817 1628 puto,

111 1638 264 1670 oecultum
287 1638 394 1678 ignem
420 1638 509 1670 dixit
533 1637 712 1669 Horatius.
741 1638 818 1669 Tor-

111 1692 194 1720 rent.
229 1688 399 1730 Cruquius
416 1687 559 1729 exponit
570 1689 733 1727 occultum,
745 1697 819 1718 cor·

112 1739 254 1780 poribus
281 1738 432 1778 noxium,
457 1747 499 1770 eo
523 1738 615 1779 quod
639 1747 679 1768 ea
706 1732 820 1767 sidera

112 1797 156 1820 ex
171 1788 308 1820 occulto
334 1787 476 1820 laedant.
520 1787 638 1827 Pater]
661 1786 819 1826 Cepheus

114 1837 311 1878 AEthiopum
337 1846 400 1868 rex
436 1837 528 1868 inter
565 1835 686 1876 sydera
717 1835 820 1866 collo-

116 1890 228 1917 catus.

158 1937 200 1966 18
224 1933 372 1966 Ostendit
398 1932 521 1973 ignem]
550 1933 746 1964 Denuntiat
776 1942 820 1963 as-

117 1989 251 2017 ststem.
297 1984 440 2025 Procyon
474 1981 579 2022 furit]
618 1981 820 2013 Anticanis:

118 2036 217 2067 stella
233 2039 288 2067 est
303 2044 382 2076 quae
397 2038 477 2065 ante
489 2033 689 2064 Caniculam
701 2033 821 2063 oritur.

115 2085 375 2126 [Procyonfiegit
390 2082 624 2115 Schoenborn.
641 2081 691 2122 2.]

161 2138 202 2167 19
226 2136 270 2167 Et
283 2134 389 2175 stella]
412 2135 554 2174 Signum
571 2131 820 2173 septentriona-

115 2185 160 2222 le,
190 2185 225 2216 iu
259 2194 327 2226 quo
354 2183 393 2215 fit
428 2183 610 2215 solstitium
648 2181 817 2213 aestivum.

91 2268 95 2270 ,
117 2235 285 2277 [Guelph.
299 2234 416 2266 oexani
435 2233 560 2273 leonis-J

158 2288 203 2317 20
225 2284 345 2325 Siccos]
371 2285 455 2316 DIes
480 2288 656 2315 aestnosos.
700 2281 820 2322 [Bam-

118 2334 214 2375 berg.
227 2334 334 2366 ἀίων.
347 2333 473 2373 siccae]

161 2387 203 2416 21
225 2383 408 2424 Languida]
423 2383 538 2422 Grege
551 2385 638 2412 oestu
651 2379 730 2411 solis
743 2378 819 2411 fati-

145 2438 214 2466 ato.

121 2444 144 2475 g
163 2483 206 2512 22
222 2481 356 2512 Horrida·
371 2479 518 2521 Syloani]
538 2478 596 2510 Sic
612 2478 696 2510 libb.
711 2478 821 2510 nostri

121 2539 261 2568 omnes;
285 2529 468 2560 Lambinus
493 2528 594 2559 etiam
610 2527 736 2559 horr-ida
753 2527 821 2568 legi

122 2579 280 2612 affirmat.
316 2579 326 2597 ‘
339 2577 525 2619 Sylvanos’
550 2582 664 2609 autem
680 2587 756 2608 cnm
772 2577 822 2607 di-

123 2630 184 2670 cit,
200 2634 310 2662 totum
325 2627 408 2659 illud
422 2626 646 2668 capripedum
658 2635 763 2666 genus
774 2626 823 2657 in-

123 2679 261 2719 telligit.
287 2678 432 2710 Torreat.

166 2732 209 2760 23
247 2727 394 2769 Sylvam']
438 2727 584 2768 Sylvano
625 2728 825 2756 consecrata

125 2783 205 2811 sunt
230 2779 381 2818 dumeta,
404 2787 479 2819 quae
503 2786 565 2808 sua
588 2775 756 2808 densitate
772 2783 824 2806 so·

127 2829 194 2864 lom
209 2828 408 2861 excludunt.

1462 292 1575 334 1491

914 392 957 421 24
983 389 1153 422 Taciturna
1177 390 1298 430 ventis]
1321 391 1479 423 Murmur
1510 404 1576 428 non

871 437 977 470 edens
994 449 1004 469 ε
1027 439 1198 480 significat
1221 439 1323 481 poeta
1349 445 1484 482 tempus
1500 452 1579 475 ven-

872 493 983 520 tosum
1006 489 1078 530 jam
1110 491 1297 522 transiisse.
1347 491 1450 532 [Ripa
1478 495 1579 533 magis

870 538 1104 571 Schoenborn.
1116 540 1167 581 2.]

914 591 956 620 25
982 590 1028 620 Tu
1055 589 1232 628 civitatem]
1261 590 1349 622 Vide
1380 601 1483 632 supra
1507 592 1577 625 Od.

871 641 904 670 8.
928 643 937 657 ⁸
949 639 1054 671 Mitte
1070 639 1188 671 civiles
1210 649 1313 681 super
1329 640 1414 672 urbe
1431 642 1554 674 θυι-833

913 692 955 720 27
977 689 1084 729 Seres,
1108 692 1138 721 et
1161 689 1310 730 regnata]
1333 690 1456 731 Populi
1482 692 1574 722 Asiae

870 739 1056 781 Scythicae,
1083 744 1120 772 et
1153 750 1172 771 a
1195 740 1281 772 Sera
1311 740 1397 772 urbe
1428 740 1478 772 sic
1502 741 1575 772 dic-

872 789 911 821 ti.

913 842 957 872 28
978 839 1100 871 Bactra
1127 839 1254 881 parent]
1275 840 1328 871 Tu
1353 849 1466 878 curas,
1490 840 1572 881 quid

872 889 986 931 Seres,
1007 895 1043 922 et
1063 891 1193 922 Bactra
1218 895 1427 931 praeparent,
1449 890 1483 921 in
1499 891 1574 932 qui-

872 939 935 971 bus
951 940 1060 981 Cyrus
1085 940 1265 982 regnabat.
1312 940 1486 981 Tanaisque
1509 941 1574 972 ‹Iis-

870 990 954 1030 cors]
976 990 1034 1023 Ob
1060 991 1206 1031 Scythas
1234 995 1317 1022 tunc
1342 1001 1418 1022 cum
1436 991 1573 1022 Parthis

871 1041 1054 1083 Medisque
1067 1042 1313 1082 discrepantes.
1335 1041 1346 1060 ⁴
1355 1041 1554 1081 Scythicum
1567 1041 1574 1054 ’

872 1095 965 1122 certe
995 1091 1170 1123 ‘amnem'
1194 1092 1275 1122 alibi
1304 1091 1468 1131 appellat.
1498 1091 1574 1122 Tor-

870 1144 951 1173 rent.
976 1142 1147 1182 Tanaisque
1157 1141 1292 1181 discors]
1309 1140 1443 1172 Fluvios
1455 1140 1572 1172 Asiam

871 1190 914 1221 ab
939 1191 1080 1231 Europa
1102 1191 1342 1222 disterminans
1366 1190 1424 1231 qui
1447 1191 1574 1230 perluit

871 1241 1015 1281 populos
1030 1240 1218 1278 discordes,
1233 1245 1269 1272 et
1284 1240 1538 1280 belligerantes.

913 1292 954 1320 30
980 1290 1160 1329 Caliginosa
1179 1289 1284 1330 nocte]
1308 1289 1447 1321 Exitum
1474 1288 1572 1321 nobis

868 1339 1021 1380 ignotum
1038 1340 1156 1370 volvit.

912 1391 952 1418 81
981 1387 1089 1426 Ultra]
1111 1388 1211 1419 Ultra
1235 1387 1283 1427 id,
1309 1386 1400 1428 quod
1423 1388 1454 1419 ei
1480 1388 1575 1425 licet,

868 1436 1014 1468 laborat.
1058 1436 1185 1477 [Codd.
1210 1445 1264 1476 ap.
1280 1437 1402 1471 Jaeck,
1426 1438 1574 1468 mortales

867 1496 899 1517 u.
925 1486 967 1518 F.
998 1487 1180 1527 trepidatum
1211 1487 1277 1527 vel,
1305 1487 1446 1518 mortalis
1471 1497 1503 1518 u.
1533 1487 1570 1518 F.

866 1537 1031 1577 trepidet]

907 1590 950 1618 32
975 1588 1067 1623 Quod
1087 1589 1190 1627 adest,
1215 1590 1376 1623 memento,
1399 1587 1469 1627 ξω]
1495 1587 1571 1618 Mo-

867 1642 949 1668 nent
963 1638 1035 1668 haec
1052 1636 1373 1678 proverbiaeraecis
1386 1636 1573 1675 celebrata,

866 1686 905 1717 τὸ
919 1686 1017 1726 παρὸν
1031 1686 1176 1725 εὐποιεΐν,
1202 1685 1252 1717 καὶ
1272 1685 1310 1716 τὸ
1330 1684 1428 1725 παρὸν
1443 1683 1478 1715 εὖ
1490 1686 1571 1716 τιθέ-

868 1745 926 1767 ναι·
951 1745 1074 1776 nempe
1092 1741 1143 1775 ut,
1159 1735 1250 1776 quod
1267 1734 1380 1772 adest,
1396 1734 1474 1765 boni
1492 1744 1572 1766 con-

869 1786 1016 1816 sulamus
1047 1785 1216 1825 rebusque
1255 1783 1479 1824 praesentibus
1516 1793 1572 1815 ac-

869 1835 1094 1876 quiescamus.
1141 1835 1230 1867 Nam
1249 1839 1284 1865 et
1299 1834 1390 1875 quod
1405 1835 1574 1873 praeteriit

870 1884 982 1916 redire
995 1884 1124 1926 nequit,
1139 1888 1176 1915 et
1191 1883 1308 1915 futura
1322 1884 1356 1914 iu
1373 1888 1488 1915 nostra
1505 1894 1572 1916 non

871 1938 951 1966 sunt
985 1938 1172 1975 potestate.
1216 1932 1317 1964 Unde
1349 1933 1487 1972 elegans
1516 1933 1572 1964 ille

872 1983 963 2024 apud
991 1982 1197 2014 Athenaeum
1226 1982 1426 2020 versiculus,
1447 1982 1506 2014 lib.
1535 1991 1572 2014 x.

872 2032 932 2065 Καὶ
960 2034 1028 2065 τοῖς
1050 2033 1201 2074 παροῦσιν
1228 2030 1286 2063 τὸν
1313 2029 1385 2066 βίον
1411 2029 1573 2063 διάπλεκε.

874 2083 965 2118 Quod
977 2083 1078 2122 adest,
1099 2082 1266 2122 memento]
1291 2080 1392 2113 Quod
1419 2091 1569 2122 praesens

871 2137 937 2171 est,
964 2135 1136 2163 memento
1161 2130 1410 2169 administrare,
1434 2135 1471 2162 et
1495 2140 1573 2162 cum

870 2181 1048 2223 aequitate,
1063 2185 1100 2212 et
1117 2183 1176 2211 mo
1193 2179 1360 2211 arbitratu
1376 2178 1486 2210 finire.

911 2233 952 2263 33
975 2229 1268 2271 Coeterafluminis]
1292 2229 1423 2260 Futura
1433 2238 1570 2261 cursum

868 2290 966 2313 suum
979 2280 1119 2316 habent,
1131 2279 1238 2310 instar
1250 2277 1399 2310 fluminis
1411 2278 1572 2310 delaben-

869 2331 913 2362 tis
943 2331 978 2362 in
1007 2338 1101 2361 mare
1130 2329 1364 2369 Tyrrhenum:
1387 2337 1477 2359 nunc
1501 2328 1573 2368 pla-

868 2381 944 2412 cide
972 2384 1007 2411 et
1033 2379 1268 2420 quiete,nunc
1295 2377 1417 2419 rapide
1442 2382 1478 2408 et
1502 2378 1572 2408 vio·

868 2429 990 2460 lenter.

911 2478 970 2518 [34
995 2476 1230 2513 Ritusermtur
1246 2474 1348 2505 codd.
1363 2483 1418 2514 ap.
1433 2472 1570 2512 Jaeck.]

913 2529 953 2557 35
978 2526 1057 2556 Cum
1068 2524 1158 2565 pace]
1182 2524 1336 2563 Placide,
1358 2521 1497 2562 ἡσύχως,
1512 2531 1572 2552 seu

875 2575 931 2607 ‘ov
957 2575 988 2606 ⁶⁸.

869 2589 890 2615 η
913 2586 1074 2656 ῧέηΝιιησ
1088 2621 1206 2662 lapides
1226 2619 1349 2659 adesos]
1374 2617 1571 2659 Descriptio

872 2673 1073 2715 perelegans
1087 2669 1314 2702 inundationis
1326 2667 1483 2707 fluvialis,
1495 2677 1571 2708 quoe.

871 2732 915 2754 ex
945 2722 1022 2753 altis
1049 2717 1211 2751 decidens
1238 2717 1392 2758 rupibus,
1413 2715 1572 2757 quicquid

872 2772 1008 2804 obvium
1025 2774 1079 2801 est
1102 2778 1215 2799 secum
1234 2768 1351 2800 trahit.
1370 2767 1464 2806 Crnq.
1508 2765 1572 2796 La·

870 2822 958 2862 pides
971 2819 1093 2860 adesos]
1117 2819 1293 2850 Excavata
1318 2815 1451 2857 rupium
1477 2823 1571 2846 saxa.
