1904 3216
449 301 660 359 nolucrit
692 326 972 358 salmonum
1007 326 1102 357 ms.
1135 326 1168 359 ι.
1198 316 1268 358 10.

132 421 306 462 proprium
321 424 376 453 est
391 420 599 462 -Pitholeon;
622 421 828 453 binominem

132 476 246 502 autem
264 469 368 502 fuisse
383 479 450 502 non
462 476 516 502 est
527 471 719 505 verisimile.
739 470 830 501 Torr.

131 520 339 561 Pitholeonti]
362 521 544 552 Pitholeon
560 519 670 553 Poeta
687 520 828 561 ineptus

131 570 166 600 in
180 569 249 601 suis
271 570 534 611 Epigrammatis
555 570 680 602 Graeca
695 569 828 602 Latinis

132 619 326 651 immiscuit.

175 673 217 703 28
240 670 288 702 At
301 670 539 711 maetingen-1]
558 669 829 712 Anthypophora

133 730 152 751 a
166 720 412 761 compositione
429 721 563 761 penitus
575 721 732 761 insipida,
745 731 828 763 qua-

131 771 160 801 si
177 775 320 812 utraque
334 771 450 812 lingua
465 780 531 802 non
541 771 587 803 sit
595 781 638 802 ex
651 782 750 814 aequo
767 782 829 812 per

130 829 168 851 se
192 821 371 859 concinna,
397 820 524 861 lepida,
547 819 673 861 faceta,
697 827 734 854 et
759 823 829 854 ele·

131 878 214 909 gans
225 881 236 909 ς
257 869 373 902 sedad
389 870 549 910 majorem
572 872 730 911 gratiam,
744 872 831 904 alte-

129 927 168 949 ra
183 919 325 951 alterins
339 919 501 960 indigeat.
519 921 614 962 Cruq.

172 970 214 1000 24
240 968 285 1000 Ut
310 969 388 1000 Chio
417 973 492 1000 nota
521 970 565 1010 si]
599 971 828 1004 Quemadmo-

131 1016 212 1050 dum
227 1018 255 1050 si
269 1017 347 1049 vino
371 1019 456 1050 Chio
472 1019 653 1052 Falernum
678 1022 723 1053 sit
738 1032 829 1053 com-

132 1068 279 1100 mistum.
323 1068 403 1099 chio
416 1073 490 1100 nota
502 1070 531 1100 si
546 1071 704 1103 commista
719 1072 829 1103 Faler-

131 1117 182 1157 ni]
215 1118 349 1158 Chium,
383 1119 475 1150 inter
510 1122 732 1152 transmarina
769 1132 830 1154 seu

132 1167 259 1199 Graeca
283 1168 359 1200 vina
384 1168 641 1207 nobilissimum,
666 1181 832 1212 generosa

131 1217 275 1257 quadam
291 1218 432 1250 lenitate
457 1219 601 1251 maxime
619 1222 832 1252 commenda-

131 1265 256 1305 butum
293 1267 472 1300 Falernum
507 1268 540 1300 iu
572 1269 671 1301 Italia
696 1271 831 1312 quidem

132 1315 413 1357 laudatissimum,
440 1318 500 1349 sed
531 1320 700 1352 austerius
738 1321 831 1352 habi-

132 1369 219 1403 tum,
234 1374 344 1407 neque
361 1367 395 1397 in
419 1367 584 1407 novitate,
605 1378 715 1410 neque
731 1370 765 1401 in
781 1370 832 1401 ni-

131 1414 201 1446 mia
216 1419 388 1448 vetustate
403 1417 538 1458 corpori
554 1418 702 1450 salubre.
747 1420 832 1452 Chio

128 1463 239 1504 igitur.
271 1466 400 1506 optime
438 1468 695 1507 temperabitur.
752 1470 830 1502 Non

130 1513 203 1545 sine
225 1524 349 1547 caussa
371 1515 477 1556 igitur
498 1517 675 1550 Tibullus:
700 1519 710 1537 ‘
729 1520 831 1551 Nunc

129 1563 210 1595 mihi
223 1562 370 1595 fumosos
387 1565 514 1597 vet'eris
537 1566 691 1606 proferte
715 1569 830 1600 Faler-

130 1623 190 1645 nos
213 1614 383 1651 Consulis,
406 1620 442 1647 et
465 1616 550 1648 Chio
571 1618 696 1650 solvite
721 1619 831 1652 vincla

131 1662 241 1698 caclo!
265 1664 410 1697 Torrent.
701 1698 707 1705 Ι

138 1732 141 1736 ι
172 1715 213 1744 25
241 1713 282 1744 Te
296 1713 398 1754 ipsum
415 1717 616 1757 percunctor]
640 1718 831 1758 Ipsummet

129 1761 359 1798 adversarium
373 1764 421 1795 rei
430 1766 583 1806 quaesitae
589 1767 742 1807 judicem
753 1779 832 1800 con-

131 1811 256 1843 stituit.
299 1812 433 1845 Quaerit
449 1818 560 1845 autem
578 1825 620 1847 an
634 1817 691 1858 qui
707 1818 740 1848 in
759 1827 831 1849 ver-

132 1870 172 1892 su
190 1861 318 1894 Latinis
333 1862 459 1894 Graeca
473 1864 537 1895 sibi
551 1865 740 1898 immiscere
756 1878 833 1908 per«

134 1910 263 1950 mittat,
285 1911 375 1943 idem
403 1913 436 1943 in
463 1914 590 1946 caussis
614 1916 755 1956 agendis
781 1917 833 1948 fa-

134 1969 214 1991 cere
239 1960 350 1992 ausit:
374 1965 412 1992 ut
434 1967 516 2002 puta
530 1963 557 1994 si
575 1964 744 1996 Petillium
769 1966 832 1997 Ca-

134 2009 324 2050 pitolinum„
344 2011 507 2042 adversus
546 2022 692 2045 summos
720 2020 832 2047 orato-

134 2069 200 2094 res.
223 2060 340 2101 quales
366 2063 447 2092 tunc
476 2062 604 2094 Pedius
627 2069 663 2095 et
690 2065 832 2097 Messal-

134 2110 165 2141 la
181 2110 358 2150 Corvinus,
374 2111 431 2151 qui
447 2121 522 2143 eum
539 2114 755 2150 somniabant,
772 2115 832 2147 de-

136 2158 344 2192 fendendum
357 2162 531 2202 suscipiat.
544 2189 547 2193 .
559 2164 660 2196 Quod
675 2174 750 2197 cum
767 2166 830 2197 sal-

132 2218 175 2240 vo
190 2208 320 2249 pudore
332 2208 501 2242 affirmare
523 2213 615 2244 nullo
630 2214 742 2246 modo.
752 2225 830 2255 pos-

133 2262 200 2299 set,
235 2268 310 2292 cum
339 2269 382 2291 ne
407 2260 539 2293 Graecis
566 2263 702 2304 quidem
732 2265 831 2297 aliter

132 2318 232 2349 quam
260 2301 383 2341 Latine
413 2310 531 2343 Romae
557 2322 659 2353 agere
688 2314 829 2354 liceret3

132 2357 303 2390 dicturum
324 2357 476 2391 fortassis
498 2361 597 2392 aliam
613 2371 691 2393 esse
711 2364 832 2395 carmi·

132 2407 184 2438 nis
217 2407 395 2446 rationem,
423 2407 535 2440 facete
564 2409 732 2450 Apollinis
770 2421 832 2452 per

133 2455 300 2486 somnium
327 2456 459 2487 monitu
488 2457 606 2489 eludit.
628 2459 717 2499 quod
748 2460 831 2491 deus

135 2504 193 2535 ille
211 2504 381 2535 Musarum
398 2504 477 2541 dux.
493 2506 651 2541 Latinum
664 2507 831 2541 hominem

135 2562 180 2585 ne
204 2553 354 2593 integros
384 2555 519 2595 quidem
546 2566 661 2589 versus
692 2558 832 2591 Graecos

136 2602 320 2635 facientem
344 2602 464 2644 ferret,
488 2609 618 2637 tantum
643 2607 776 2648 abesse,
795 2615 834 2641 ut

137 2657 314 2694 utramque
340 2653 501 2687 confundi
526 2655 672 2697 linguam
696 2659 833 2692 sineret.

136 2701 217 2734 Vid.
233 2702 381 2735 Turneb.
396 2711 455 2734 xv.
474 2707 523 2735 19.
551 2706 692 2739 Tor-rent.
737 2706 788 2740 An
803 2713 834 2740 et

137 2753 244 2794 quum]
266 2751 320 2783 An
329 2756 367 2786 tn
378 2753 497 2794 patriae
510 2755 644 2799 oblitus,
656 2759 720 2791 διο.
735 2759 833 2792 Grae—

138 2811 178 2833 ca
194 2801 312 2842 patriis
326 2802 561 2836 intermiscere
575 2807 696 2838 malis?

144 2880 147 2885 ,
180 2855 225 2884 26
247 2853 380 2884 Reivsit
405 2863 497 2886 caum
523 2855 646 2897 Petilli]
670 2857 835 2892 Accusati

221 2905 337 2946 Delph.
353 2909 384 2938 et
405 2906 478 2938 ναν.
494 2908 580 2940 Clas.

811 2913 929 2945 Horat.

1468 318 1582 361 1665

878 419 1012 461 Petilli,
1022 421 1080 462 qui
1097 430 1232 453 auream
1246 429 1404 452 coronam
1419 420 1583 454 Jovis‘fu·

879 474 973 502 ratus
989 474 1054 502 est.
1097 474 1099 477 '

920 523 961 552 2⁷
991 519 1124 559 Latine]
1159 520 1307 552 Veteres
1335 520 1472 562 quidem
1503 521 1582 554 libri
1606 525 1610 528 ’

879 580 996 602 omnes
1024 572 1136 603 Latini
1157 571 1294 604 habent.
1338 572 1416 604 Non
1439 579 1583 614 possunt

880 625 994 652 tamen
1023 630 1043 652 a
1069 620 1189 653 Lamb.
1220 621 1274 654 hic
1303 621 1498 663 dissentire,
1527 626 1582 656 cui

878 673 983 703 etiam
1005 671 1183 702 Turnebus
1214 671 1470 713 subscripserit.
1512 674 1582 707 Qui

880 730 960 752 vero
976 730 996 752 a
1012 721 1120 752 veteri
1135 721 1303 761 scriptura
1320 722 1501 754 discedere
1515 733 1584 755 non

880 769 980 807 ausit,
993 769 1023 800 is
1038 779 1098 808 pro
1113 769 1273 801 confesso
1287 770 1584 807 habeat,vPedium

879 827 920 850 ac
950 818 1148 850 Messallam
1176 818 1361 849 acerrimos
1388 819 1584 852 Latinitatis

880 873 1080 908 assertores,
1101 872 1139 900 ut
1162 867 1242 899 olim
1266 867 1334 899 fuit
1359 877 1500 909 magnus
1525 870 1583 901 ille

881 919 967 950 Cato
983 918 1207 956 Censorinus,
1223 918 1351 949 nullum
1376 918 1410 950 in
1427 920 1583 951 oratione

879 968 1106 1000 Graecismum
1131 968 1308 1000 tolerasse.
1332 969 1422 1009 quod
1439 979 1518 1000 sane
1538 971 1583 1002 de

879 1018 1043 1050 Messalla
1059 1022 1211 1057 constat,
1228 1022 1266 1048 ut
1287 1027 1330 1048 ex
1348 1019 1586 1051 Quinctiliann

880 1067 996 1099 videre
1013 1071 1078 1099 est.
1125 1067 1225 1100 Quod
1243 1077 1322 1098 vero
1338 1068 1442 1099 etiam
1465 1069 1585 1109 Popli-

880 1118 964 1149 colae
995 1127 1182 1158 cognomen
1211 1117 1320 1149 Pedio
1350 1119 1586 1151 accommodat

880 1166 1059 1207 Horatius,
1082 1167 1121 1198 id
1141 1176 1208 1199 non
1232 1169 1419 1199 oscitanter
1443 1174 1587 1209 praeter-

882 1217 1029 1248 eundum
1057 1221 1125 1256 est;
1161 1226 1238 1248 nam
1263 1218 1307 1250 Q.
1335 1217 1464 1250 Pedius
1496 1219 1586 1251 eon-

882 1269 945 1309 sul,
982 1268 1019 1300 in
1054 1268 1167 1299 Fastis
1206 1268 1355 1299 nondum
1397 1277 1586 1309 cognomen

881 1318 1025 1358 adeptus
1042 1322 1106 1349 est.
1126 1319 1268 1350 Tor-rent.
1313 1318 1443 1359 [Latine
1463 1319 1586 1352 Lamb.

882 1376 924 1399 ex
940 1368 1071 1400 duobus
1088 1368 1190 1400 codd.
1227 1370 1237 1386 ⁸
1252 1368 1367 1399 Latine
1382 1369 1518 1410 quidem
1537 1370 1586 1400 le-

883 1418 1028 1458 gendum
1060 1423 1166 1459 puto3
1189 1419 1268 1459 quia
1298 1419 1352 1451 hic
1389 1423 1443 1450 est
1479 1420 1586 1451 totius

882 1473 1064 1499 contextus
1088 1477 1224 1500 sensus:
1249 1469 1312 1507 Tu,
1337 1469 1446 1509 inquit
1473 1469 1585 1501 Hora-

883 1517 963 1555 tius,
978 1518 1102 1549 oblitus
1128 1518 1262 1558 patriae,
1277 1523 1313 1549 et
1330 1519 1435 1557 patris
1451 1519 1514 1558 tui,
1527 1522 1585 1562 qui

883 1567 1004 1598 Latine
1029 1567 1252 1609 loquebatur3
1275 1568 1384 1608 quite
1410 1569 1501 1609 loqui
1519 1564 1585 1602 La-

882 1616 953 1648 tine
984 1616 1122 1656 docuit;
1157 1617 1238 1658 quin
1271 1618 1373 1649 etiam
1402 1618 1482 1649 dum
1517 1619 1584 1650 Pe-

881 1666 972 1706 dius,
984 1666 1177 1707 Poplicola,
1191 1672 1296 1708 atque
1312 1667 1477 1698 Corvinus
1490 1678 1586 1700 caus—

883 1725 935 1746 sas
952 1717 1105 1747 exsudant
1121 1716 1257 1752 latinu
1279 1715 1312 1746 id
1338 1722 1400 1751 est,
1418 1717 1517 1748 anxie
1532 1728 1586 1748 so-

883 1764 971 1795 liciti
996 1769 1089 1804 sunt,
1106 1774 1148 1795 ne
1166 1765 1282 1803 ullam,
1299 1765 1330 1795 in
1355 1766 1482 1796 caussis
1509 1776 1587 1806 per-

885 1813 1033 1851 orandis,
1056 1818 1293 1847 extranearum
1313 1824 1431 1846 vocum
1457 1815 1587 1847 admix-

887 1863 1013 1893 tionem
1029 1863 1092 1895 sibi
1111 1865 1314 1903 permittant
1330 1875 1338 1903 ;
1364 1869 1400 1895 tu
1416 1866 1515 1906 solus,
1525 1876 1587 1897 seu

884 1913 1024 1953 primus,
1049 1912 1235 1945 defendens
1261 1924 1413 1947 catissam
1440 1917 1490 1947 rei
1519 1917 1586 1948 Pe-

884 1962 1050 2004 tillii,(de
1072 1973 1138 2004 quo
1165 1974 1267 2005 supra
1291 1965 1362 1997 Sat.
1380 1975 1431 1998 lv.
1457 1967 1528 2005 94.)
1553 1968 1585 1998 in

883 2012 1034 2053 linguam
1051 2014 1196 2054 patriam
1215 2015 1319 2046 verba
1335 2016 1460 2048 Graeca
1482 2016 1586 2049 infer-

884 2072 933 2102 re,
944 2067 1046 2104 atque
1061 2063 1147 2095 adeo
1163 2065 1220 2096 illa
1235 2065 1469 2098 intermiscere
1485 2069 1586 2108 velis,

883 2116 921 2145 ut
943 2114 1090 2146 videaris
1111 2125 1169 2146 ore
1194 2115 1336 2157 bilingui
1360 2117 1464 2158 loqui,
1490 2128 1584 2150 more

882 2163 1152 2195 Canusinorum?
1196 2165 1275 2197 Hoc
1297 2175 1361 2196 non
1379 2166 1586 2199 admittebat

880 2214 993 2246 Poe'ta
1016 2219 1144 2252 noster,
1169 2216 1237 2247 nisiv
1262 2221 1372 2256 caute,
1402 2223 1438 2249 et
1468 2227 1584 2259 parce.

880 2263 962 2295 Vid.
984 2263 1027 2296 de
1052 2264 1139 2297 Arte
1166 2266 1265 2298 Poe't.
1280 2269 1334 2298 46.
1354 2277 1450 2309 seqq.
1477 2268 1584 2300 Bent-

880 2314 966 2345 leius
983 2315 1084 2354 plane
1096 2316 1249 2348 abutitur
1262 2316 1468 2355 eruditione,
1479 2327 1584 2358 quum

883 2363 926 2394 de
936 2367 1033 2403 patre
1045 2365 1233 2405 Latino,de
1246 2375 1311 2405 quo
1320 2366 1416 2406 Virg.
1425 2366 1500 2397 AEn.
1515 2376 1584 2397 vu.

883 2414 936 2442 61.
953 2412 1007 2443 liic
1031 2414 1100 2453 agi,
1124 2414 1267 2452 probare
1288 2419 1454 2452 conatui-3
1478 2416 1584 2455 qnod-

882 2470 948 2502 que
964 2461 1137 2493 Gesuerus
1163 2465 1314 2503 exponit,
1332 2465 1440 2504 patris
1458 2466 1584 2504 Latini,

883 2511 916 2542 id
934 2514 1000 2549 est,
1021 2512 1158 2550 originis
1176 2513 1219 2543 ab
1239 2513 1296 2544 illo
1318 2524 1413 2554 rege,
1429 2515 1528 2555 cujus
1549 2519 1585 2546 et

883 2570 1006 2593 nomen
1033 2561 1137 2594 debet
1161 2564 1398 2595 commendare
1419 2565 1582 2604 linguam.

883 2611 968 2641 Rem
989 2620 1088 2651 quam
1103 2613 1172 2643 alte
1187 2618 1348 2653 repetunt
1362 2615 1369 2644 Ξ
1408 2615 1514 2646 Mitto
1528 2625 1584 2647 ce-

885 2665 976 2692 teras
992 2661 1144 2692 Bentleii
1161 2664 1354 2702 argutiasin
1364 2673 1584 2706 caussas‚quae

885 2714 962 2750 post
987 2715 1137 2742 nostram
1166 2713 1410 2751 expositionem
1442 2723 1582 2747 evanes-

884 2764 978 2791 cunt.
1023 2760 1139 2800 Longe
1164 2761 1267 2792 etiam
1293 2772 1312 2792 a
1341 2771 1420 2794 vero
1446 2763 1583 2796 aberrat

883 2809 974 2848 San.,
1001 2810 1058 2850 qui
1085 2811 1198 2850 legere
1231 2817 1360 2842 amaret
1387 2817 1582 2856 patrumque,

884 2868 1004 2899 nempe
1020 2869 1176 2892 avorum:
1200 2870 1296 2892 sensu
1311 2862 1410 2902 plane
1425 2865 1582 2903 opposito

1418 2918 1493 2949 5N
