1904 3216
378 306 486 347 1678

377 408 417 438 lis
433 407 489 438 illa
506 407 548 438 de
570 404 716 437 Famosis
740 403 890 435 Libellis.
934 409 944 423 ¹
959 404 1059 434 Sanc-

378 455 466 486 tum'
488 456 574 486 enim
601 463 620 484 a
645 452 825 483 sanciendo
853 453 996 484 dicitur:
1025 458 1061 484 et

376 514 507 544 poenam
523 502 642 533 famosi
659 500 763 532 libelli
786 501 862 532 olim
881 501 1060 541 capitalem

374 553 475 584 fuisse
497 562 539 582 ex
563 551 654 582 libris
679 551 728 582 M.
744 551 843 581 Tullii
866 551 907 581 de
930 550 1060 591 Repub.

375 602 476 640 ipsius
506 599 670 639 Scipionis
704 599 814 630 verbis
854 595 1061 630 demonstrat

376 649 596 688 Augustinus,
613 648 654 679 de
678 647 825 679 Civitate
849 648 913 679 Dei
938 648 995 679 lib·
1019 655 1060 680 11.

375 697 523 728 Turneb.
551 705 601 728 rx.
625 699 657 728 6.
711 697 801 727 Illud
825 706 918 737 vero,
936 697 992 735 jus
1015 700 1060 728 est

374 745 601 785 „rudit-iamque,
631 755 673 776 ex
696 745 879 776 edictorum
907 745 1058 776 formulis

375 794 532 834 petitum,
548 798 584 824 ut
603 793 797 824 Trebatium
815 793 905 833 loqui
921 802 962 825 ex
978 794 1058 826 JCti

374 851 516 881 persona
539 851 600 882 par
625 846 709 873 erat.
738 841 877 873 Tan-ent.
929 842 1060 873 Sancta·

373 901 443 922 rum
456 891 580 922 inscitia
594 890 710 930 legum]
727 890 922 928 Ignorantia
938 891 1061 930 legum,

373 950 448 981 quse
465 939 590 979 aliquid
613 939 735 978 jubent
751 942 808 968 aut
829 943 944 969 vetant
963 948 1060 978 poena

375 989 513 1025 sancita,
528 997 548 1018 a
563 988 665 1018 verbo
680 987 823 1017 sancior.

416 1040 456 1067 82
480 1036 568 1067 Mala
589 1035 771 1075 condiderit,
801 1034 871 1075 risa]
902 1035 1060 1066 Carmina

373 1085 548 1117 maledica.
588 1085 649 1116 Jus
663 1083 722 1125 est]
744 1085 815 1115 Lex
834 1091 898 1115 xu.
917 1084 1060 1115 Tabula-

374 1143 446 1164 rum
463 1134 530 1164 luta
544 1138 607 1164 est.

415 1186 456 1214 83
470 1181 700 1222 Judiciumque]
715 1176 816 1212 Actio
832 1190 873 1212 ex
889 1181 976 1221 lege.
1003 1182 1060 1212 Es-

374 1237 414 1272 to,
438 1233 466 1264 si
489 1234 557 1274 quis
579 1232 675 1272 mala]
705 1231 871 1263 Concedit
896 1231 1060 1262 Horatius

374 1292 450 1313 eum
467 1282 596 1322 legibus
617 1291 656 1312 ac
681 1281 774 1321 gravi
796 1281 962 1321 supplicio
985 1290 1059 1311 esse

373 1331 565 1371 obnoxium,
590 1330 644 1370 qui
668 1330 774 1369 malis,
795 1330 859 1360 boc
881 1334 945 1368 est,
958 1329 1060 1360 male-

374 1380 459 1410 dicis
475 1379 637 1417 versuum,
653 1378 840 1409 innocentis
855 1376 891 1408 et
904 1377 965 1408 viri
982 1377 1059 1409 boni

374 1436 494 1458 nomen
507 1426 693 1466 famamque
705 1426 910 1466 proscindit;
924 1426 982 1457 sed
994 1435 1060 1457 nou

373 1477 545 1508 existimat
562 1476 700 1516 perinde
716 1485 791 1506 enm
808 1475 840 1505 in
856 1476 963 1515 legem
983 1485 1060 1514 pec-

374 1534 462 1564 care,
475 1526 530 1565 qni
548 1525 644 1560 bona,
669 1524 701 1554 id
730 1529 794 1563 est,
815 1533 882 1554 non
898 1523 1060 1554 maledica

374 1574 523 1604 carmina
538 1572 734 1610 conscribit,
748 1571 808 1602 sed
825 1581 865 1602 ea
881 1581 967 1612 quae,
991 1572 1060 1602 lau-

373 1622 454 1653 data
469 1632 488 1652 a
504 1623 637 1652 Caessre
653 1621 781 1660 judice,
801 1621 1061 1652 lacerationibus

374 1675 410 1701 et
424 1670 590 1705 convitiis,
614 1670 716 1698 malos
731 1672 767 1698 et
782 1669 976 1707 sceleratos,
993 1678 1061 1699 om-

372 1719 463 1750 nium
477 1718 580 1750 oculis
592 1724 627 1748 et
639 1717 785 1756 auribus,
798 1716 890 1757 quasi
902 1717 935 1747 in
948 1717 1062 1748 tabula

374 1767 572 1802 delineatos,
595 1765 770 1807 publiceve
792 1765 989 1796 decantatos
1005 1775 1062 1796 ex-

372 1816 520 1848 hibeant.
551 1817 647 1855 Cruq.
702 1815 791 1855 Esto,
814 1816 841 1846 si
873 1816 942 1855 quis
965 1814 1062 1855 mala]

373 1865 603 1896 concedamus
630 1865 678 1895 ita
705 1872 780 1894 esse
802 1863 929 1904 (inquit
952 1863 1062 1894 Hora·

374 1914 457 1954 tius)
480 1915 508 1946 si
523 1915 596 1956 quis
611 1913 759 1945 carmina
774 1913 948 1953 scripserit
963 1914 1062 1953 mals,

372 1962 406 1992 id
422 1967 488 2004 est,
504 1963 651 1994 indocta-

415 2015 455 2043 85
478 2012 672 2053 Lacr-averit]
707 2012 762 2043 Sic
791 2011 929 2052 antiqua
957 2011 1061 2042 omnis

373 2061 552 2100 scriptura.
598 2061 671 2092 Nec
687 2061 799 2091 mirari
821 2061 901 2091 satis
916 2069 1060 2100 possum,

373 2110 519 2139 existere
536 2109 680 2148 aliquem
707 2109 764 2149 qui
787 2109 828 2139 de
845 2117 883 2138 ea
901 2108 1061 2138 mutanda

372 2156 510 2196 cogitet.
555 2156 765 2195 Quamquam
782 2156 870 2186 enirn
885 2156 895 2172 ‘
909 2156 1060 2186 lacerare

372 2205 495 2236 famam
511 2203 671 2244 alicujus‚’
692 2205 772 2234 item
796 2204 804 2220 ‘
819 2205 967 2234 lacerare
982 2213 1060 2243 pro-

372 2254 454 2292 bris,
475 2254 626 2284 lacerare
650 2251 880 2283 contumeliis'
899 2256 992 2282 recte
1009 2252 1059 2283 di·

372 2303 479 2340 citur;
503 2310 611 2341 neque
626 2301 703 2330 huic
719 2305 831 2331 tamen
846 2301 934 2340 loco,
949 2309 1059 2341 neque

374 2350 506 2381 Horatii
533 2350 609 2380 stilo
641 2353 739 2389 atque
766 2346 869 2379 indoli
894 2349 1059 2380 convenit.

374 2402 507 2432 Quanto
537 2399 624 2430 enim
654 2398 825 2429 venustius
852 2396 1060 2430 Lau-averit?

373 2449 464 2480 facta
480 2459 498 2479 a
514 2448 652 2479 canibus
665 2448 718 2478 vel
734 2446 823 2478 feras
837 2449 889 2478 vel
905 2447 997 2478 fures
1013 2448 1060 2478 la-

374 2498 538 2528 trantibus
555 2496 788 2527 translatione.
817 2497 904 2527 Torr.
948 2497 1060 2527 Latra-

372 2544 470 2584 verit]
503 2546 538 2577 Si
567 2545 774 2576 laceraverit.
829 2545 955 2584 Integer
980 2544 1059 2585 ipse]

375 2595 457 2624 Cum
474 2594 518 2624 sit
534 2594 606 2633 ipse
623 2602 724 2632 purus
739 2596 772 2623 et
786 2592 958 2624 innocens.

416 2646 457 2674 86
472 2643 635 2674 Solventur
643 2642 711 2672 risu
722 2642 849 2682 tabule]
863 2643 993 2673 Tabulas
1005 2652 1060 2673 vo-

374 2692 591 2731 catjudicum
607 2691 772 2728 subsellia,
789 2691 911 2722 tabulis
927 2696 1060 2722 extruc-

376 2744 422 2774 ta.
439 2745 474 2770 ut
489 2740 527 2770 tit
543 2750 617 2771 cum
634 2749 697 2771 non
714 2740 755 2771 de
771 2741 883 2781 plano,
896 2741 954 2772 sed
971 2750 989 2771 e
1002 2742 1059 2771 tri—

377 2787 487 2819 bunali
502 2789 558 2828 jus
575 2789 719 2820 dicitur:
744 2789 834 2821 dicta
849 2790 942 2830 qnasi
965 2789 1060 2821 ‘sub-

830 303 968 343 Nem
1003 311 1261 342 νΛηιοιωΜ
1296 311 1347 342 m

1111 403 1229 442 sedia,’
1267 408 1304 434 ut
1337 401 1557 435 Grammatici
1580 402 1694 434 volunt
1709 411 1719 434 z
1757 409 1793 436 et

1110 451 1385 493 quemadmodum
1411 452 1610 484 ‘subsellia’
1633 453 1724 492 ipsos
1745 453 1795 483 in·
1830 453 1832 457 ⁴

1111 501 1241 531 tei-dum
1257 510 1400 532 sessores
1420 499 1620 541 significant,
1642 505 1680 531 ut
1703 499 1794 541 apud

1110 542 1257 580 Martini.
1267 548 1322 580 lii».
1334 559 1358 581 1.
1368 550 1377 566 ‘
1389 549 1585 584 Sextilium,
1599 543 1684 580 bibis
1694 557 1796 589 qnan-

1111 602 1180 629 tum
1195 599 1352 629 subsellia
1368 597 1535 640 quinque-⁸
1571 598 1628 629 Sic
1643 598 1706 629 boc
1721 598 1794 630 loco

1109 646 1231 679 tabule.
1284 647 1375 678 Male
1401 647 1504 687 igitur
1527 645 1708 686 Cruquiusz
1731 655 1794 677 nec

1111 702 1204 727 recte
1220 696 1412 728 Lambinus.
1437 697 1575 727 Torrent.
1617 695 1796 736 Solantur]

1114 745 1183 775 Lex
1197 744 1346 783 vetabat,
1359 745 1446 776 malo
1457 744 1603 775 carmine
1617 743 1797 785 perstringi

1113 803 1313 834 quenquam,
1336 800 1373 826 ut
1396 799 1536 835 apparet
1552 794 1605 826 vel
1620 804 1662 826 ex
1676 795 1734 826 illo
1749 795 1797 826 lo-

1111 851 1170 874 co:
1191 845 1200 861 ‘
1217 843 1388 884 Poenaque
1402 844 1484 884 lata,
1497 843 1584 875 malo
1598 853 1673 885 quae
1691 841 1797 875 nollet

1109 892 1257 922 carmine
1273 902 1461 933 quenquam
1485 892 1696 935 Perstringi.’
1738 893 1794 924 De

1110 949 1174 979 quo
1190 945 1302 972 monet
1315 941 1504 972 Trebatius.
1541 934 1644 972 [lecte
1658 950 1794 982 respon·

1109 987 1169 1018 det
1194 987 1315 1023 Poeta,
1340 988 1396 1029 qui
1418 988 1538 1020 festive
1555 990 1588 1020 in
1602 999 1683 1021 voce
1698 991 1813 1022 ludin

1111 1036 1269 1067 Concedo
1285 1037 1420 1077 dignum
1442 1046 1514 1068 esse
1541 1047 1650 1078 poena.
1671 1038 1698 1069 si
1722 1036 1796 1079 quis

1110 1085 1232 1116 malum
1260 1094 1393 1117 carmen
1417 1085 1560 1126 condam
1581 1086 1732 1128 qnaside
1747 1087 1796 1118 in-

1111 1139 1192 1173 epto
1205 1134 1351 1165 carmine
1367 1135 1401 1165 in
1414 1135 1536 1166 tabulis
1551 1139 1682 1176 agatur.
1706 1136 1796 1170 Quid

1111 1186 1223 1213 autem
1239 1183 1266 1213 si
1287 1184 1359 1224 quis
1386 1183 1520 1223 bonum,
1542 1185 1613 1216 sive
1635 1185 1798 1226 elegans?

1110 1233 1212 1264 Certe
1249 1233 1374 1274 Caesar,
1409 1243 1555 1265 summus
1590 1234 1796 1276 ingeniorum

1110 1280 1231 1320 fautor,
1247 1281 1332 1313 bona
1347 1283 1496 1314 earmina
1510 1291 1621 1314 amare
1633 1284 1731 1315 solet.
1761 1283 1798 1315 Si

1111 1331 1182 1371 quis
1209 1340 1291 1371 ergo
1312 1331 1419 1363 bonus
1435 1333 1507 1374 ipse
1522 1325 1660 1374 dignum'
1673 1342 1794 1374 oppro-

1110 1379 1190 1410 briis
1206 1380 1318 1421 lepide
1333 1390 1372 1412 ac
1393 1381 1524 1412 erudite
1549 1381 1797 1422 perstrinxerit,

1105 1427 1240 1467 jndices
1269 1429 1410 1461 ridicula
1438 1430 1718 1472 interpretatione
1747 1431 1796 1462 le-

1110 1486 1184 1514 gem
1210 1479 1363 1509 solvent:
1389 1479 1444 1520 qui
1472 1479 1515 1510 de
1539 1480 1637 1518 malo,
1661 1488 1727 1511 non
1752 1479 1796 1510 de

1111 1525 1198 1557 bono
1213 1527 1359 1558 carmine
1382 1528 1436 1567 agi
1461 1527 1509 1558 ibi
1534 1528 1668 1559 dicent:
1692 1537 1731 1559 ac
1747 1528 1795 1559 sic

1111 1583 1200 1604 reum
1213 1575 1356 1614 solvent,
1366 1579 1401 1606 et
1414 1576 1529 1607 Poetae
1543 1575 1668 1606 crimen
1682 1575 1796 1607 remit-

1110 1626 1195 1653 tent.
1214 1623 1377 1655 Heinsius.
1414 1624 1575 1654 Solventur
1589 1623 1654 1654 risu
1669 1624 1795 1664 tnbulae]

1111 1670 1344 1701 Dissolventnr
1358 1680 1434 1702 cum
1447 1671 1600 1711 judicum
1617 1672 1684 1702 risu
1700 1672 1796 1703 tabu·-

1111 1717 1214 1748 larum
1230 1718 1336 1758 leges.
1382 1718 1431 1749 Tu
1454 1717 1580 1758 missus]
1609 1719 1658 1749 Tu
1675 1719 1798 1751 demis-

1111 1775 1166 1796 sus
1182 1766 1378 1798 absolveris.
1420 1766 1594 1807 [Angelie.
1607 1770 1638 1798 1.
1650 1770 1714 1799 tum
1724 1768 1799 1799 mis·

1110 1814 1187 1854 sus-J

1110 1862 1192 1894 Su.
1214 1871 1253 1894 n.
1297 1863 1367 1895 Sub
1392 1863 1498 1896 Ofelli
1525 1873 1680 1905 persona,
1705 1866 1797 1897 luxui

1153 1911 1284 1944 deditos
1300 1913 1498 1945 insectatur.
1536 1914 1588 1945 De
1603 1923 1644 1945 eo
1658 1915 1796 1956 loquens

1151 1962 1208 2002 qui
1221 1962 1308 2002 gulae
1319 1962 1436 2002 servit,
1449 1972 1523 1994 eum
1534 1962 1616 1995 dicit
1627 1972 1694 1994 non
1704 1968 1798 1995 certo

1147 2010 1291 2051 judicio,
1305 2012 1362 2042 sed
1374 2011 1531 2052 opinione
1542 2011 1684 2053 quadam
1695 2014 1799 2044 stulte

1153 2065 1318 2100 concepta
1334 2059 1464 2091 delitias
1482 2061 1516 2092 in
1530 2061 1696 2092 nonnullis
1711 2060 1795 2092 cibis

1151 2109 1352 2139 consectari.
1397 2108 1510 2149 Atque
1528 2115 1566 2140 ut
1589 2109 1796 2142 incommode

1152 2162 1305 2187 recenset
1320 2166 1392 2196 quae
1407 2157 1610 2188 comitantur
1622 2158 1723 2195 hunc,
1741 2158 1797 2199 qni

1151 2204 1239 2235 circa
1255 2204 1379 2235 victum
1395 2209 1430 2234 et
1444 2205 1571 2242 luxum,
1590 2205 1637 2236 sic
1653 2214 1798 2236 commo-

1151 2254 1193 2283 da
1209 2262 1282 2293 quae
1296 2253 1386 2283 tenui
1399 2258 1435 2283 et
1446 2251 1566 2293 frugali
1581 2254 1704 2293 insunt,
1714 2263 1792 2286 enn-

1151 2306 1268 2332 inerat.

1153 2352 1168 2380 1
1187 2349 1288 2389 Boni]
1311 2348 1360 2380 Ut
1375 2349 1541 2390 Cruquius
1559 2350 1641 2391 vult,
1657 2351 1794 2392 alloqui·

1110 2404 1163 2430 tur
1187 2397 1333 2439 ἀσώτους,
1357 2407 1439 2439 quos
1468 2397 1622 2440 εἰρωνικῶς
1647 2401 1795 2432 nominat

1111 2449 1198 2479 viros
1215 2447 1331 2486 bonos,
1354 2457 1475 2489 eosque
1490 2453 1615 2488 monet,
1632 2454 1667 2480 ut
1682 2458 1794 2480 secum

1111 2497 1215 2528 veiint
1240 2497 1438 2537 disquirere,
1461 2506 1535 2538 quoe
1563 2497 1669 2528 virtus
1694 2498 1738 2529 sit
1761 2503 1796 2537 et

1111 2551 1247 2586 quanta,
1262 2545 1324 2576 boc
1340 2550 1403 2584 est,
1417 2555 1514 2586 quam
1531 2546 1595 2576 vim
1608 2546 1744 2586 babeat,
1760 2552 1796 2578 et

1111 2604 1210 2635 quam
1240 2595 1418 2634 praeclaros
1447 2595 1480 2624 in
1508 2594 1640 2625 homine
1665 2595 1795 2627 fructus

1111 2643 1271 2682 concitet,
1296 2643 1408 2674 vivere
1434 2652 1550 2683 parvo,
1568 2643 1630 2674 hoc
1645 2648 1711 2683 est,
1727 2643 1796 2674 vita

1111 2690 1248 2731 frugalis
1270 2697 1305 2722 et
1329 2691 1450 2723 sobria.
1499 2689 1596 2730 Boni]
1619 2691 1675 2723 Sic
1690 2691 1794 2723 nostri

1112 2750 1245 2782 quoque
1274 2741 1409 2772 codices
1427 2752 1435 2770 ε
1471 2740 1585 2771 demto
1621 2749 1698 2780 tino,
1732 2739 1790 2770 sed

1113 2789 1312 2829 recentiore,
1344 2789 1376 2819 in
1403 2798 1468 2830 quo
1500 2789 1584 2819 bonis
1619 2787 1791 2820 scribitur:
