1930 3204
644 278 744 308 HOR
753 278 830 308 ΑῚἸ
842 279 851 308 Ι
890 278 1029 309 EPOD.
1064 277 1114 307 Xl
1125 277 1167 306 V.

221 376 241 406 3
268 373 314 405 Ue
337 373 367 404 n·
386 372 532 404 ducentia
553 371 686 411 somnos]
707 368 821 401 Veluti
845 370 872 400 si

179 422 322 455 biberim'
337 422 460 463 pocula
473 420 649 453 afferentia
663 428 794 451 somnos
811 419 873 450 Le-

179 474 298 512 tliaeos,
313 472 347 504 id
364 477 430 511 est,
452 472 651 511 lethargum,
663 477 761 510 quem
778 469 872 500 inex-

177 523 362 563 pugnabile
375 521 449 553 fere
463 519 652 552 dormiendi
667 518 872 549 desiderium

178 571 408 613 consequitur.
454 570 563 602 Lethe
573 567 695 600 fluvius
707 573 760 599 est
772 566 875 599 infer-

177 621 276 657 nalis,
292 621 390 662 cujus
405 620 524 652 latices
539 619 567 650 si
582 618 656 660 quis
671 617 875 659 gustaverit,

177 670 327 701 omnium
347 679 459 701 rerum
484 668 735 709 praeteritarum
760 667 873 699 statim

178 718 403 751 obliviscitur.
429 718 587 751 Duc-entia
600 717 736 757 somnos]
754 717 794 749 Id
808 722 889 756 est,.

177 767 385 800 adducentis
416 773 452 800 et
486 767 703 800 conciliantia
725 776 874 798 somnos.

177 818 320 850 Ducunt
335 818 422 850 enim
449 827 584 848 somnos
602 818 736 858 pocula,
752 817 874 857 quibus

173 866 305 898 haustis
337 871 525 907 sequantur
562 867 681 898 somni.
727 866 873 898 Torrent.

176 915 426 956 [Schoeuborn.
437 921 470 950 2.
485 919 570 949 velut
583 916 790 956 inducentia]

216 969 237 998 4
260 967 395 1008 Arente]
415 968 562 999 sitiente
585 966 697 998 fauce.
755 967 873 998 Traxe-

174 1016 252 1057 rt‘m]
277 1017 406 1048 Nescio
433 1027 533 1058 quam
562 1016 701 1048 bibendi
731 1015 872 1048 avidita-

177 1070 245 1097 tem
263 1066 401 1098 verbum
417 1067 481 1098 hoc
497 1066 624 1106 arguit.

218 1114 253 1155 [5
270 1114 404 1147 Valart.
419 1125 466 1147 me
474 1115 615 1156 accidia]
662 1156 666 1157 ⁷

216 1167 239 1196 6
261 1165 362 1204 Deus,
378 1165 483 1206 Deus]
505 1165 639 1206 Cupido
663 1165 784 1197 amoris
804 1166 872 1197 De-

175 1223 214 1246 us
224 1214 288 1247 hoc
303 1215 422 1247 voluit.

217 1267 237 1296 7
261 1265 456 1296 Promissum
482 1275 607 1296 carmen
633 1264 771 1306 lambos]
795 1265 873 1296 Ma-

168 1313 228 1354 jus
243 1314 378 1356 aliquod
401 1315 556 1346 volumen
573 1314 765 1354 significare
779 1315 873 1346 vide-

175 1368 239 1394 tur.
262 1373 364 1405 quam
387 1363 456 1395 sint
476 1364 599 1403 lambi,
623 1364 680 1405 qui
701 1373 791 1395 nunc
814 1373 872 1395 ex-

174 1417 251 1444 tant
264 1413 300 1444 iu
316 1413 508 1445 Canidiam.

214 1464 235 1492 8
257 1461 312 1495 Aa
334 1462 510 1493 umbilicum
535 1461 702 1502 adducere]
733 1462 870 1493 Fiuire:

171 1511 367 1543 Translatio
387 1517 440 1543 est
464 1512 507 1543 ab
531 1512 692 1543 umbilico
707 1512 870 1552 corporis,

171 1561 214 1592 ad
231 1562 330 1602 cujus
343 1561 486 1593 formam
508 1562 664 1593 solebant
681 1565 814 1592 veteres
831 1561 869 1591 li-

171 1609 309 1642 brorum
324 1620 460 1643 suorum
477 1615 677 1652 tegumenta
702 1610 870 1642 umbilicis

171 1669 216 1692 ex
242 1661 360 1700 ebore,
382 1661 487 1702 ligno,
508 1667 568 1693 aut
592 1662 693 1693 simili
717 1663 872 1702 materia,

170 1709 272 1743 factis
287 1720 466 1742 exornare.

215 1762 237 1791 9
258 1759 424 1800 Bathyllo]
447 1759 573 1790 Amore
590 1759 751 1800 Bathylli.

214 1811 257 1840 10
292 1809 493 1840 Anacreonta
528 1808 651 1848 Teium]
687 1808 816 1839 Noster
845 1817 870 1839 ι.

175 1858 244 1890 od.
274 1860 326 1889 16.
363 1858 470 1888 ‘Fide
494 1857 600 1888 Teia.’
647 1857 872 1889 Anacreontis

174 1913 288 1939 autem
306 1906 442 1938 deliciae
470 1907 648 1948 Bathyllus
668 1906 784 1949 (cujus
804 1916 872 1938 me-

174 1958 315 1990 moriam
341 1958 527 1989 mollissimi
544 1957 661 1989 Poetae
679 1967 796 1989 versus
817 1968 872 1990 ce·

175 2007 329 2048 lebrant)
351 2007 454 2038 etiam
484 2007 660 2047 Polycrati
682 2007 871 2039 Samiorum

174 2062 316 2096 tyranno
339 2066 439 2087 carus
465 2055 554 2087 fuit:
586 2057 643 2097 qui
673 2066 779 2097 puero
803 2061 871 2088 sta-

174 2111 264 2137 tuam
293 2106 512 2138 citharoedico
537 2107 655 2138 habitu
683 2107 725 2138 ad
743 2106 873 2146 Apolli-

173 2156 224 2188 nis
239 2156 496 2188 similitudinem
514 2157 654 2195 dicavit,
672 2157 789 2188 Romae
814 2157 872 2187 diu

173 2212 422 2237 conservatam.
445 2205 610 2247 siquidem
627 2214 761 2237 versum
778 2206 871 2237 illum

171 2257 295 2289 Juven.
311 2257 382 2288 Sat.
399 2265 482 2287 xm.
507 2258 516 2274 ⁴
535 2255 672 2286 Nullum
688 2255 871 2286 discrimen

172 2305 364 2337 babendum
377 2311 440 2344 est,
457 2304 595 2344 Effigies
615 2305 706 2336 inter
728 2310 872 2344 vestras,

174 2360 390 2396 statuamque
402 2356 576 2396 Bathylli!
621 2354 675 2385 Ad
688 2355 776 2385 hunc
793 2364 872 2394 pne·

176 2414 248 2436 rum
272 2405 494 2436 Grammatici
518 2404 696 2442 referunt3
728 2413 873 2445 eumque

178 2458 246 2485 tam
260 2459 436 2485 venustum
452 2453 560 2495 (quod
581 2454 702 2484 merito
725 2454 875 2494 mireris)

177 2503 304 2535 Phorci
330 2513 371 2534 ex
389 2509 539 2534 monstro
557 2503 684 2533 marino
703 2501 807 2534 filium
823 2503 874 2534 fa-

151 2579 164 2590 ,
178 2554 286 2585 ciunt.
330 2553 404 2593 Ego
421 2561 500 2584 vero
523 2552 726 2584 Juvenalem
749 2553 791 2583 de
807 2553 874 2583 Ba·

178 2604 286 2645 thyllo
322 2603 537 2634 Pantomimo
574 2602 667 2643 loqui
703 2603 875 2643 existimo,

179 2653 328 2694 Augusti
346 2652 554 2692 temporibus
570 2653 676 2693 claro,
691 2657 726 2683 et
748 2662 767 2683 a
788 2653 874 2684 Mae-

178 2709 301 2734 cenate
330 2703 498 2733 adamato.
525 2703 615 2734 Torr.
661 2702 873 2742 Anacreonta]

180 2741 340 2785 Poe'tam‘
359 2754 501 2795 lyricum
533 2763 575 2784 ex
606 2754 746 2786 civitate
778 2753 872 2785 Teia.

178 2805 256 2837 vid.
274 2814 298 2837 r.
317 2804 385 2836 od.
399 2807 450 2836 17.

1511 269 1623 309 1567

972 372 1008 400 11
1032 368 1216 408 Testudine]
1235 368 1333 407 Lyra.
1368 366 1529 407 Amorem]
1547 369 1622 400 Fle-

927 418 976 449 vit
1000 419 1150 459 Bathylli
1174 426 1333 452 amorem,
1357 417 1413 458 qui
1440 415 1504 447 fuit
1532 416 1623 449 Ana-

926 467 1074 500 creontis
1090 466 1237 498 deliciae.

968 518 1009 547 12
1029 517 1102 548 Non
1117 515 1320 556 elaboratum]
1338 516 1421 548 Cum
1439 525 1559 556 magna
1576 515 1624 548 fa-

925 565 1069 597 cilitate.

969 619 1008 648 13
1037 617 1147 649 Ureris
1174 618 1239 658 ipse
1273 617 1382 658 miser]
1407 617 1459 648 Tu
1488 626 1624 658 quoque

925 666 1100 697 Maecenas
1117 677 1209 698 amas
1236 667 1352 706 etiam,
1376 667 1488 698 miser.
1535 667 1626 702 Quod

923 716 968 757 si]
992 716 1092 748 Quod
1123 718 1150 748 si
1196 717 1342 753 Helena,
1373 726 1448 758 quae
1476 716 1624 747 incendii

924 767 1066 807 Trojani
1084 777 1188 799 causa
1211 767 1291 804 fuit,
1315 777 1380 799 non
1399 767 1465 799 fnit
1490 772 1549 799 tua
1564 776 1624 807 pu-

925 817 991 847 ella
1007 817 1191 858 pulchrior.

934 874 939 879 ’
972 869 1012 898 14
1036 867 1136 907 Ilion]
1159 868 1296 908 'frojam
1313 867 1498 898 obsessam.

971 921 1010 948 15
1035 918 1101 948 Tua
1114 917 1178 958 me]
1201 917 1325 949 Gaude
1341 921 1432 948 sorte
1455 921 1527 955 tua,
1549 925 1625 957 quae

926 975 1002 998 mea
1028 972 1120 998 sorte
1158 972 1211 998 est
1242 968 1373 999 melior.
1433 967 1522 998 Nam
1559 975 1625 1006 ego

927 1017 1099 1059 Phrynem
1121 1027 1197 1049 amo
1213 1017 1384 1048 foeminam
1408 1015 1532 1047 infimae
1556 1024 1624 1046 sor-

926 1067 970 1098 tis
985 1073 1023 1099 et
1049 1067 1276 1107 meretricem,
1296 1076 1362 1097 non
1390 1075 1457 1096 uno
1473 1069 1626 1096 amatore

927 1122 1137 1156 contentam,
1177 1116 1237 1148 sed
1275 1116 1356 1147 mihi
1401 1124 1476 1146 cum
1511 1114 1626 1145 multis

928 1176 1147 1198 communem.
1193 1164 1373 1205 Libertina]
1397 1165 1504 1196 Facta
1518 1163 1626 1196 libera

928 1225 971 1246 ex
987 1216 1120 1248 ancilla.

971 1272 1012 1300 16
1035 1268 1180 1309 Phryne]
1206 1268 1498 1299 Commemoratur
1520 1263 1563 1296 ab
1579 1263 1625 1295 A-

929 1318 1063 1349 thenaeo
1081 1319 1138 1348 lib.
1153 1326 1232 1348 xtv.
1267 1316 1436 1347 Meretrix
1452 1314 1552 1354 hujus
1567 1323 1627 1344 no-

926 1366 1026 1397 minis
1037 1366 1175 1406 Phryne
1182 1365 1414 1405 Thespiensis,
1421 1372 1528 1404 usque
1540 1362 1626 1393 adeo

929 1421 1073 1447 venusta
1088 1421 1122 1446 et
1146 1416 1272 1446 eximia
1295 1413 1418 1454 forma,
1435 1418 1473 1444 ut
1499 1421 1573 1444 cum
1590 1411 1625 1442 in

919 1465 1089 1506 judicium
1106 1466 1230 1505 capitis
1246 1463 1397 1494 adducta
1417 1465 1520 1498 esset,
1551 1461 1625 1502 plu-

925 1515 1088 1556 rimisque
1120 1519 1156 1545 et
1187 1512 1395 1555 gravissimis
1426 1510 1624 1542 criminibus

925 1569 1154 1606 premeretur,
1171 1564 1263 1595 nulla
1279 1563 1311 1594 ei
1337 1571 1392 1593 res
1415 1561 1480 1593 aliu
1505 1560 1547 1592 ad
1568 1560 1626 1591 ab·

925 1615 1128 1646 solutionem
1155 1613 1261 1645 fuerit
1299 1611 1498 1652 suffragata,
1526 1620 1624 1652 quam

924 1663 1041 1695 formae
1059 1663 1270 1704 praestantia.
1318 1663 1406 1693 Nam
1423 1659 1622 1700 Hyperides

927 1714 1124 1753 Orator,qui
1134 1722 1208 1744 eam
1219 1711 1441 1750 defendebat,
1450 1720 1524 1741 cum
1533 1715 1626 1741 esset

925 1763 1000 1794 haec
1022 1763 1151 1803 opinio,
1170 1762 1306 1802 judices
1326 1770 1400 1792 eam
1421 1758 1626 1791 condemna-

928 1818 1034 1852 turos,
1060 1813 1239 1844 constitnit
1262 1822 1335 1844 eam
1361 1812 1394 1842 in
1411 1820 1524 1842 eorum
1547 1819 1625 1841 con-

927 1867 1062 1902 spectu,
1079 1863 1279 1904 tunicasque
1300 1872 1319 1893 a
1335 1867 1476 1902 pectore
1493 1861 1625 1892 abscin-

927 1911 990 1949 dit,
1006 1916 1042 1943 ut
1059 1912 1167 1942 undas
1184 1912 1259 1952 ejus
1275 1911 1419 1952 papillas
1442 1915 1477 1942 et
1500 1910 1626 1941 nudum

929 1966 1047 2002 pectus
1059 1962 1251 2002 aspicerent
1265 1973 1272 1993 :
1293 1965 1488 2002 tantamque
1504 1965 1539 1992 et
1554 1970 1628 1992 ora-

928 2012 1020 2042 tione
1048 2015 1085 2042 et
1116 2011 1181 2042 hoc
1204 2010 1296 2042 facto
1314 2010 1470 2052 judicum
1498 2009 1627 2040 miseri-

926 2060 1077 2092 cordiam
1086 2061 1283 2099 commovit‚
1292 2070 1368 2091 cum
1381 2069 1453 2091 eam
1465 2065 1624 2101 tanquam

926 2110 1071 2141 veneris
1083 2110 1298 2141 sacerdotem
1314 2110 1390 2141 oleo
1407 2108 1629 2149 perfudisset,

927 2163 966 2190 ut
984 2159 1121 2199 judices
1151 2159 1317 2199 religione
1336 2159 1481 2200 quadam
1507 2160 1625 2190 animis

927 2219 1043 2241 eorum
1072 2210 1250 2251 occupatis
1281 2220 1320 2241 ac
1351 2210 1538 2251 deterritis,
1560 2220 1626 2241 non

926 2260 995 2291 sint
1010 2260 1083 2291 ausi
1097 2260 1242 2291 Veneris
1267 2260 1484 2291 sacerdotem
1508 2265 1541 2291 et
1570 2269 1628 2290 an-

928 2309 1072 2340 tistitem
1097 2309 1336 2340 condemnare.
1359 2309 1469 2341 Lamb.
1507 2309 1627 2350 [Scho-

928 2357 1070 2389 enborn.
1083 2361 1115 2390 2.
1137 2361 1273 2389 macerat
1288 2358 1433 2390 Pirreni.
1478 2358 1626 2398 Guelph.

930 2407 1074 2448 Plau-neq

928 2457 1041 2488 Esou.
1054 2465 1118 2487 xv.
1142 2455 1200 2487 An
1214 2457 1386 2489 NEAERAM
1402 2464 1560 2492 amcam,
1578 2464 1625 2485 DE

979 2514 1086 2536 cusos
1124 2514 1308 2537 purumne
1353 2513 1629 2538 conoveuiruu.

970 2554 1171 2595 [Bamberg.
1196 2555 1237 2586 In
1253 2555 1394 2586 Na'e'ram
1408 2554 1566 2594 amicam]

972 2607 989 2634 1
1019 2604 1095 2635 Nox
1120 2604 1204 2644 erat]
1229 2603 1301 2635 Aut
1319 2604 1367 2635 ita
1392 2613 1428 2635 se
1449 2612 1502 2634 res
1527 2604 1628 2635 habe-

926 2655 1000 2694 bat,
1015 2659 1075 2685 aut
1100 2658 1196 2684 certe
1211 2652 1332 2694 fingit3
1356 2658 1426 2685 tum
1445 2653 1522 2694 quia
1537 2663 1627 2684 amo-

929 2705 1020 2735 ribus
1039 2709 1121 2744 apta
1141 2713 1219 2744 nox,
1235 2708 1307 2734 tum
1322 2708 1372 2741 kut
1395 2703 1507 2733 lunam
1522 2707 1558 2733 et
1573 2712 1628 2742 sy·

929 2755 1012 2786 dera
1028 2754 1220 2794 juramenti
1239 2754 1344 2785 veluti
1369 2757 1473 2786 testes
1489 2753 1627 2784 laudare

930 2810 1055 2845 posset.
1086 2803 1212 2836 Juven.
1235 2804 1244 2822 ‘
1258 2803 1327 2836 Sed
1341 2803 1422 2836 luna
1435 2801 1544 2844 videt,
1566 2803 1627 2834 sed
