1930 3204
489 289 698 320 uons'ru
733 287 1014 321 suanorum
1046 289 1143 322 mn.
1173 291 1204 322 1.
1233 280 1274 322 5.

152 402 155 406 ⁷
211 385 253 415 58
276 382 424 422 Messias,
447 381 595 423 Accipio]
628 380 775 414 Messius
801 389 852 412 re·

150 433 336 474 spondens,
353 433 488 474 accipio
500 431 644 476 (inquit)
666 430 853 463 convitium

152 494 220 526 quo
236 493 290 516 me
304 484 503 525 proscindis.
531 482 679 524 Accipio]
696 481 854 523 Accipio,

149 534 278 576 iuquit,
292 533 434 573 datum3
456 539 493 566 et
512 537 620 574 caput
635 540 786 572 movens,
801 541 853 563 re-

151 585 334 616 missurum
359 594 398 616 se
418 584 568 616 minatur
591 581 681 624 quod
709 591 853 623 accepe-

152 637 218 672 rat,
248 637 396 675 sumpta,
419 634 454 665 ni
479 632 594 672 fallor,
618 641 640 663 a
666 631 744 672 pilae
773 632 853 664 ludo

151 685 365 726 metaphora.
419 685 498 719 Jam
520 693 603 716 vero
623 682 635 700 ‘
651 687 758 725 caput
783 693 853 716 mo·

151 734 256 772 vere?
281 735 478 767 minantium
507 743 549 766 ae
574 734 661 766 mala
685 734 854 766 meditan-

150 784 236 816 tium
257 790 375 826 gestus
390 789 454 817 est.
498 783 547 816 At
567 783 767 816 Sarmentus
791 784 853 816 mi-

149 834 275 866 nitanti
299 836 404 866 ictum
426 834 583 876 duplicat
611 834 853 867 venustissimo

150 888 350 921 scommate.
371 893 501 925 negans
515 893 553 916 se
568 884 691 916 timere
705 884 852 916 bestiam

147 933 204 965 cui
231 942 338 966 cornu
362 938 540 966 exsectum
565 935 622 967 sit.
652 935 744 967 Tor-r.
791 935 854 967 Co-

145 985 204 1022 pnt
216 986 249 1014 et
263 982 378 1023 movet]
399 984 516 1024 Caput
535 983 660 1024 agitat,
679 983 775 1025 quasi
792 984 852 1016 rui-

150 1033 262 1065 nitans
274 1034 468 1066 Sarmento.
514 1035 555 1070 0,
570 1038 626 1066 tua
639 1035 750 1076 cornu]
771 1035 852 1067 Sar-

149 1089 287 1117 mentus
309 1085 472 1117 Messium
487 1085 646 1118 acerbius
660 1086 810 1119 deridet.

192 1138 236 1167 59
259 1135 379 1168 Eudo
394 1135 501 1178 frons,
513 1135 633 1177 inquit]
663 1136 779 1169 Cornu
794 1145 852 1168 ex-

150 1190 265 1217 ectum
282 1186 473 1227 apparebat
487 1195 531 1218 ex
545 1186 667 1227 insigni
689 1186 852 1219 cicatrice

149 1245 218 1277 qua
246 1234 343 1268 frons
372 1241 449 1268 erat
476 1235 682 1270 deformata.
742 1237 853 1270 Notat

150 1284 295 1318 fortasse
312 1286 491 1327 vestigium
507 1291 642 1318 exectae
659 1296 823 1319 verruca*-

191 1339 235 1368 60
257 1336 316 1368 Sic
329 1337 459 1369 mutilus
471 1337 647 1378 minitaris]
668 1337 774 1370 Quasi
790 1337 851 1370 bos

148 1387 339 1420 mutilatus.

146 1445 259 1470 cerro.

188 1489 230 1518 61
248 1486 403 1528 Selorum]
426 1485 620 1527 Impolitam
633 1490 670 1519 et
683 1486 849 1519 hirsutam

144 1534 307 1568 frontem.
351 1537 442 1568 Laevi
458 1535 614 1577 frontem]
636 1537 688 1568 Ex
711 1536 848 1568 sinistra

146 1590 246 1626 parte
273 1585 386 1619 faciei.
430 1586 590 1628 [Sensum
606 1587 750 1625 frontem
774 1587 848 1618 loevi

146 1636 228 1669 vat.
253 1639 288 1669 ⁶1.
311 1636 394 1669 Vat.
416 1637 533 1669 Palat.
559 1639 592 1670 3.
623 1642 660 1669 et
685 1637 846 1670 vallicel.

184 1739 232 1769 62
254 1736 448 1777 Campum
461 1737 497 1768 in
509 1735 666 1776 morbum]
705 1735 780 1775 Ego
797 1740 847 1767 ta·

146 1785 214 1817 lem
229 1786 382 1826 corporis
397 1785 550 1817 morbum
578 1783 707 1816 Messio
722 1793 848 1824 expro-

146 1834 237 1866 brari
252 1833 471 1874 crediderim,
483 1833 592 1875 qualis
603 1833 672 1874 ille,
681 1833 740 1875 qui
750 1833 779 1866 G
787 1843 848 1865 rae-

146 1892 187 1915 ce
202 1882 327 1923 λειχὴν,
341 1883 464 1915 Latine
475 1883 626 1924 impetigo
634 1882 776 1924 dieitur,
790 1888 848 1916 aut

147 1934 175 1965 si
191 1934 326 1974 gravior
341 1933 471 1974 existit,
484 1936 658 1972 mentagra,
681 1931 775 1964 foedo
790 1943 848 1964 cu-

145 1983 192 2015 tis
213 1981 348 2015 furfure
374 1983 518 2024 primum
534 1987 700 2024 mentum,
722 1982 848 2014 deinde

145 2034 260 2066 vultus
277 2037 368 2065 totos
383 2042 424 2065 ac
439 2033 527 2065 colla
542 2036 730 2074 pectusque
747 2042 847 2064 occu-

147 2092 240 2124 pans.
282 2082 373 2115 Vide
398 2083 491 2114 Plin.
508 2091 612 2114 xxvr.
630 2085 661 2114 1.
704 2082 756 2114 Ac
776 2082 847 2115 for·

145 2132 246 2163 tussis
260 2131 437 2174 Campani,
448 2131 492 2164 oh
504 2131 581 2163 coeli
597 2141 664 2163 non
681 2132 845 2173 optimam

145 2181 360 2222 temperiem,
379 2185 416 2213 et
432 2181 510 2212 vitae
534 2180 846 2222 intemperantiam,

143 2238 186 2263 ea
201 2231 378 2272 luemagis
392 2240 494 2273 quam
509 2231 621 2264 ceteri
646 2231 760 2263 Italiae
785 2241 844 2273 po-

145 2281 217 2322 puli
239 2281 466 2314 laborabant:
491 2280 581 2313 unde
603 2285 640 2314 et
655 2281 704 2313 illi
720 2291 844 2314 nomen

145 2331 303 2364 inditum.
359 2331 462 2364 Quod
499 2331 528 2362 si
557 2330 632 2371 quis
661 2330 705 2362 ad
739 2331 844 2363 animi

146 2380 303 2412 morbum
332 2378 453 2410 referri
480 2379 616 2410 omnino
645 2379 755 2418 malit,
783 2389 845 2420 pro

146 2427 251 2468 fastu,
264 2428 473 2469 arrogantia,
484 2427 681 2468 supercilio,
694 2438 735 2460 ac
750 2427 846 2461 fasti-

146 2478 204 2510 dio
230 2478 361 2518 optime
389 2477 702 2519 interpretabimur.
758 2479 846 2512 Haec

147 2528 238 2560 enim
264 2527 376 2568 omnia
405 2527 456 2559 M.
482 2528 613 2559 Tullius
642 2528 677 2560 in
706 2527 845 2561 Rullum

398 1387 456 1419 ιιιι·
484 1387 573 1426 foeaa
606 1387 759 1429 cicatrix]
795 1388 851 1419 ei-

148 2578 332 2619 Campanis
351 2577 550 2619 exprobrat,
571 2582 608 2610 et
628 2578 778 2619 Capuam
793 2579 844 2620 ip-

148 2638 218 2660 sam
233 2627 441 2660 domicilium
452 2627 629 2670 superbiae
645 2633 682 2660 et
700 2628 844 2661 luxuriae

147 2677 311 2718 appellat-
347 2677 464 2718 Atque
477 2677 543 2709 hoc
555 2681 644 2714 erat,
658 2678 750 2719 quod
764 2679 845 2720 equi

149 2727 215 2759 feri
232 2727 375 2760 similem
390 2728 554 2759 Messium
569 2728 664 2760 initio
688 2728 845 2760 certami-

147 2777 202 2808 nis
213 2777 409 2810 Sarmentus
421 2777 559 2809 dixerit.
573 2778 717 2810 Tor-rent.
751 2779 845 2810 Cam-

146 2837 259 2868 panum
273 2828 308 2859 in
327 2827 476 2869 morbum,
493 2828 526 2860 in
539 2828 672 2871 sociem]
694 2829 734 2861 ln
754 2839 844 2871 mag·
869 2856 871 2858 .

1495 281 1608 323 1635

906 391 967 414 nas
984 391 1155 423 verrucas,
1167 390 1243 425 quae
1254 382 1362 414 instar
1376 391 1539 414 cornuum
1555 383 1606 414 in-

904 432 1137 465 nascebantur
1151 433 1185 465 in
1202 432 1315 466 fronte
1334 433 1446 475 gentis
1462 433 1605 475 Campa-

903 492 969 515 nae.

946 535 988 565 63
1012 532 1152 565 Sultaret
1167 533 1317 576 Cyclopa]
1339 534 1395 566 Ad
1411 534 1605 577 Satyricum

903 583 1088 624 Cyclopem
1113 583 1202 614 haud
1229 583 1331 616 dubie
1352 584 1516 626 respexit.
1560 585 1606 617 Et

903 632 1050 665 fortasse
1075 633 1256 665 Philoxeni
1281 634 1469 676 Cyclopem
1485 635 1520 666 in
1537 634 1606 666 ani-

902 692 959 715 mo
984 683 1120 715 habuit:
1145 685 1188 715 de
1213 694 1280 726 quo
1297 686 1402 716 multa
1419 685 1539 716 Critici
1563 684 1606 716 ad

902 732 1143 774 Aristophanis
1155 734 1308 766 Plutum.
1324 735 1440 768 Heius,
1473 736 1607 777 Cyclopa

901 784 1049 825 rogabat]
1076 784 1127 816 Ut
1141 784 1297 815 saltando
1312 785 1524 825 exprimeret
1540 785 1607 816 Po·

902 833 1110 875 lyphemum.

945 886 987 916 64
1009 883 1116 916 Laron
1129 887 1185 916 out
1199 884 1349 925 tragicis]
1378 884 1530 926 Propter
1544 884 1605 918 foe-

902 932 980 965 dam
1002 934 1200 966 cicatricem
1226 939 1262 966 et
1289 933 1391 967 faciei
1417 936 1607 969 hirsutiem.

904 983 1050 1024 flagiciis
1059 984 1236 1026 cothurnis]
1260 985 1350 1018 Quia
1361 985 1520 1018 cothurni
1533 987 1606 1027 apti

898 1033 1064 1067 dicuntur
1086 1035 1224 1077 utrique
1250 1035 1343 1075 pedi,
1366 1035 1445 1067 hinc
1470 1035 1606 1067 dubitat

901 1085 1086 1128 Cruquius‚
1099 1096 1142 1117 an
1157 1095 1224 1118 non
1240 1086 1368 1118 alludat
1381 1086 1546 1118 Horatius
1560 1086 1605 1118 ad

900 1135 1167 1168 inconstantiam
1182 1136 1334 1168 Cicerri:
1356 1137 1447 1178 quod
1471 1137 1500 1168 is
1515 1141 1608 1169 esset

901 1186 1046 1219 incertae
1070 1191 1108 1218 et
1131 1187 1293 1228 ancipitis
1318 1187 1488 1227 factionis,
1515 1197 1607 1220 nuuc

902 1236 1053 1278 Augusti
1069 1237 1226 1278 partibus
1242 1237 1435 1279 adhaerens,
1449 1247 1541 1270 nunc
1556 1238 1606 1270 fa·

902 1296 985 1318 vens
1011 1287 1175 1320 Antonio.
1229 1286 1420 1327 Cothumis]
1455 1289 1607 1331 Propter

899 1345 1056 1377 magnam
1073 1337 1226 1377 corporis
1243 1342 1421 1370 staturam.

941 1389 983 1418 65
1003 1386 1109 1418 Multa
1121 1386 1267 1418 Cicerrus
1280 1388 1323 1419 ad
1335 1388 1411 1425 ἠως,
1426 1387 1499 1429 ξω]
1516 1389 1606 1421 Mul·

900 1439 936 1467 ta
951 1436 1111 1468 Cicerrus
1128 1435 1215 1468 dixit
1229 1436 1262 1468 in
1279 1437 1508 1470 Sarmentum.
1544 1439 1607 1470 Cu·

898 1485 1017 1526 tenum]
1039 1485 1118 1517 Vile
1133 1486 1339 1526 mancipium
1355 1485 1459 1518 fuisse
1475 1487 1605 1529 signifi-

897 1539 968 1575 cat,
983 1535 1042 1576 qui
1059 1535 1111 1566 vel
1126 1535 1170 1567 ob
1186 1534 1278 1576 fugae
1295 1535 1537 1577 suspicionem,
1552 1538 1607 1569 vel

898 1584 987 1627 qnod
1004 1585 1046 1617 ad
1062 1594 1149 1627 opus
1164 1585 1302 1627 aliquod
1317 1595 1337 1617 a
1353 1586 1492 1618 domina
1508 1587 1605 1619 dam-

897 1641 999 1668 natus
1013 1635 1140 1675 fuerat,
1153 1640 1335 1667 catenatus
1351 1637 1543 1676 serviebat3
1567 1642 1606 1669 ut

899 1685 1019 1717 rustici
1035 1685 1125 1716 servi
1144 1694 1275 1722 omnes,
1299 1685 1379 1716 ideo
1393 1685 1531 1716 viliores
1546 1687 1606 1718 ha-

899 1734 976 1766 biti.
1015 1735 1160 1766 Torrent-
1221 1735 1388 1775 Cute-mm]
1427 1735 1606 1776 catenam,

897 1793 964 1826 qua
989 1782 1102 1815 fuerat
1126 1783 1262 1824 ligatus,
1288 1783 1386 1824 quasi
1412 1793 1544 1822 servus,
1567 1790 1605 1817 et

897 1842 978 1875 qua,
997 1833 1071 1874 jam
1096 1833 1332 1869 manumissus,
1348 1832 1464 1866 fuerat
1480 1835 1603 1867 libera-

898 1887 967 1916 tus.

939 1935 982 1965 66
1006 1933 1140 1965 Exvoeo
1154 1931 1306 1973 Laribus]
1339 1932 1496 1974 Rogabat
1522 1944 1602 1967 num

896 1992 919 2014 a
944 1981 1022 2014 foco
1047 1983 1124 2014 Diis
1151 1982 1296 2014 Laribus
1321 1992 1419 2015 sacro
1445 1989 1603 2017 catenam

896 2031 1142 2073 suspendisset.
1185 2031 1313 2074 Scriba]
1350 2034 1458 2066 Erant
1483 2035 1601 2068 Romae

895 2082 1019 2114 scribae
1053 2082 1254 2121 Quaestorii,
1289 2083 1411 2115 scribae
1448 2084 1602 2120 AEdilitii,

895 2130 1070 2171 Praetorii,
1094 2131 1256 2172 Navales,
1278 2136 1314 2164 et
1337 2132 1407 2168 alii,
1423 2134 1478 2165 vel
1495 2143 1515 2166 a
1530 2144 1601 2166 ma-

894 2180 1095 2221 gistratibus
1126 2180 1250 2222 quibus
1283 2181 1466 2223 parebant,
1496 2184 1551 2216 vel
1580 2194 1600 2216 a

892 2229 1071 2263 functione
1098 2230 1132 2261 in
1161 2240 1229 2272 qua
1254 2230 1496 2273 versabantur,
1524 2233 1599 2265 aliis

893 2285 998 2322 atque
1033 2280 1108 2313 aliis
1143 2281 1397 2322 cognominibus
1433 2283 1599 2317 distincti.

894 2331 1002 2362 Erant
1027 2335 1063 2362 et
1085 2331 1209 2362 scribae
1234 2331 1269 2362 in
1295 2332 1491 2373 municipiis
1508 2334 1599 2365 colo-

893 2379 1037 2420 niisque.
1069 2380 1267 2411 Sarmentus
1282 2379 1436 2412 fortassis
1450 2381 1597 2413 Caesaris

894 2427 1062 2460 beneficio
1086 2429 1274 2461 scribatum
1301 2430 1445 2471 adeptus
1472 2430 1599 2462 fuerat.

894 2478 1020 2519 Neque
1035 2477 1079 2509 ab
1094 2487 1135 2510 eo
1149 2478 1267 2511 ordine
1291 2479 1406 2511 liberti
1434 2480 1598 2512 arceban-

894 2531 962 2559 tur.
1006 2527 1271 2568 Magistratuum
1289 2538 1372 2560 vero
1390 2529 1508 2560 scribae
1524 2533 1595 2560 tam

894 2577 1024 2617 Romae,
1052 2585 1153 2617 quam
1178 2576 1212 2607 iu
1236 2578 1431 2618 municipiis
1451 2578 1595 2610 honeste

893 2628 1001 2659 habiti
1020 2627 1131 2660 fuere.
1157 2628 1301 2660 Tamne.

935 2681 978 2710 67
1001 2678 1153 2710 Deterius
1174 2679 1290 2720 nihilo]
1326 2678 1421 2711 Libri
1447 2680 1594 2712 melioris

893 2732 984 2760 notae
1001 2738 1060 2760 sex
1075 2728 1172 2760 nihilo
1185 2730 1322 2761 deterius
1336 2730 1474 2771 legunt.>
1511 2730 1592 2762 vid.

893 2779 1032 2812 Canter-
1047 2780 1178 2813 Novar.
1196 2781 1293 2812 Lect.
1307 2790 1362 2813 xv.
1379 2784 1432 2813 14.
1451 2781 1593 2814 Tmen.

893 2829 1044 2862 Deterius
1058 2830 1156 2862 nihilo
1170 2830 1318 2871 dominoe]
1353 2831 1466 2865 Nihilo
1482 2831 1591 2864 minus
