1916 3262
425 283 633 315 Ηοκᾼτιι
667 283 939 315 cARMiNuM
974 282 1069 314 mn.
1100 283 1174 315 ιιι.
1203 274 1274 317 21.

169 378 212 408 28
236 376 292 408 Me
304 378 416 413 lentus,
428 375 497 417 &eq
519 375 771 408 Contabescere
782 384 820 407 se

126 425 346 465 languentem
375 434 488 457 amore
516 424 699 465 significat,
727 428 765 456 nt
794 433 821 456 1.

129 473 198 511 Od.
215 476 267 506 13.
280 478 317 506 et
331 474 450 515 pulcre
463 473 587 505 Tibull.
602 482 628 504 1.
642 476 675 505 4.
699 472 709 489 ‘
725 474 823 505 Eheu

129 532 229 563 quam
264 523 441 555 Marathus
475 523 568 554 lento
603 531 657 554 me
685 526 824 565 torquet

129 581 243 604 amore
253 571 274 603 ξ’
303 572 346 604 Id
357 576 421 610 est,
435 572 535 613 longo
547 581 588 603 ac
599 570 741 609 difficili,
753 573 826 613 qui-

130 631 196 662 que
210 622 296 654 solvi
309 626 468 664 nequeat,
482 626 520 654 ut
539 622 653 654 ‘lenta
675 622 824 654 vincula’

129 671 273 709 Plautus
298 671 397 703 dixit.
421 670 561 704 Torrent-
602 671 722 703 Lentus
746 671 825 713 Gly-

128 731 208 757 ceroe
216 721 318 762 amm]
333 721 526 762 Languidus
537 731 641 759 amor,
649 722 707 763 qui
719 723 824 763 lente,

129 777 165 803 et
188 771 247 803 diu
268 776 471 814 protractus,
491 781 546 803 me
566 772 728 814 languore
753 771 825 804 affi-

127 820 188 857 cit.
220 821 330 853 Torret
342 821 461 861 amore]
474 821 622 853 Interius
635 822 814 854 consumit.

131 870 214 902 One
235 878 297 902 xx.
321 870 497 910 Μεμπική.
542 872 600 903 An
623 873 829 912 Primnum.

170 920 227 952 Ne
244 919 428 954 formosum
441 922 636 954 Nearchum
651 932 671 953 a
685 932 746 954 sua
760 932 830 954 me-

170 970 332 1003 retricula
357 972 542 1005 abstrahat.
589 972 831 1014 [Symboleueice

171 1021 214 1052 ad
237 1021 412 1062 Pyrrham,
434 1023 623 1063 temptando,
637 1022 711 1064 quin
727 1023 830 1054 Near-

172 1069 263 1100 chum
276 1070 421 1102 sollicitet
434 1071 632 1112 Bamberg.]

175 1121 193 1150 1
218 1119 347 1152 Manem
357 1120 493 1162 periclo]
515 1122 661 1163 Eripere
675 1123 830 1155 coneris:

132 1178 195 1209 pro
211 1168 222 1186 ‘
235 1171 416 1202 amoveas.'

174 1221 196 1249 2
222 1219 347 1250 Getulae
375 1222 493 1252 catulos
521 1222 642 1263 leoenoe]
682 1224 831 1255 Leonum

132 1268 250 1299 nutrix
267 1267 405 1308 Africa3
422 1274 461 1301 ut
476 1271 519 1302 de
534 1271 743 1303 Mauritania
758 1273 831 1304 dix-

130 1317 159 1348 it
185 1326 210 1349 1.
227 1318 296 1349 Od.
312 1321 367 1350 22.
388 1320 498 1351 leaena
521 1326 636 1352 autem
662 1321 747 1352 foeta
769 1331 832 1362 pro

130 1367 252 1398 catulis
287 1367 470 1399 dimica-:ite
507 1370 589 1399 nihil
637 1370 832 1401 terribilius.

131 1416 223 1448 Plin.
238 1424 319 1447 vui.
337 1418 389 1448 16.
432 1417 529 1449 Bene
546 1418 651 1458 igitur
666 1418 832 1450 Horatius

131 1463 302 1502 feminam,
336 1466 391 1498 cui
413 1475 544 1498 amores
576 1467 834 1509 subtrahantur,

129 1514 346 1547 ferocissimae
361 1515 410 1546 illi
427 1515 549 1547 belluae
565 1521 754 1559 comparat,
778 1517 833 1549 cui

132 1569 265 1606 raptor,
288 1564 400 1605 impar
425 1565 566 1606 viribus,
587 1566 646 1598 diu
674 1567 832 1599 resistere

132 1624 200 1647 non
211 1615 312 1647 ausit.
325 1615 412 1646 Torr.
466 1616 595 1648 Catulos
607 1616 728 1657 leaenae]
744 1617 829 1648 Cru-

132 1666 232 1707 quins
245 1665 357 1699 credit
371 1665 427 1698 hie
443 1666 548 1698 alludi
564 1667 606 1698 ad
622 1668 829 1708 lenam,quae

131 1715 273 1751 catulos,
289 1715 324 1746 id
339 1719 404 1754 est,
419 1724 543 1756 pueros
561 1716 675 1748 alebat
697 1716 832 1747 merito-

133 1765 202 1796 rios
216 1765 303 1796 lucri
318 1766 441 1806 gratia,
462 1766 553 1797 inter
566 1775 651 1807 quos
671 1770 745 1798 erat
761 1766 832 1798 Ne-

134 1813 269 1853 archus,
282 1823 382 1854 quem
395 1823 518 1854 rapere
533 1815 640 1847 invita
654 1816 743 1856 lena,
765 1825 831 1847 non

135 1869 211 1896 erat
226 1868 347 1896 tntum.
391 1865 530 1905 Leoenoe]
545 1866 615 1897 Per
630 1867 770 1898 leaenam
783 1866 833 1897 in·

138 1914 266 1955 telligit
282 1914 428 1955 puellam
441 1927 451 1954 3
474 1924 535 1955 per
550 1916 713 1954 catulum,
726 1916 834 1948 Near-

138 1964 261 2003 chnm3
282 1973 345 2005 per
359 1969 544 2005 raptorem,
561 1965 743 2007 Pyrrhum.

178 2017 199 2046 3
222 2013 384 2054 [naudus]
405 2014 557 2046 Timidus
573 2019 701 2056 raptor.

179 2068 199 2096 ⁵
229 2064 412 2105 Obstantes]
445 2064 679 2105 Impedientes
703 2069 739 2098 et
767 2066 835 2097 dis-

137 2112 330 2149 suadentes,
345 2122 387 2144 ne
412 2123 474 2154 per
488 2114 556 2145 vim
572 2119 710 2155 repetat
726 2115 836 2148 Near-

134 2164 245 2195 chum.
269 2163 366 2203 Cruq.
415 2164 586 2204 Just-enum]
609 2164 676 2198 Qui
704 2165 838 2206 Pyrrho

135 2212 258 2255 aequali
273 2223 335 2245 suo
350 2212 502 2255 faveant,
517 2218 555 2245 nt
570 2214 604 2245 in
620 2215 749 2255 nuptiis
760 2214 837 2247 fieri

140 2263 354 2295 consuevisse
368 2264 521 2296 Catullus
534 2265 688 2296 ostendit
703 2266 836 2305 pulcer-

141 2313 226 2345 rimo
241 2313 299 2344 illo
312 2313 477 2354 carmine,
491 2316 501 2331 ⁶
511 2315 647 2354 Vesper
662 2315 772 2354 adest,
780 2315 836 2355 ju—

138 2372 244 2395 venes
281 2363 502 2404 consurgite‚'
533 2366 598 2396 &c.
653 2364 751 2404 [Quae
778 2375 836 2406 per

139 2411 340 2452 Bamberg.]
506 2443 522 2459 ς

184 2464 207 2492 6
229 2461 294 2493 Ibit
309 2462 480 2502 insignem]
503 2463 615 2496 Quum
640 2463 703 2496 ibit
727 2474 836 2498 mere-

142 2511 275 2543 tricula.
318 2511 512 2553 Nearchum]
531 2513 624 2544 Talis
636 2514 691 2545 hic
706 2514 762 2546 isti
785 2514 838 2546 fe-

142 2560 372 2602 minae‚qualis
387 2561 477 2601 apud
492 2561 665 2594 Tibullum
679 2563 841 2603 Sulpiciae

144 2610 334 2642 Cerinthus.
359 2610 503 2641 Torrent.

185 2662 206 2691 7
233 2659 363 2690 Grande
376 2660 546 2701 certamen]
563 2660 690 2701 Magna
705 2664 842 2693 conten-

143 2709 191 2741 tio
207 2709 272 2740 etit
287 2709 377 2740 inter
393 2718 462 2747 vos,
476 2714 589 2741 utrum
603 2715 640 2742 tu
656 2711 784 2750 vinces,
796 2721 840 2743 an

143 2759 214 2796 illa,
231 2758 265 2789 id
281 2763 347 2794 est.
362 2763 439 2790 uter
455 2763 606 2791 vestrum
623 2759 782 2793 Nearcho
797 2761 841 2792 sit.

144 2808 331 2848 potiturus.

229 2859 344 2901 Delph.
358 2864 389 2892 et
410 2860 485 2895 Var.
504 2862 587 2894 Clas.

813 2861 934 2894 Horat.

1460 277 1573 321 1473

916 376 936 406 8
959 374 1082 416 Maior]
1104 376 1232 407 Utilior
1246 379 1282 407 et
1307 376 1449 418 gratior,
1467 377 1576 412 tibine

876 424 921 456 oh
935 433 1096 465 amorem,
1111 434 1154 456 au
1178 425 1226 456 illi
1248 425 1294 456 ob
1315 425 1460 458 lucrum.
1480 427 1578 468 Cruq.

918 478 940 506 9
962 475 1098 507 Interim
1125 474 1215 515 dam]
1251 475 1375 507 Manet
1401 474 1515 507 Po'e'ta
1544 477 1578 509 in

877 524 1074 557 suavissima
1085 524 1274 567 Allegoria.

924 578 964 606 10
979 575 1063 606 Hoec
1074 575 1195 616 dentes]
1214 575 1259 607 Et
1274 575 1354 606 dum
1369 574 1442 606 haec
1459 573 1580 606 dentes

880 625 982 659 acuit.
1025 625 1147 657 Dentes
1160 625 1244 656 acuit
1267 624 1436 665 timendos]
1458 624 1501 656 Id
1529 623 1581 655 fa-

879 684 958 707 cere
972 675 1047 716 apri
1063 676 1188 714 solent,
1197 675 1286 716 quod
1300 680 1336 707 et
1346 675 1442 715 Virg.
1454 674 1581 714 Georg.

880 729 1044 757 testatur:
1061 726 1071 744 ‘
1085 725 1167 766 Ipse
1183 725 1252 756 ruit
1266 725 1453 766 dentesque
1467 724 1584 756 Sabel-

881 775 965 806 licus
978 775 1115 807 exacuit
1127 784 1195 815 sns,
1219 775 1265 806 Et
1285 774 1376 816 pede
1393 773 1585 814 prosubigit

883 829 1022 865 terram,
1031 823 1134 856 fricat
1149 824 1270 855 arbore
1283 822 1421 862 costas,'
1434 825 1499 854 διο.

927 876 966 905 11
990 873 1122 906 Arbiter
1140 872 1270 915 ρας-κω]
1313 872 1368 904 Ad
1393 871 1585 904 similitudi-

883 932 961 955 nem
987 932 1120 963 eorum,
1134 923 1192 964 qui
1219 922 1307 954 ludis
1332 922 1404 953 sive
1427 921 1586 959 scenicis,

883 973 955 1005 sive
967 972 1129 1014 gymnicis
1143 976 1331 1013 praeerant,
1342 981 1382 1003 ac
1398 971 1586 1004 victoribus

882 1033 942 1055 sua
966 1024 1107 1064 praemia
1122 1023 1338 1055 deferebant.
1384 1022 1499 1055 Graeci
1515 1024 1590 1063 βρα·

883 1074 999 1109 βευτὰς
1023 1078 1060 1105 et
1087 1071 1282 1112 ἀγωνοθέτας
1307 1077 1444 1103 vocant.
1489 1071 1588 1102 Idem

883 1123 937 1154 hic
950 1131 1033 1163 ergo
1046 1123 1240 1154 certaminis
1248 1122 1434 1162 jndex,qui
1450 1125 1488 1152 et
1500 1130 1588 1161 prae-

884 1171 937 1203 dae
954 1171 1032 1203 fuit.
1050 1171 1198 1203 Torreat.
1233 1171 1365 1203 Arbiter
1375 1170 1508 1212 pugne]
1523 1170 1590 1202 Ille

886 1221 1064 1253 Nearchus
1080 1221 1178 1263 quasi
1194 1231 1318 1262 pugnae
1335 1222 1447 1262 judex
1463 1220 1590 1252 dicitur

885 1271 1012 1302 habere
1027 1271 1062 1302 iu
1077 1281 1141 1302 sua
1155 1276 1330 1312 potestate
1347 1270 1540 1309 victoriam,
1551 1274 1590 1302 ut

886 1320 956 1352 utri
973 1319 1069 1360 velit,
1085 1320 1263 1351 victoriam
1280 1319 1468 1360 adjudicet.

931 1371 971 1399 12
994 1368 1061 1399 Sub
1081 1369 1159 1407 pede
1178 1368 1330 1408 palmam]
1364 1367 1524 1398 Dicimur
1549 1376 1590 1398 ea

886 1417 969 1448 ‘sub
982 1416 1126 1457 pedibus
1144 1425 1272 1457 ponere
1292 1420 1329 1447 et
1343 1415 1492 1455 habere,'
1515 1425 1589 1458 quae

885 1468 986 1509 plane
1003 1467 1035 1497 in
1051 1470 1170 1498 nostra
1185 1471 1265 1498 sunt
1283 1470 1471 1506 potestate,
1486 1466 1536 1498 ita
1553 1471 1590 1498 ut

886 1520 1064 1557 proterere
1080 1520 1116 1546 et
1139 1516 1274 1547 calcare
1295 1515 1413 1555 liceat,
1437 1525 1515 1547 cum
1537 1516 1591 1547 lu-

886 1566 966 1598 bet:
980 1570 1016 1597 et
1031 1566 1079 1597 sic
1093 1564 1210 1597 Graeci
1226 1564 1284 1595 ὑπὸ
1297 1563 1393 1596 πόδας
1406 1563 1544 1597 τίθεσθαι
1555 1569 1593 1597 et

885 1616 1007 1647 παθεῖν.
1039 1615 1082 1646 Ρ.
1093 1615 1269 1647 Victorius
1282 1615 1364 1647 Var.
1375 1616 1475 1647 Lect.
1486 1624 1547 1648 xv.
1560 1619 1593 1647 4.

885 1666 1081 1698 Nearchum
1103 1675 1185 1705 ergo
1211 1665 1466 1696 adolescentem
1494 1675 1592 1697 secu-

885 1725 959 1747 rum
974 1724 1051 1746 esse
1068 1714 1219 1749 ostendit
1231 1720 1334 1756 atque
1349 1723 1465 1745 eorum
1482 1715 1592 1756 negli-

886 1773 969 1805 gere
981 1763 1252 1803 contentionem,
1266 1764 1322 1804 qui
1339 1763 1382 1794 de
1399 1772 1449 1803 re,
1464 1773 1541 1804 quae
1556 1764 1592 1794 in

887 1813 992 1855 ipsius
1018 1812 1163 1844 arbitrio
1190 1813 1248 1852 sit,
1271 1813 1423 1852 litigent.
1449 1813 1594 1844 Torrent-

886 1864 975 1896 vide
990 1868 1027 1896 et
1048 1864 1170 1900 Franc.
1192 1863 1325 1895 Luisini
1347 1864 1522 1906 Parergon
1548 1873 1589 1895 ιι.

887 1917 941 1946 26.

933 1967 974 1996 13
987 1966 1032 1997 Et
1047 1965 1108 1997 leni
1118 1965 1273 2007 recreare]
1289 1965 1413 1996 Fertur
1424 1972 1592 2002 recreare,

888 2017 951 2047 &c-
975 2014 1104 2055 [codd.
1119 2024 1176 2055 ap.
1190 2015 1314 2050 Jaeck,
1333 2015 1394 2046 levi
1409 2015 1594 2054 recreasse]

934 2066 973 2095 15
998 2063 1204 2102 Nireussuit,
1218 2065 1291 2105 aut]
1313 2064 1391 2095 Rex
1403 2064 1506 2100 Naxi,
1523 2073 1594 2094 om-

891 2112 983 2144 nium
1009 2112 1224 2151 Graecorum,
1253 2113 1310 2154 qui
1335 2111 1377 2143 ad
1407 2113 1593 2153 Trojanum

891 2162 1017 2194 bellum
1027 2166 1360 2203 venerunt,excepto
1370 2160 1517 2202 Achille,
1525 2161 1596 2193 sor-

890 2212 1097 2244 mosissimus
1112 2223 1123 2243 a
1144 2217 1182 2244 et
1208 2212 1303 2253 cujus
1327 2211 1437 2243 forma
1460 2212 1494 2243 in
1516 2221 1594 2252 pro-

890 2262 1045 2294 verbium
1061 2261 1158 2294 abiit.
1197 2261 1447 2302 [Schoenborn.
1461 2264 1492 2293 2.
1509 2262 1596 2296 Qua-

891 2311 932 2343 lis
956 2314 986 2343 et
1002 2311 1128 2342 Nereus
1144 2311 1215 2349 fuit
1241 2314 1295 2342 aut
1322 2320 1448 2351 aquosa.
1491 2311 1594 2342 Bam·

888 2361 985 2400 berg.
998 2361 1116 2400 etiam,
1132 2361 1282 2400 Nereus-J

932 2412 974 2441 16
995 2409 1136 2450 Raptus]
1159 2410 1391 2450 Ganymedes.
1436 2410 1512 2451 Ida]
1530 2410 1594 2442 Ida

888 2458 1048 2499 Phrygiae
1064 2467 1157 2488 mons
1168 2462 1222 2489 est
1233 2458 1383 2494 fontibus
1399 2458 1590 2496 abundans,

891 2507 983 2539 unde
1001 2507 1068 2538 dno
1085 2505 1234 2538 refluunt
1249 2506 1356 2546 fluvii,
1368 2507 1593 2545 Scamander,

892 2563 928 2590 et
941 2557 1074 2589 Simois.

893 2608 977 2640 One
996 2615 1074 2638 xxi.
1096 2605 1311 2647 Παραινετικὴ.
1359 2606 1414 2637 An
1439 2605 1595 2639 Amno-

935 2665 1027 2689 ΒΑΜ.
1070 2656 1197 2690 Jocose
1211 2666 1285 2688 eam
1301 2655 1472 2695 admonet,
1492 2662 1529 2688 ut
1545 2657 1594 2688 vi-

935 2717 1015 2739 nnm
1037 2710 1206 2738 vetustum
1231 2707 1269 2737 in
1289 2706 1426 2738 Corvini
1451 2706 1594 2746 gratiam

938 2756 1103 2795 effundat,
1130 2755 1234 2795 unde,
1262 2755 1438 2786 occasione
1468 2755 1593 2793 oblata,

940 2809 1010 2840 vini
1025 2807 1140 2841 laudes
1154 2811 1407 2840 commemorat.

1430 2863 1448 2890 5
1473 2859 1505 2890 A
