1916 3262
359 248 471 291 1408

360 353 422 390 put
432 349 598 390 ”pultum
613 353 675 385 est,
701 359 765 380 nou
788 351 889 381 etiam
907 350 960 381 ubi
976 360 1040 382 οω-

360 402 434 430 tera
461 397 611 428 membra
646 398 717 428 sine
746 398 870 438 capite.
901 399 1039 430 Tem-ent.

360 445 460 477 δέκα
473 445 632 485 obligasti]
654 445 811 484 Simulac,
825 446 858 476 id
875 451 938 485 est,
950 450 1040 485 post·

359 503 457 535 quam
485 503 544 534 per
567 498 670 534 caput
695 499 786 525 tuum
802 495 924 534 jurasti
945 505 984 526 ac
1007 500 1040 526 te

358 541 576 573 obstrinxisti.
621 541 708 572 Nam
724 542 779 582 qui
803 547 880 574 vota
902 542 986 574 facit
1001 552 1040 573 ac

360 599 397 621 se
430 590 586 630 devovet,
621 591 724 630 ligare
761 600 796 622 se
830 591 1040 632 intelligitur.

359 638 490 669 Salmas.

401 685 642 725 [Schoenborn.
656 688 688 717 2.
709 686 883 726 enitescam]

401 737 421 764 8
443 733 572 764 Publica
585 734 674 772 cura]
690 734 728 764 In
746 734 912 773 pubiicum
928 734 1041 774 prodis

360 790 380 812 a
395 781 506 812 multis
517 781 700 821 juvenibus
717 783 814 813 unice
827 787 946 813 amata.

400 834 421 862 9
443 831 579 870 Expedit
601 830 724 869 matris]
746 831 840 861 Utile
863 836 916 862 est
933 830 993 861 tibi
1008 834 1043 860 et

359 879 432 910 aliis
453 878 498 919 (si
515 879 663 919 perjuria
679 888 744 909 non
763 878 959 918 puniantur)
976 888 1042 909 ma-

359 927 404 957 tri
419 931 559 957 mortuae
582 927 742 966 promissa
761 936 825 957 non
843 928 1042 966 persolvere.

359 975 478 1005 Matris
485 974 614 1013 cineres]
623 974 725 1014 eujus
736 985 849 1005 manes
858 985 907 1007 sc.
917 985 979 1015 per
986 985 1042 1006 eos

360 1023 545 1062 pejerando
570 1023 705 1061 laeserit,
731 1033 770 1054 ac
791 1029 918 1054 tantam
941 1025 1043 1055 cineri

359 1074 461 1110 atque
477 1070 603 1100 ossibus
620 1071 692 1110 ejus
706 1071 859 1110 injuriam
878 1072 1043 1103 intulerit.

359 1118 429 1148 Per
443 1127 517 1149 ossa
533 1118 618 1148 enim
634 1122 668 1148 et
690 1119 817 1149 cineres
838 1129 971 1150 suorum
989 1120 1044 1160 ju·

359 1175 435 1197 rare
451 1172 485 1197 et
499 1166 660 1197 obtestari
677 1166 792 1197 solitos
808 1169 972 1208 antiquos,
987 1177 1044 1199 no·

360 1219 431 1246 tum
460 1220 512 1246 est
539 1225 583 1246 ex
604 1215 728 1246 Tibull.
755 1215 813 1247 lib.
828 1225 884 1246 111.
907 1218 916 1234 ⁴
935 1217 1044 1248 Parce

360 1272 421 1303 per
433 1263 609 1294 immatura
618 1268 683 1297 tuae
697 1273 897 1302 precorossa
911 1265 1046 1303 sororis,

360 1312 415 1342 Sic
437 1312 520 1342 bene
542 1312 603 1342 sub
630 1315 747 1341 tenera
770 1321 874 1350 parva
895 1313 1045 1351 quiescat

360 1360 481 1391 humo?
497 1361 638 1391 Torrent.
659 1359 896 1398 [Schoeuborn.
912 1363 943 1391 2.
958 1370 1044 1400 oper-

359 1409 434 1448 tom]

403 1460 444 1488 10
477 1458 519 1488 Et
550 1460 612 1487 toto
640 1456 808 1495 taciturna]
841 1457 884 1486 Et
913 1465 1043 1487 omnem

360 1506 472 1537 mundi
508 1505 720 1545 majestatem
755 1503 886 1542 fallere,
915 1505 1046 1535 scilicet

360 1553 482 1593 sydera
507 1562 582 1592 qnae
604 1558 682 1583 sunt
710 1552 780 1582 visa
802 1557 898 1583 nocte
921 1553 1046 1583 silenti.

362 1603 437 1633 Toto
462 1602 627 1639 taciturna,
650 1601 718 1641 ssa]
745 1601 827 1631 Tale
849 1601 911 1631 hoc
931 1601 1044 1630 AEneae

355 1650 590 1691 jusjurandum
614 1651 708 1690 Virg-
727 1650 800 1680 AEn.
818 1658 871 1681 ιν.
893 1651 903 1667 ⁴
922 1650 988 1680 Per
1002 1650 1045 1679 si-

361 1700 443 1730 dera
463 1699 556 1739 juro,
585 1699 653 1729 Per
681 1707 832 1737 superos,
859 1702 895 1728 et
925 1699 952 1727 si
980 1707 1045 1738 qna

361 1747 445 1778 fides
469 1748 586 1778 tellure
611 1747 673 1777 sub
699 1747 764 1777 ima
789 1746 864 1777 est!
907 1748 953 1778 Et
973 1747 1045 1778 AEn.

362 1805 412 1826 xr.
446 1795 456 1812 ⁴
473 1796 602 1827 Coelum
627 1796 690 1826 hoc
714 1799 750 1826 et
778 1795 909 1826 conscia
938 1796 1046 1827 sidera

361 1843 489 1876 testor:

406 1895 444 1923 12
466 1893 570 1922 Morte
583 1893 736 1933 carentes]
762 1894 854 1923 Deos
875 1893 1044 1924 immorta-

361 1942 410 1971 les
434 1940 610 1972 ἀθανάτους.
654 1941 744 1972 Nihil
769 1941 856 1972 enim
879 1942 1045 1981 vulgatius

363 2000 460 2030 quam
477 1999 537 2030 per
551 1991 623 2020 illos
640 1991 766 2029 jurare.

405 2041 444 2068 13
471 2039 562 2068 Ridet
577 2039 631 2068 hoc
648 2038 763 2077 Venus]
787 2038 849 2069 Hae
871 2043 1045 2078 perpetuae

363 2086 540 2116 amantium
555 2086 640 2116 inter
653 2095 688 2116 se
700 2086 927 2125 querimoniae.
957 2087 1045 2118 Qua-

363 2134 404 2164 lis
427 2134 484 2164 illa
498 2133 600 2165 etiam
618 2134 782 2164 Ariadnes
798 2135 898 2172 longe
915 2135 1045 2173 pulcer-

351 2182 447 2212 ‘rima
462 2181 549 2221 apud
572 2182 696 2213 Catull.
721 2182 730 2198 ‘
747 2182 845 2212 Nunc
862 2182 933 2221 jam
957 2183 1046 2212 nulla

364 2231 435 2261 viro
452 2230 582 2270 juranti
608 2229 731 2260 femina
757 2230 896 2261 credat!
947 2231 1044 2263 Quod

365 2289 446 2320 ergo
462 2281 471 2297 ‘
485 2280 650 2310 Venerem
666 2279 794 2309 ridere'
810 2279 857 2309 ait
871 2278 1045 2314 Horatius,

365 2326 399 2357 id
414 2327 456 2357 ad
471 2330 663 2357 consuetum
686 2326 954 2357 muliercularum
973 2327 1045 2366 jus-

360 2375 542 2416 jurandum
570 2374 764 2413 referemus,
794 2384 852 2415 per
879 2375 1046 2408 Jnnonem

366 2433 457 2455 suam
487 2425 720 2464 Veneremque
745 2424 942 2464 jurantium.
972 2424 1046 2455 Tor-

364 2477 446 2504 rent.
493 2473 586 2504 Ridet
604 2473 673 2513 hoc]
695 2473 771 2504 Hoc
786 2472 919 2503 deridet
934 2473 1046 2503 Venus

365 2520 491 2552 Tibull.
511 2522 520 2538 ‘
533 2521 688 2561 Perjuria
703 2520 791 2551 ridet
805 2525 971 2551 amantum
985 2520 1046 2552 Ju-

367 2569 467 2608 piter,
482 2574 517 2600 et
531 2574 649 2600 ventos
666 2569 760 2600 irrita
773 2568 864 2600 ferre
882 2568 1004 2608 jubet.'

410 2620 449 2648 14
464 2618 623 2658 Simplices
635 2618 804 2659 Nymphae]
822 2618 984 2659 Nymphae
997 2616 1046 2648 fa-

369 2664 462 2702 ciles,
488 2666 620 2698 minime
649 2668 757 2706 malae,
788 2676 853 2698 non
879 2666 1046 2697 iracundae

367 2712 505 2744 Veneris
526 2715 677 2755 comites,
691 2716 843 2748 nimirum
860 2715 882 2748 J
886 2725 976 2752 ocus,
991 2715 1047 2746 Ri-

802 260 940 290 No't‘AE
977 260 1230 291 vARtoRtJM
1264 261 1313 291 IN

1089 360 1156 389 sus,
1173 351 1302 383 Fletus.
1765 378 1771 384 .

1134 402 1172 430 16
1195 401 1269 431 Coee
1288 399 1428 439 cruenta]
1451 401 1558 433 Quam
1576 399 1671 431 Deus
1684 401 1770 433 settis

1089 452 1144 478 cet
1171 447 1226 478 ille
1252 449 1326 479 telis
1350 448 1508 479 acuendis
1530 457 1596 479 non
1619 458 1716 490 equa,
1733 455 1773 482 nt

1089 495 1163 526 fieri
1199 497 1296 535 solet,
1333 498 1391 528 sed
1426 507 1543 528 cruore
1578 497 1773 538 perfundat,

1090 543 1268 575 amantium
1303 546 1396 576 malis
1437 545 1598 585 gaudens.
1634 546 1773 578 strnue.

1092 591 1169 622 Cote
1189 593 1328 632 omenta]
1353 595 1435 624 Cote
1457 602 1589 633 aspersa
1611 594 1772 634 sanguine

1091 639 1296 679 sagittarum,
1307 651 1381 681 quae
1393 642 1425 672 in
1439 642 1495 672 illa
1507 646 1584 673 eote
1593 647 1772 682 acuuntur,

1091 687 1156 726 vel,
1169 693 1308 724 cruenta
1327 689 1450 720 dicitur
1466 699 1535 728 cos,
1554 694 1693 730 propter
1707 698 1774 722 ete·

1092 736 1148 765 des
1184 745 1226 766 ex
1256 746 1367 768 amore
1397 739 1554 777 orientes,
1583 739 1650 776 vel,
1685 737 1772 779 quod

1089 784 1327 816 immoderatus
1353 795 1444 818 amor
1467 786 1604 817 exitium
1633 787 1773 817 amantis

1093 836 1247 863 maturet.

1135 883 1174 911 1⁷
1190 881 1292 912 Pubes
1307 882 1364 912 tibi
1378 881 1502 921 crescit]
1515 882 1538 914 J
1542 878 1685 926 iuventus
1698 891 1775 925 per·

1087 929 1170 968 jurii
1187 930 1247 968 tui,
1261 934 1296 960 et
1313 930 1379 960 doli
1395 930 1574 960 meretricii
1589 930 1718 969 ignara.

1136 979 1176 1008 18
1197 976 1336 1008 Servitus
1357 978 1464 1008 erescit
1483 977 1574 1017 ma]
1598 977 1774 1008 Amatores

1093 1025 1259 1056 accedunt
1274 1026 1362 1065 novi,
1370 1027 1426 1066 qui
1439 1026 1500 1057 tibi
1509 1025 1672 1056 serviant.
1708 1025 1776 1057 Nee

1090 1073 1223 1113 priores]
1240 1073 1314 1104 Nee
1325 1078 1455 1105 veteres
1467 1077 1634 1104 amatores
1643 1072 1776 1104 domum

1094 1125 1183 1151 tuam
1212 1121 1415 1162 relinquunt,
1443 1121 1594 1162 quamvis
1620 1120 1654 1151 id
1682 1130 1777 1161 sepe

1094 1170 1262 1200 minentur
1277 1176 1415 1210 propter
1430 1175 1523 1202 tunm
1539 1169 1734 1210 perjurium.

1137 1217 1195 1256 [19
1224 1218 1336 1249 Bentl.
1363 1218 1452 1258 apud
1478 1217 1600 1257 Jueck,
1631 1217 1778 1257 Improba

1092 1268 1216 1296 tectum.
1257 1266 1484 1298 Schoenborn.
1498 1269 1530 1297 2.
1552 1265 1717 1305 ταωνι]

1135 1317 1177 1344 20
1199 1314 1288 1352 Soepe
1310 1315 1434 1353 minati]
1458 1315 1506 1345 Ut
1521 1314 1562 1344 de
1577 1324 1614 1344 se
1627 1314 1777 1344 Tibullus

1094 1362 1161 1391 ait:
1191 1360 1336 1393 ‘Juravi
1364 1362 1496 1401 quoties
1522 1361 1705 1392 rediturum
1734 1361 1776 1391 ad

1094 1410 1207 1440 limina
1222 1410 1410 1449 nunquam?
1450 1409 1535 1439 Cum
1551 1408 1637 1439 bene
1653 1408 1777 1448 juravi,

1095 1467 1154 1498 pes
1170 1463 1279 1488 tamen
1295 1459 1368 1496 ipse
1385 1457 1494 1487 redit!
1740 1488 1742 1490 ,

1136 1509 1174 1536 21
1197 1505 1356 1544 Juvenct's]
1379 1506 1507 1536 Matres
1528 1503 1605 1535 filiis
1631 1504 1699 1536 sui·
1722 1505 1778 1545 ju-

1094 1555 1233 1585 venibus
1249 1560 1412 1593 metuunt,
1427 1563 1469 1584 ne
1484 1563 1503 1583 a
1515 1558 1549 1585 te
1565 1563 1778 1594 corrumpan-

1097 1608 1161 1632 tur.
1228 1602 1472 1641 [Scboenborn.
1495 1605 1527 1634 2.
1555 1605 1693 1633 metuunt
1731 1602 1778 1632 vi-

1093 1650 1218 1690 centia]

1135 1701 1177 1729 22
1211 1700 1253 1730 Te
1280 1708 1365 1729 senes
1395 1698 1498 1737 parci]
1545 1699 1647 1729 Senes
1676 1699 1776 1730 etiam

1095 1750 1259 1783 metuunt,
1268 1755 1308 1776 ue
1324 1745 1529 1784 dilapidetur
1546 1746 1778 1785 patrimonium

1095 1794 1209 1824 liberis
1225 1794 1290 1824 suis
1308 1795 1472 1824 relietum.
1489 1794 1672 1833 Miseretque
1686 1804 1781 1833 nuper

1102 1841 1260 1880 Virgines]
1285 1842 1323 1872 Id
1335 1848 1399 1882 est,
1414 1852 1487 1882 quae
1500 1842 1606 1872 minus
1622 1841 1778 1874 formosae

1095 1897 1170 1921 sunt
1185 1897 1220 1921 et
1232 1890 1657 1931 amabiles‚juvenibusque
1673 1901 1781 1931 nuper

1096 1939 1127 1969 in
1146 1940 1390 1969 matrimonium
1415 1939 1603 1978 collocata»,
1617 1943 1782 1978 metuunt,

1095 1996 1138 2017 ne
1162 1995 1217 2017 tua
1248 1986 1415 2026 popularis
1443 1996 1531 2022 aura,
1556 1995 1599 2018 ne
1626 1986 1778 2025 publicus

1095 2035 1188 2065 favor
1221 2043 1305 2064 rarae
1349 2039 1413 2064 tuae
1453 2033 1710 2073 pulchritudinis
1743 2039 1781 2065 et

1097 2083 1288 2120 venustatis,
1327 2082 1456 2112 illorum
1496 2081 1633 2112 maritos
1670 2082 1702 2113 in
1731 2083 1779 2113 tui

1096 2140 1207 2161 amore
1218 2135 1401 2170 occupatos
1409 2130 1562 2160 detineat
1572 2134 1607 2161 et
1619 2130 1780 2169 retardet,

1095 2179 1234 2219 illosque
1249 2180 1281 2210 in
1297 2188 1332 2210 se
1349 2179 1497 2209 amandis
1520 2179 1688 2219 segniores
1704 2180 1779 2211 red·

1096 2227 1166 2259 dat.
1187 2228 1298 2258 Lubin.

1137 2279 1179 2307 24
1203 2277 1287 2308 Aura
1299 2276 1440 2315 maritos]
1463 2276 1658 2307 Torrentius
1670 2285 1780 2314 aarum

1095 2334 1155 2365 pro
1173 2329 1275 2356 vento
1297 2325 1553 2364 interpretatur,
1574 2328 1612 2355 ut
1637 2324 1782 2364 eleganti

1095 2374 1308 2405 similitudine
1337 2383 1438 2404 novos
1468 2373 1603 2404 maritos
1630 2375 1780 2404 meretri-

1096 2424 1180 2455 culae
1206 2422 1325 2462 forma,
1354 2423 1456 2454 veluti
1475 2426 1576 2454 vento
1602 2422 1724 2462 aliquo,
1747 2423 1779 2454 in

1096 2473 1150 2503 via
1180 2471 1340 2502 retardari
1370 2471 1579 2510 detinerique
1603 2469 1780 2510 significet.

1096 2521 1183 2551 Aura
1194 2520 1335 2560 maritos]
1358 2521 1410 2551 Ne
1421 2521 1468 2551 tui
1478 2519 1780 2559 odoresfleuuatas.

1096 2574 1132 2599 et
1158 2569 1342 2607 blanditiae,
1373 2569 1511 2600 maritos
1533 2577 1607 2599 snos
1635 2568 1678 2600 ab
1702 2576 1779 2599 sese

1097 2619 1255 2657 alienent,
1277 2618 1373 2658 inque
1391 2622 1448 2648 tuo
1468 2626 1581 2648 amore
1596 2618 1776 2657 occupatos

1097 2667 1282 2697 detineant.

1099 2715 1179 2747 ODE
1201 2724 1252 2747 lx.
1273 2713 1482 2755 Παραινετική.
1518 2713 1575 2745 An
1596 2712 1775 2744 vamum.
