1916 3262
338 269 442 310 1240
793 280 835 315 Q.
870 275 1072 306 uonA'ru
1107 275 1273 306 ruico!
1326 268 1328 270 ’

335 373 491 413 Curam
510 370 640 410 redde
661 370 857 417 brevem3
885 366 922 404 si
943 377 1096 404 munus
1111 365 1310 417 Apolline
1330 365 1504 414 dignum

335 437 418 477 Vis
440 435 653 487 complere
673 434 806 480 libris,
824 436 866 472 et
882 431 1056 471 vatibus
1075 430 1231 470 addere
1249 431 1407 478 calcar,

337 500 398 540 Ut
415 500 558 540 studio
578 498 739 548 majore
758 499 908 550 petant
930 495 1147 535 Helicona
1166 495 1379 534 virentem.
1529 501 1544 517 ⁴

337 565 479 605 Multa
498 564 672 616 quidem
692 562 816 602 nobis
833 561 1015 600 facimus
1035 559 1147 599 mala
1167 571 1286 611 saepe
1307 559 1474 606 Po‘etae,

336 630 422 683 (Ut
441 631 584 669 vineta
603 630 770 679 egomet
787 626 952 667 caedam
971 623 1108 676 mea‚)
1127 636 1221 664 oum
1241 625 1317 664 tibi
1337 625 1488 663 librum

339 694 523 735 Solicito
544 693 711 739 damus,
733 693 809 731 aut
826 691 968 739 fesso3
998 701 1095 728 cum
1115 687 1323 734 laedimur,
1343 699 1475 726 unum

340 759 389 799 Si
410 759 508 810 quis
529 757 764 798 amicorum
785 760 854 799 est
873 767 1003 795 ausus
1022 753 1276 806 reprendere
1294 764 1487 801 versum3

341 822 450 863 Cum
471 823 572 863 loca
584 822 677 874 jam
697 822 876 862 recitata
894 820 1152 860 revolvimus
1172 817 1401 858 irrevocati
1418 829 1430 866 ;

342 887 451 928 Cum
471 887 765 935 lamentamur,
784 899 866 926 non
885 897 1088 938 apparere
1105 884 1272 924 labores

341 1011 388 1041 vis
408 1012 533 1051 scriptis
551 1012 675 1051 implere
697 1012 794 1041 hicum
807 1010 942 1050 Apollini
963 1010 1025 1041 rite
1049 1009 1194 1048 dicatum,
1209 1018 1244 1039 ac
1255 1008 1352 1047 poetis
1365 1007 1548 1040 incentivum
1560 1005 1705 1046 prebere,
1717 1005 1751 1031 Μ

342 1052 508 1083 animosius
526 1055 634 1084 adeant
653 1053 827 1083 Heliconem
840 1052 1031 1091 praclarum.
1077 1051 1169 1082 Certe
1181 1050 1269 1080 nobis
1275 1050 1372 1089 po'e’tae
1383 1050 1478 1080 mullo
1490 1057 1568 1088 soepe
1578 1047 1657 1077 mala
1667 1052 1752 1075 creo-

343 1102 420 1131 mus,
431 1095 479 1134 (ut
489 1104 555 1124 mea
567 1095 631 1133 ipse
642 1094 744 1124 vineta
759 1092 919 1132 incidam)
930 1094 1002 1123 dum
1013 1092 1072 1123 tibi
1082 1094 1223 1130 occupato
1236 1092 1285 1122 vel
1290 1091 1428 1129 fatigato
1440 1090 1550 1121 librum
1556 1085 1758 1128 porn'gim-b‘

343 1135 413 1181 dum
427 1134 620 1174 offendimur,
631 1135 657 1164 si
668 1135 736 1173 quis
739 1134 945 1171 familiarium
955 1133 1149 1172 redarguerit
1161 1142 1252 1162 umam
1264 1142 1279 1162 e
1287 1132 1446 1163 versiculis
1457 1131 1591 1165 nonde,-
1610 1129 1681 1158 dum
1691 1126 1757 1156 locu

335 1184 404 1211 Jam
427 1176 555 1206 recitata
576 1175 738 1215 repetimus
751 1184 810 1206 uon
824 1175 927 1214 rogali
941 1184 954 1211 ;
974 1175 1046 1205 dum
1071 1174 1225 1213 querimur
1245 1183 1304 1204 non
1318 1174 1438 1204 adverti
1460 1172 1575 1203 labores
1594 1172 1712 1200 nostros
1726 1167 1757 1195 et

941 1255 1177 1269 “cotenu“

347 1309 399 1347 qui
423 1317 470 1338 me
492 1308 608 1338 lectori.
637 1308 716 1338 Vat.
741 1308 850 1339 Palat.
874 1311 906 1338 6.
931 1309 1155 1339 molina—216
1177 1309 1289 1338 Curam
1309 1309 1397 1338 crede
1421 1307 1540 1337 brevem
1563 1303 1705 1337 Chisian.
1726 1303 1759 1332 5.

346 1352 355 1365 ¹
373 1349 486 1379 Curam
506 1349 642 1387 impende
667 1358 709 1378 ex
725 1349 790 1379 Ms.
807 1349 1000 1386 Bensseius3
1022 1353 1177 1387 tanquam
1193 1349 1283 1378 Deus
1308 1358 1350 1378 ex
1372 1347 1524 1378 machina
1546 1346 1607 1384 illi,
1632 1348 1668 1374 et
1686 1343 1760 1373 loco

346 1389 513 1420 laboranti
527 1389 732 1420 subvenerit.
775 1389 841 1420 Sed
856 1398 923 1420 non
938 1389 1032 1426 vidit,
1046 1391 1137 1419 redde
1152 1389 1286 1420 omniuo
1303 1397 1433 1418 sensum
1449 1387 1593 1425 exigere.
1636 1383 1761 1423 Agitur

349 1431 436 1460 enim
459 1431 501 1461 de
516 1430 594 1468 illis,
607 1430 663 1470 qui
678 1430 805 1470 scripta
819 1439 878 1460 sua
895 1430 1113 1461 Bibliothecae
1131 1430 1291 1460 Palatinae
1308 1427 1507 1465 offerebant,
1521 1428 1573 1457 vel
1589 1425 1759 1464 Augustus

348 1471 502 1511 optabat,
518 1477 555 1501 ut
570 1469 749 1509 offerrent;
773 1471 891 1512 quibus
914 1472 985 1511 ipse
1009 1471 1153 1502 reddebat
1167 1481 1271 1501 curam
1285 1470 1414 1507 brevem,
1438 1467 1645 1500 retribuebat
1669 1464 1760 1505 fayo-

349 1522 433 1550 rem,
447 1513 587 1552 gratiam
602 1522 611 1549 ;
635 1513 751 1543 eadem
767 1513 840 1553 ipsa
854 1512 980 1552 scripta
1000 1512 1152 1551 legendo,
1166 1512 1330 1549 laudibus,
1354 1511 1511 1551 praemiis,
1524 1507 1683 1545 ornando,
1705 1514 1762 1535 cu-

349 1554 520 1591 mulando,
535 1554 561 1584 si
576 1554 674 1592 digua
689 1553 896 1584 videbantur.
942 1554 1068 1584 Eodem
1083 1553 1155 1584 fere
1171 1562 1268 1584 sensu
1285 1553 1355 1584 Cic.
1370 1553 1413 1583 de
1430 1553 1511 1582 Fato
1531 1561 1560 1582 c.
1572 1553 1605 1581 2.
1629 1549 1639 1564 ⁴
1651 1546 1764 1579 Subti-

351 1595 481 1626 litatem
495 1595 538 1625 ab
553 1594 736 1625 Academia
752 1599 943 1633 mutuatur3
966 1600 1000 1626 et
1014 1595 1045 1625 ei
1061 1595 1202 1626 vicissim
1219 1594 1327 1625 reddit
1341 1594 1528 1624 ubertatem
1544 1590 1713 1628 orationis,
1729 1592 1765 1618 et

350 1639 546 1666 ornamenta
559 1635 714 1667 dicendi!
758 1636 931 1666 Censorin.
948 1637 989 1667 de
1005 1637 1072 1667 Die
1087 1637 1168 1667 Nat.
1189 1645 1219 1667 c.
1245 1644 1269 1666 ι.
1291 1637 1300 1653 ‘
1314 1636 1367 1665 lta
1381 1644 1455 1674 ego,
1472 1643 1490 1664 a
1502 1642 1566 1674 quo
1582 1632 1677 1672 plura
1688 1629 1764 1660 lite-

353 1678 398 1707 ris
414 1676 563 1716 percepi,
578 1676 638 1706 tibi
653 1677 723 1707 haec
739 1677 860 1716 exigua
875 1677 978 1707 reddo
992 1677 1169 1709 libamina.'
1211 1677 1284 1707 Nec
1299 1676 1374 1706 ideo
1387 1677 1494 1706 miuus
1509 1674 1627 1706 Latine
1642 1671 1766 1702 dicitur

350 1719 359 1734 ‘
375 1716 516 1764 reddere
534 1717 669 1755 curam,'
689 1727 787 1758 quam
807 1718 818 1734 ‘
831 1722 990 1758 praestare
1016 1727 1127 1748 curam
1142 1718 1150 1731 ’
1170 1717 1259 1757 apud
1281 1717 1422 1750 Quintil.
1442 1717 1528 1747 lust.
1555 1715 1653 1746 Orat.
1668 1721 1709 1743 ιι.
1733 1713 1766 1742 3.

355 1758 502 1789 Bentleii
518 1758 701 1788 novitatem
716 1759 829 1789 statim
852 1759 1063 1798 arripuerunt
1084 1762 1260 1790 novatores
1275 1758 1345 1795 alii,
1370 1765 1551 1797 anonymus
1566 1756 1660 1786 1713.
1682 1753 1768 1784 Cun-

355 1799 477 1830 Sauad.
491 1799 637 1830 Mervill.
658 1799 743 1830 Phil.
757 1799 904 1840 Sandby,
918 1801 1000 1831 Dor.
1015 1798 1149 1831 Wakef.
1171 1799 1293 1830 Wetz.’
1317 1799 1391 1830 Fen.
1425 1798 1602 1836 Bau-berg.
1615 1795 1644 1826 si
1655 1794 1767 1824 ntinuae.

353 1844 458 1872 -217
479 1840 704 1872 Schoenborn.
719 1845 751 1872 4.
765 1842 910 1881 complere
921 1841 1130 1872 libens—219
1150 1841 1227 1872 Vat.
1241 1843 1292 1871 19.
1309 1839 1444 1877 facimus
1456 1838 1659 1870 m›b1's.—220
1671 1835 1768 1866 Bam-

356 1882 449 1922 berg.
473 1885 592 1921 egomet
615 1883 834 1913 cedam—221
859 1882 934 1914 Vat·
949 1884 1062 1914 Paiat.
1078 1885 1109 1914 1.
1134 1886 1199 1914 tum
1223 1882 1478 1913 &alimum—223
1499 1877 1724 1911 Sehoenboru.
1738 1877 1769 1906 4.

998 1976 1030 2006 N
1034 1975 1136 2007 0⁷1*AE

398 2038 461 2066 216
484 2036 597 2067 Curam
610 2037 702 2067 redde
716 2036 847 2076 brevem]
871 2037 974 2068 Certa.
995 2037 1038 2067 ad

359 2084 482 2115 victum
496 2084 677 2124 praebendo
685 2085 853 2116 subsidia:
871 2086 923 2116 vel
935 2090 1039 2116 utros-

360 2143 423 2174 que
441 2134 577 2174 perinde
593 2135 759 2166 laudando
774 2139 808 2166 et
822 2135 976 2167 fovendo.

402 2183 518 2214 Munus
537 2183 679 2223 Apolline
697 2184 839 2223 dignum]
860 2183 1040 2215 Bibliothe-

361 2240 432 2262 cam
448 2240 468 2262 a
482 2234 517 2262 te
541 2231 604 2262 aedi
625 2231 787 2272 Apollinis
802 2231 993 2272 adjunctam
1008 2233 1041 2263 in

361 2284 476 2311 monte
488 2280 658 2312 Palatino.
682 2290 707 2312 1.
726 2281 831 2320 Epist:
847 2284 878 2312 3.
894 2283 946 2312 17.

403 2331 466 2360 218
490 2329 655 2371 Helicona]
671 2330 824 2361 Moutem
840 2331 981 2362 Boeotioe
994 2340 1042 2362 aa·

363 2386 454 2409 crum
467 2378 586 2409 Musis.
607 2378 789 2418 Allegoria.

405 2431 469 2461 219
490 2430 593 2461 Multa
613 2430 733 2470 quidem
756 2429 852 2467 nobis,
866 2430 932 2470 ism]
953 2430 992 2461 Iu
1010 2440 1044 2461 se

366 2483 402 2511 et
427 2480 509 2511 alios
534 2480 647 2520 poetas
673 2479 795 2519 Epicos
812 2480 943 2519 culpam
960 2480 1045 2510 deri-

366 2532 424 2559 vat
447 2537 486 2559 ac
507 2528 615 2568 rejicit
637 2527 811 2567 Horatius,
836 2528 925 2568 quod
940 2528 1045 2559 minus

367 2577 518 2616 Augusto
533 2578 670 2618 gratiosi
685 2577 762 2608 sint.
916 2599 918 2602 ψ

409 2626 471 2655 220
497 2626 541 2656 Ut
563 2626 666 2657 vineta
689 2628 805 2664 egomet
829 2626 942 2656 coedom
965 2624 1046 2663 mea]

369 2670 532 2704 Proverb.
548 2674 589 2704 Id
601 2679 664 2710 est,
680 2679 717 2705 ut
732 2683 822 2706 meos
837 2674 908 2715 ipse
918 2683 1048 2705 errores

367 2717 478 2750 fatear
494 2724 527 2751 et
541 2723 723 2755 emendem.

1131 2039 1191 2068 221
1217 2037 1294 2066 Cum
1321 2035 1378 2066 eibi
1403 2034 1539 2072 Solicilo,
1563 2033 1631 2072 esa]
1662 2030 1770 2062 Poeta.

1091 2090 1217 2122 noster,
1245 2089 1282 2115 ut
1312 2084 1393 2115 alios
1421 2081 1590 2122 corripiat,
1624 2080 1770 2119 seipsum

1092 2134 1179 2174 petit
1202 2137 1384 2173 notatque;
1419 2138 1603 2171 quanquam
1637 2127 1679 2159 ab
1706 2128 1771 2159 isto

1093 2181 1256 2224 peccandi
1285 2189 1407 2221 genere
1429 2180 1527 2218 longe
1555 2178 1704 2209 alienus:
1735 2180 1774 2207 ut

1093 2236 1188 2272 patet
1208 2239 1250 2261 ex
1273 2229 1360 2260 datis
1384 2228 1573 2259 luculenter
1600 2225 1701 2256 Vinio
1718 2223 1775 2262 ‚A-

1093 2281 1184 2312 sellae
1214 2277 1379 2310 mandatis
1411 2282 1446 2307 et
1476 2274 1665 2316 praeceptis,
1697 2282 1773 2304 eum

1094 2340 1170 2362 eum
1184 2329 1322 2360 doceret
1337 2326 1498 2358 rationem
1523 2322 1722 2365 tempestive
1739 2326 1776 2353 et

1094 2378 1265 2411 commode
1289 2375 1479 2417 porrigendi
1495 2373 1647 2412 Augusto
1669 2371 1776 2411 ipsam

1094 2429 1179 2459 hanc
1194 2425 1388 2466 Epistulam.
1424 2422 1509 2453 Vide
1519 2431 1545 2453 1.
1558 2421 1666 2462 Epist.
1679 2422 1732 2451 1³.

1138 2479 1200 2508 224
1224 2476 1295 2506 Non
1330 2481 1475 2513 opporere
1501 2469 1632 2508 labores]
1674 2468 1778 2500 Velut

1099 2525 1186 2556 aliud
1192 2533 1294 2565 agens
1303 2521 1467 2554 Horatius
1476 2519 1678 2560 expostulat,
1689 2516 1777 2558 quod

1101 2575 1294 2615 plerumque
1309 2580 1374 2602 nou
1397 2569 1478 2600 satis
1500 2567 1656 2598 advertat
1671 2566 1778 2596 lector

1102 2624 1154 2655 vel
1170 2622 1300 2654 auditor
1312 2629 1386 2661 quae
1399 2618 1440 2650 ab
1453 2616 1642 2648 auctoribus
1653 2622 1779 2649 summa

1101 2682 1195 2713 curn,
1213 2675 1297 2710 arte,
1313 2667 1441 2709 ingenio
1457 2671 1534 2698 suut
1546 2664 1684 2704 scriptu.
