1916 3262
406 268 516 314 1478

405 381 494 404 aram
525 371 650 412 tetigit,
682 374 774 403 certe
808 370 960 411 placabit
987 370 1086 402 iratos

403 421 498 458 deos,
514 429 590 461 quae
612 419 747 461 quidem
769 426 884 451 manns
906 419 988 451 nihil
1012 429 1086 460 gra-

404 469 470 501 tior
484 472 542 500 aut
556 467 729 508 acceptior
747 467 786 498 iis
806 466 923 508 fuerit,
945 471 1086 508 propter

402 521 628 558 sumptuosam
638 516 792 556 hostiam,
802 525 901 558 qnam
914 516 942 547 si
952 515 1015 555 far,
1028 520 1087 547 aut

403 566 521 598 micam
550 564 629 596 salis
657 562 825 602 offerres;
856 564 891 596 id
917 569 982 603 est,
1006 565 1085 596 Non

401 622 522 654 magna
535 621 683 653 munera,
692 612 751 644 sed
763 622 857 646 mens
865 614 995 646 sincera
1003 612 1084 645 deos

402 662 529 702 placat.

446 713 486 742 18
509 711 580 743 Noa
601 709 790 752 mmptuosa]
823 710 860 743 Si
885 720 971 752 pura
994 720 1085 742 aram

401 763 522 800 tangat
534 768 671 791 manus:
691 769 732 791 eo
747 759 818 800 ipso
833 760 920 800 quod
937 764 1088 800 sumptus

402 808 524 848 aberit,
539 808 612 840 Diis
625 809 764 849 gratior,
774 813 810 840 et
825 808 867 840 ad
883 808 1089 840 exorandum

403 854 586 896 efficacior,
599 857 752 896 mollibit,
764 857 826 888 διο.
850 857 990 888 Tor-rent.

445 907 487 936 2⁰
502 905 604 936 Farre
614 906 678 945 pio,
690 904 759 945 δῖα]
776 905 836 935 Est
852 905 861 921 ‘
871 905 968 935 molae
983 904 1093 935 salsae'

402 952 621 992 periphrasis,
651 962 726 994 quae
763 953 845 983 nihil
879 953 970 983 aliud
1005 957 1090 992 erat,

401 1010 501 1040 quam
513 999 564 1030 far
577 1004 701 1032 tostum
714 1009 887 1041 aspersum
896 1001 975 1031 sale.
995 1001 1005 1018 ‘
1014 1000 1089 1032 Mo-

400 1048 467 1078 lam
477 1047 488 1062 '
501 1052 610 1079 autem
624 1049 802 1088 vocabant,
815 1049 904 1088 quod
916 1048 1031 1079 molito
1044 1048 1085 1079 ad

399 1095 436 1126 id
461 1095 553 1127 farre
578 1097 771 1128 utebantur.
813 1097 958 1127 Veteres
974 1100 1086 1128 antem

401 1146 513 1178 Graeci
540 1146 672 1187 integro
685 1145 811 1195 hordeo
827 1145 898 1177 sive
914 1145 1032 1185 solido,
1052 1146 1085 1177 in

399 1196 521 1236 priscae
533 1196 612 1228 vitae
630 1196 833 1236 memoriam,
846 1195 990 1227 nondum
1005 1200 1085 1227 tuuc

398 1244 538 1276 inventa
551 1245 698 1276 molendi
717 1243 831 1284 fruges
854 1244 994 1285 ratione,
1013 1248 1086 1276 nte-

398 1292 531 1324 bantur.
555 1292 644 1324 Torr.
679 1293 769 1324 Vide
785 1297 820 1324 et
834 1294 936 1325 Turn.
951 1302 1017 1325 vu.
1034 1296 1086 1326 13.

399 1341 502 1372 Fam
512 1341 579 1380 pio]
595 1342 699 1372 Farre
716 1341 771 1381 pie
786 1341 909 1372 oblato.
949 1342 1087 1373 Saliene

396 1389 495 1429 mica]
517 1390 609 1420 Mica
629 1390 772 1421 saltante
798 1389 851 1420 vel
874 1390 1084 1430 crepitante;

400 1446 477 1469 nam
493 1439 542 1469 sal
557 1438 624 1479 igni
641 1443 750 1469 tactus
773 1439 872 1469 saltat
883 1443 918 1470 et
930 1439 1085 1478 crepitat.

399 1486 567 1527 Cruquius
591 1486 728 1528 exponit
741 1486 879 1526 saliente,
893 1485 946 1518 far
959 1487 1084 1518 salsum

400 1534 579 1566 reddente.

400 1583 485 1614 One
500 1591 608 1614 xxiv.
634 1584 888 1624 Προσφωνηναοὴ.
923 1584 966 1615 Iu
980 1584 1084 1616 Dtvt-

438 1639 501 1662 'res
516 1638 667 1662 Avanos.
710 1632 909 1673 [Bamberg.
931 1632 1083 1665 Lab'rche-

438 1678 527 1718 tica]

441 1731 460 1759 1
483 1729 618 1760 Intactis
641 1729 829 1770 opulentior]
859 1729 1011 1762 Intactos
1031 1730 1085 1762 hic

398 1776 550 1809 Arabum
574 1778 751 1810 thesauros
772 1778 868 1818 dicit,
889 1782 927 1810 ut
952 1787 992 1810 ιι.
1017 1778 1086 1811 Od.

399 1829 454 1858 12.
479 1827 627 1859 ‘Plenas
649 1827 800 1859 Arabum
826 1828 982 1860 domos:'
1003 1838 1086 1870 quas

397 1875 545 1908 nondum
559 1877 691 1909 scilicet
705 1876 928 1909 Romanorum
945 1878 1087 1910 avaritia

398 1925 610 1958 exhauserat.
645 1927 732 1958 Tum
746 1935 833 1958 nove
848 1927 999 1958 thesauris
1013 1937 1085 1967 opu-

397 1974 509 2004 lentior
521 1974 606 2006 dixit
618 1974 739 2015 Poeta,
749 1983 810 2015 pro
822 1974 872 2006 his
883 1975 940 2016 qui
952 1975 1084 2006 thesau-

397 2031 451 2052 ros
466 2022 540 2053 illos
556 2023 760 2063 possideant,
776 2023 839 2054 hoc
852 2029 916 2063 est,
928 2033 989 2064 pro
999 2023 1084 2055 Ara-

396 2069 495 2100 bibns
511 2070 604 2110 ipsis.
628 2072 769 2102 Tou-rene.
814 2071 947 2103 Intactis
960 2074 1083 2112 opulen-

395 2117 474 2157 tior]
499 2118 637 2149 Romani
651 2118 782 2150 Arabes
794 2119 938 2150 nondum
953 2121 1082 2151 invase-

395 2171 486 2198 runt.
531 2166 626 2198 Ordo
639 2171 711 2198 est:
737 2167 880 2199 Lieettu
892 2169 1082 2208 opulentior

395 2214 559 2246 thesauris
576 2215 711 2247 intactis
727 2215 887 2255 Arabum,
911 2221 947 2247 et
961 2216 1078 2248 divitis

394 2263 514 2303 Indiae,
527 2273 674 2304 occupes
689 2274 779 2295 mare
798 2264 1024 2305 Tyrrhenum,
1045 2270 1080 2296 et

396 2311 562 2343 Punicum
590 2313 657 2343 tuis
685 2313 871 2352 caementis,
904 2318 1015 2344 tamen
1046 2317 1080 2345 tn

395 2369 460 2390 non
476 2360 637 2400 expedies
651 2360 798 2391 animum
812 2366 915 2397 metu,
929 2363 992 2393 &c-

435 2411 457 2439 2
479 2409 632 2449 Arabum]
657 2410 709 2440 Ex
736 2409 860 2440 Arabia
881 2411 1081 2450 proveniunt

395 2463 545 2488 aromata
566 2457 600 2488 in
621 2467 734 2489 omnes
751 2462 866 2498 partes
881 2458 981 2490 orbis.
1026 2460 1080 2490 In-

393 2507 470 2547 ἀίω]
488 2505 596 2542 India,
612 2515 706 2546 auro,
728 2510 881 2548 argento,
893 2506 1080 2549 lapillisque

394 2556 650 2595 preciosissimis
667 2555 828 2588 abundat.

437 2607 456 2634 8
481 2603 658 2644 caementis]
679 2605 776 2635 Saxis
799 2605 895 2636 caesis
918 2605 959 2637 ad
977 2605 1078 2638 aedifl-

394 2651 537 2682 candum
558 2653 592 2683 in
606 2653 701 2684 mari.
742 2653 830 2685 Vide
845 2653 912 2686 Od.
929 2656 960 2685 1.

436 2700 457 2728 4
486 2699 674 2738 Tyrrhenum
686 2711 772 2734 omne
785 2701 864 2743 tuis]
888 2703 984 2735 Mare
995 2703 1079 2735 Tus-

394 2754 469 2777 cum
501 2755 596 2778 omne
610 2758 618 2779 ε
643 2758 704 2789 per
732 2750 889 2792 Hyperb.
919 2752 1079 2793 exprimit

851 281 988 312 No‘rAE
1020 279 1279 311 VARIORUM
1312 279 1363 310 IN

1137 370 1253 401 insana
1278 368 1422 401 aedificia
1447 369 1536 400 illius
1563 369 1688 401 saeeuli.
1711 371 1819 404 'Mare

1137 419 1316 459 Ponticum]
1342 418 1520 449 Lambinus
1544 418 1720 458 Apuliam
1744 419 1820 451 snb-

1137 466 1453 498 stituitTorrentius
1472 466 1507 497 in
1523 466 1629 498 tribus
1648 466 1820 499 codicibus

1137 515 1220 546 Mss.
1239 515 1402 555 Apalicum
1426 515 1568 556 simplici
1592 516 1604 546 1
1633 515 1821 556 reperit,et

1139 563 1286 603 placuit:
1309 568 1348 595 ut
1362 567 1539 604 utrumque
1549 561 1656 594 Italiae
1670 563 1762 595 littus
1774 564 1822 594 in·

1141 611 1341 652 telligamns,
1368 613 1479 652 superi
1502 612 1602 643 maris
1628 620 1690 652 per
1711 611 1821 651 Apuli-

1140 669 1218 701 cum,
1254 659 1352 692 inferi
1387 661 1488 692 maris
1524 669 1585 700 per
1621 660 1820 701 unamm-

1140 707 1238 739 Torr.
1273 707 1340 740 Alii
1355 709 1470 750 legunt
1487 709 1656 749 Publicum,
1670 718 1744 741 cum
1757 709 1821 741 bac

1141 755 1368 798 adnotatione,
1403 758 1437 789 id
1480 762 1544 797 est,

1142 804 1238 844 Cruq.

1181 853 1260 884 s—Si
1278 854 1359 894 figit
1371 854 1596 895 adamantinos]
1619 855 1729 894 Claros
1748 855 1821 885 ada-

1138 903 1291 933 mantinos
1305 903 1402 942 dixit,
1424 908 1463 934 ut
1482 907 1492 921 ’
1506 904 1652 936 tunicam
1667 903 1820 935 adaman-

1139 950 1243 981 tinam
1255 950 1264 964 '
1287 959 1312 982 ι.
1329 950 1398 982 Od.
1413 953 1446 981 6.
1475 950 1531 982 ΑΙ»
1545 951 1615 992 ejus
1624 951 1747 992 lapidis
1761 951 1819 983 du·
1855 960 1864 968 ·

1138 999 1229 1031 ritia.
1250 999 1425 1032 Quomodo
1439 1003 1551 1031 autem
1573 1000 1822 1031 ‘necessitatis'

1141 1048 1338 1080 vocabulum
1363 1048 1510 1088 accipiat
1531 1048 1691 1080 Horatius
1706 1047 1776 1080 Od.
1792 1051 1821 1080 1.

1588 757 1658 789 late
1693 761 1821 798 patens.

1138 1095 1236 1136 hujus
1251 1096 1326 1128 libri
1350 1097 1506 1128 diximus.
1547 1097 1650 1138 Cojm
1665 1101 1704 1128 ut
1721 1096 1822 1128 inevi-

1138 1145 1274 1176 tabilem
1291 1146 1379 1177 illam
1397 1147 1461 1176 vim
1479 1145 1523 1177 ob
1537 1146 1652 1178 oculos
1666 1151 1822 1187 poneret,

1137 1193 1169 1224 ei
1183 1193 1413 1225 adamantinos
1428 1194 1542 1225 clavos
1558 1193 1727 1233 attribuit,
1741 1203 1822 1235 quos

1137 1241 1238 1274 etiam
1254 1242 1389 1273 summis
1405 1242 1600 1279 verticibus,
1611 1242 1692 1274 nibil
1707 1251 1822 1283 regum

1137 1295 1267 1322 morata
1302 1291 1429 1331 apices,
1463 1290 1551 1332 figit,
1584 1300 1646 1323 nec
1687 1290 1822 1322 sununis

1138 1338 1237 1369 etiam
1259 1339 1428 1378 capitibus
1447 1348 1507 1370 seu
1530 1339 1610 1370 viris
1633 1339 1667 1370 ln
1685 1339 1822 1370 excelso

1138 1386 1245 1426 gradu
1265 1386 1384 1426 positis
1400 1387 1519 1427 parsit.
1542 1387 1630 1418 Tarr-
1673 1386 1712 1418 Se·
1722 1385 1821 1428 figit]

1137 1435 1175 1467 Si
1188 1434 1261 1466 fato
1275 1444 1363 1467 mors
1384 1436 1532 1475 ingruat,
1551 1444 1616 1466 non
1639 1439 1674 1467 te
1697 1435 1819 1467 libera-

1137 1484 1220 1515 bunt
1236 1488 1302 1515 tuae
1327 1483 1468 1522 divitias,
1490 1483 1640 1525 quamvis
1657 1483 1819 1524 amplissi-

1136 1542 1212 1564 mae.
1254 1533 1492 1574 Adamantinos]
1525 1533 1647 1565 Clavos
1674 1532 1820 1564 firmissi-

1135 1589 1206 1612 mos
1221 1586 1256 1612 et
1271 1580 1514 1622 infrangibiles,
1537 1585 1576 1612 nt
1595 1585 1649 1612 est
1662 1580 1819 1613 Adamas.

1137 1628 1214 1659 vide
1230 1637 1255 1659 1.
1279 1628 1346 1661 Od.
1362 1632 1415 1660 35.
1438 1628 1508 1670 [Sic
1521 1630 1556 1667 s.
1570 1630 1623 1662 ad.
1635 1629 1671 1661 S.
1686 1639 1717 1662 v.
1730 1630 1819 1664 dura.

1134 1677 1188 1714 ξε.
1209 1675 1419 1715 Markland]

1178 1727 1200 1755 6
1221 1725 1307 1756 Dira
1316 1725 1493 1766 necessitas]
1514 1725 1624 1758 Triste
1635 1725 1753 1758 fatum.

1180 1775 1200 1804 8
1222 1774 1379 1814 Expedies
1401 1774 1508 1816 caput]
1536 1774 1613 1807 Non
1641 1774 1822 1808 extricabis

1139 1827 1254 1864 caput.
1534 1842 1539 1847 =

1180 1875 1202 1904 9
1226 1874 1418 1913 Campestres
1444 1873 1553 1905 melius
1580 1872 1720 1915 Scytha]
1739 1873 1821 1914 Sey-

1139 1921 1205 1954 thae
1222 1922 1255 1953 in
1270 1923 1407 1963 campis,
1422 1932 1487 1956 non
1502 1922 1656 1954 domibus
1669 1922 1823 1954 habitam

1138 1975 1210 2001 tes:
1233 1980 1308 2012 quae
1324 1980 1406 2011 gens
1432 1980 1519 2012 vaga
1540 1971 1634 2004 dicta
1649 1976 1702 2004 est
1715 1981 1736 2002 a
1751 1980 1821 2003 mu-

1137 2018 1247 2050 tandis
1261 2019 1402 2058 pascuis.

1178 2070 1219 2098 10
1254 2068 1404 2099 Plaustra
1429 2078 1538 2108 vagas,
1564 2069 1635 2108 mu]
1671 2067 1727 2100 Ob
1755 2069 1818 2100 hoc

1137 2114 1336 2156 ‘profugos’
1359 2121 1459 2147 vocat
1487 2125 1512 2147 ι.
1539 2115 1606 2147 Od.
1624 2119 1678 2147 85.
1705 2116 1818 2148 Greci

1134 2165 1234 2197 etiam
1249 2163 1408 2203 ἆμαξικοὺς
1423 2163 1475 2195 καὶ
1487 2163 1674 2204 ἂμαξοβίους.

1178 2216 1214 2244 11
1251 2213 1363 2253 Rigida·
1390 2213 1496 2253 Getoe]
1523 2213 1589 2246 Qui
1618 2212 1753 2254 Scythis
1782 2219 1818 2245 nt

1133 2262 1282 2303 regione,
1308 2263 1356 2293 sic
1382 2262 1528 2293 moribus
1543 2262 1696 2302 proximi.
1738 2267 1747 2280 ¹
1763 2264 1818 2294 Ri-

1132 2312 1226 2352 gidos
1238 2311 1247 2325 ’
1267 2315 1380 2342 autem
1403 2312 1555 2352 appellat
1569 2311 1689 2348 Poeta,
1706 2313 1759 2343 vel
1773 2313 1817 2344 ob

1133 2361 1210 2392 vitoe
1219 2360 1462 2399 austeritatem,
1471 2360 1506 2391 in
1514 2369 1580 2401 qua
1589 2360 1670 2391 nihil
1680 2361 1818 2397 cultum.

1133 2409 1216 2440 nihil
1234 2409 1395 2439 urbanum
1410 2418 1419 2439 ε
1443 2409 1496 2439 vel
1512 2409 1556 2439 ob
1575 2407 1710 2448 frigoris
1726 2407 1818 2440 duri-

1135 2458 1225 2488 tiem.
1244 2457 1331 2489 Torr.
1358 2457 1469 2496 Rigiai
1486 2458 1592 2498 θείω]
1603 2457 1702 2489 Getae
1718 2467 1818 2499 prop-

1133 2511 1185 2539 ter
1200 2506 1355 2547 frigidam
1367 2507 1536 2547 regionem
1551 2506 1710 2538 dicuntur
1721 2515 1817 2547 aspe-

1131 2557 1169 2597 ri,
1186 2556 1244 2597 qni
1259 2559 1413 2587 carentes
1429 2554 1530 2586 rebus
1550 2553 1595 2585 ad
1617 2554 1742 2586 victum
1758 2563 1814 2586 ne·

1132 2605 1285 2637 cessariis
1297 2613 1400 2645 equas
1415 2604 1578 2645 mulgent,
1593 2603 1691 2635 etiae
1702 2611 1814 2635 earnm

1131 2654 1220 2686 vasis
1253 2657 1434 2694 exceptum
1472 2658 1600 2694 potant.
1653 2652 1814 2694 Apellant

1131 2702 1259 2743 Graeci,
1275 2700 1497 2741 ἴπημόλγους.

1174 2754 1215 2783 12
1237 2751 1403 2784 lmmeeata
1419 2748 1551 2790 jugera]
1571 2749 1680 2780 Vocat
1699 2750 1811 2780 autem
