1890 3230
438 314 647 346 nonA'rn
681 312 961 345 sannionum
997 313 1090 345 ma.
1122 314 1172 344 ιι.
1204 303 1244 344 5.

118 409 224 452 versu]
246 409 315 443 Qui
340 412 500 447 testatur,
523 408 635 450 inquit
649 407 815 448 Ulpianus

117 460 179 494 lib.
194 469 220 493 ι.
233 459 278 492 de
291 459 422 492 Herod.
434 459 544 491 instit.
561 457 605 489 ab
617 455 752 489 heredis
767 456 818 487 in-

118 509 296 542 stitutione
325 509 525 550 plerumque
555 506 659 539 debet
682 505 816 536 initium

116 559 234 592 facere
255 558 468 592 testamenti:
491 563 625 599 utputa,
652 557 688 588 [ι.
709 556 817 588 Titius

117 609 197 651 mihi
211 609 312 641 heres
323 613 410 642 esto.
446 609 572 640 Verum
588 610 666 638 ante
681 606 816 638 heredis

116 652 366 695 iustitutionem
390 657 528 690 inscribi
548 657 658 689 solere
673 661 815 688 testato·

115 708 164 740 ris
185 706 304 740 nornen
327 708 452 749 probat
473 706 653 739 Suetonius
676 707 815 739 Nerone

114 767 193 799 cap.
213 766 310 790 xvn.
342 758 438 790 Bene
452 757 556 798 igitur
569 756 720 788 Tiresias
735 766 814 797 cap·

116 811 260 841 tatorem
291 816 446 840 recusare
475 806 612 849 quidem
633 806 738 847 jubet
763 806 814 837 in-

115 859 324 900 spectionem
353 857 575 896 testamenti3
598 858 657 889 sed
690 857 812 897 raptim

111 906 250 939 interim
270 916 311 938 ac
334 906 422 938 limis
442 907 572 945 oculis3
594 905 687 937 aliud
712 915 814 946 agen·

113 959 196 997 tem,
225 956 318 989 uliud
365 955 595 996 simulantem,
630 956 812 988 observare

38 1035 48 1046 ,
112 1005 196 1047 quid
209 1016 287 1039 mox
300 1010 379 1048 post
390 1005 564 1038 testatoris
577 1015 710 1042 nomeu,
722 1005 812 1047 quod

113 1065 253 1087 summae
276 1055 403 1088 tabulae
426 1056 536 1097 primo
557 1065 658 1087 versu
674 1055 814 1087 inscribi

114 1105 214 1145 solet,
236 1105 474 1147 subsequatur,
493 1105 628 1137 solusne
650 1105 749 1137 heres
769 1105 814 1138 sit

113 1164 157 1187 ex
174 1165 267 1196 asse,
287 1163 330 1187 an
351 1156 434 1188 alios
455 1154 583 1188 habeat
605 1154 812 1188 coheredes:

113 1206 170 1238 illa
196 1206 286 1238 enim
306 1205 394 1246 fere,
418 1206 471 1237 vel
493 1206 616 1247 prima,
631 1205 686 1237 vel
701 1204 815 1237 media

114 1265 196 1288 cera
214 1255 465 1295 scribebantur,
485 1259 524 1287 ut
544 1255 578 1287 in
601 1255 669 1287 ima
690 1255 812 1287 substi-

59 1315 62 1318 ·
111 1305 271 1336 tutiones.
315 1305 465 1337 Turneb.
495 1314 538 1336 ιι.
567 1307 619 1336 19.
658 1305 748 1345 Lege
777 1309 813 1336 et

110 1353 203 1386 And.
217 1353 345 1402 Alciati
358 1355 497 1396 Parerg.
509 1355 604 1388 Jnris
617 1363 668 1388 iv.
679 1357 711 1388 6.
737 1355 812 1387 Tor·

112 1408 196 1436 rent.

155 1458 196 1486 55
221 1454 404 1495 Plerumque
430 1458 567 1486 recoctus
595 1454 716 1496 Scriba,
741 1455 811 1496 qt]

111 1503 179 1534 Ubi
202 1513 264 1545 per
282 1507 449 1543 recoctum,
462 1503 617 1544 intelligo
638 1509 810 1536 veterato-

110 1561 180 1585 rem
193 1553 370 1593 insignem,
379 1554 437 1595 qni
449 1554 548 1593 longo
562 1563 621 1584 usu
637 1553 809 1593 didicerit,

109 1601 212 1644 ‘quid
239 1602 368 1634 distent
396 1611 466 1633 aera
490 1601 640 1642 lupinis.'
682 1602 808 1643 Itaque

107 1657 204 1684 recte
219 1647 377 1684 Donatus
399 1651 464 1682 hoc
491 1650 534 1682 ad
558 1651 808 1683 roborationem

109 1702 204 1742 artis,
225 1702 362 1742 ingenio
399 1701 577 1742 quaesitarn
613 1701 807 1742 detorquet.

107 1753 227 1784 Junias
239 1761 275 1783 v.
296 1754 329 1782 5.
367 1750 519 1781 Reeoctus
535 1749 644 1780 Scriba
664 1759 704 1780 ex
719 1750 807 1789 quin-

108 1801 250 1844 quatro]
273 1801 383 1833 Locus
399 1800 464 1831 iste
480 1800 567 1830 viros
579 1799 699 1830 doctos
710 1808 809 1831 exer-

109 1852 193 1884 cuit.
238 1851 356 1882 Dicam
384 1848 536 1880 breviter
560 1848 650 1890 quod
677 1849 807 1881 sentio:

109 1910 234 1943 nempe
260 1899 474 1942 quinq-aennon
497 1907 564 1930 non
589 1902 720 1930 certum
751 1899 809 1930 ali·

110 1960 210 1992 quem
225 1949 330 1982 fuisse
345 1949 603 1990 magistratum;
627 1952 666 1980 ut
691 1948 807 1980 dnum.

109 2001 175 2032 viri
202 1999 301 2032 fuere
327 2008 404 2031 eum
437 1997 675 2030 decurionibus
704 1996 807 2029 iidem

108 2049 215 2081 ferme
236 2049 270 2081 in
296 2048 503 2089 municipiis,
523 2047 614 2089 quod
641 2047 807 2079 Consules

109 2109 186 2131 cum
209 2098 430 2131 Senatorlbus
446 2098 583 2137 Romae3
607 2097 666 2129 sed
687 2107 807 2129 munus

109 2150 224 2191 potius
254 2155 314 2182 aut
333 2149 620 2191 procurationem,
642 2159 718 2192 quae
743 2159 807 2191 pro

110 2205 265 2242 tempore
285 2204 380 2232 certo
404 2208 544 2231 numero
569 2199 700 2232 civibus
716 2209 807 2232 com·

109 2249 321 2287 mittebatur,
336 2249 407 2280 sive
423 2249 552 2285 Romae,
568 2248 638 2280 sive
652 2248 686 2280 iu
702 2249 807 2280 muni-

108 2298 231 2340 cipiis:
265 2298 325 2340 qui
359 2298 387 2329 si
416 2299 532 2338 plures
560 2299 807 2340 paucioresque

84 2382 88 2385 ,
109 2351 222 2387 erant,
236 2347 339 2378 aliter
353 2351 456 2387 atque
470 2346 571 2378 aliter
590 2347 806 2387 appellaban-

111 2399 169 2427 tur
182 2405 192 2424 t
214 2394 269 2425 bic
283 2402 364 2424 vero
379 2394 522 2425 sumitur
538 2403 598 2434 pro
614 2394 733 2435 quavis
749 2394 806 2426 ad-

110 2441 358 2474 ministratione
370 2441 518 2482 pnblica.
540 2442 627 2473 Nam
640 2442 806 2474 Coranum

113 2501 155 2523 ex
169 2490 394 2532 quinqueviro
405 2489 550 2522 scribam
567 2499 643 2521 cum
658 2489 758 2531 facit,
772 2496 808 2523 et

112 2539 248 2582 quidem
273 2543 465 2578 recoctum3
491 2539 668 2579 bominem¹
681 2540 807 2580 signifi-

112 2594 170 2621 cat
191 2588 414 2621 exercitatum
435 2589 468 2620 iu
489 2587 620 2628 officiis,
634 2589 807 2621 callidum-

112 2646 179 2679 que
203 2635 375 2677 effectum,
395 2637 452 2678 qui
469 2635 584 2668 scriba
604 2636 708 2667 etiam
730 2646 807 2669 curn

112 2690 216 2722 esset,
232 2685 345 2726 plnres
367 2683 509 2717 fortasse
533 2685 722 2726 provincias
736 2686 808 2718 obi-

112 2735 180 2767 erit
202 2735 236 2767 in
257 2735 420 2766 comitatu
445 2734 607 2776 majorum
631 2735 807 2775 magistra-

114 2789 222 2824 tuum,
248 2789 287 2816 ut
321 2783 395 2816 fieri
417 2784 603 2816 consuevit.
646 2784 807 2817 Refertur

112 2833 226 2875 tuque
242 2834 345 2866 etiam
367 2833 410 2866 ad
431 2833 611 2875 ingenium,
627 2834 717 2876 quod
738 2833 806 2867 sre-

1448 304 1468 344 1
1477 303 1560 346 731

868 406 987 448 quenti
1003 416 1078 443 usn,
1103 415 1170 438 non
1190 405 1300 438 minus
1316 414 1356 438 ac
1369 415 1482 437 massa
1497 406 1564 446 igni

867 462 1010 488 excocta
1025 460 1061 488 et
1075 455 1190 487 incudi
1212 455 1360 495 reddita,
1375 454 1564 497 perficitur.

866 506 1014 538 Turneb.
1029 515 1107 538 xxi.
1132 508 1187 538 26.
1212 506 1354 537 Torrent-
1397 504 1565 544 Recoceus]

864 556 966 598 Saepe
982 557 1095 588 scriba
1109 561 1213 588 aetate
1229 555 1364 595 grandis
1380 560 1416 587 et
1433 555 1466 586 in
1479 557 1566 586 mul-

866 607 911 638 tis
925 607 1071 648 negotiis
1087 611 1254 645 versatus,
1278 616 1321 638 ex
1342 605 1565 648 quinqueviro

865 656 988 688 iterum
1003 658 1037 688 in
1052 656 1195 688 scribam
1212 655 1327 687 rediit.

906 710 949 739 56
970 707 1107 739 Deludeae
1119 707 1272 748 hiantem]
1292 704 1500 737 Haereditati
1515 704 1565 736 in·

862 756 1043 788 sidiantern
1071 756 1237 798 decipiet,
1265 760 1304 788 ut
1331 756 1449 796 vulpes
1485 755 1565 786 olim

863 803 979 844 AEsopi
1008 814 1162 837 corvum.
1213 806 1309 847 [Vat.
1339 806 1436 837 Rom.
1467 807 1498 836 l.
1529 809 1566 835 et

863 855 1008 888 Cbisian.
1035 857 1066 887 1.
1088 855 1226 891 deludit,-
1249 853 1339 895 quod
1360 859 1565 894 receperunt

862 905 944 946 Fes,
959 904 1085 941 Bothe.
1102 909 1139 936 et
1152 903 1292 944 Jaeck.]

904 956 946 985 57
970 954 1069 986 Dabit
1098 953 1196 994 risus]
1226 952 1404 985 Praebebit
1429 953 1563 986 ridendi

861 1006 1085 1036 occasionem.

904 1057 947 1086 58
971 1055 1058 1087 Num
1070 1055 1177 1095 suris]
1199 1053 1432 1094 Ἐνθουσιάζεις,
1445 1053 1565 1094 μάντην

862 1102 971 1144 hem
994 1103 1129 1136 afflatus
1150 1106 1286 1137 numine
1299 1109 1335 1137 et
1348 1105 1462 1136 furore
1478 1105 1563 1136 divi-

855 1163 906 1187 no
922 1158 1039 1195 raptus
1055 1154 1131 1185 haec
1152 1155 1310 1195 loqueris,
1332 1165 1375 1186 an
1397 1155 1506 1186 sciens
1528 1160 1564 1187 et

861 1203 1013 1244 prudens
1042 1213 1096 1235 me
1126 1204 1300 1236 ludificas?
1334 1205 1431 1245 Cruq.
1477 1205 1564 1236 Num

850 1253 955 1294 suris]
990 1255 1156 1296 Loquitur
1180 1255 1334 1296 Ulysses.
1379 1254 1476 1286 Ludis
1499 1254 1562 1295 me]

861 1303 1034 1336 Ludificas
1050 1305 1125 1336 me?

902 1357 945 1386 59
970 1355 1000 1386 Ο
1013 1355 1194 1392 Laertiade,
1206 1353 1373 1396 quidquid]
1389 1354 1420 1387 Ο
1439 1355 1562 1396 Ulysse

858 1403 908 1436 fili
936 1404 1082 1437 LaErtis.
1142 1405 1303 1445 Quidquid
1330 1405 1446 1445 dicam]
1481 1405 1562 1436 Dico

858 1453 986 1486 liabent
1001 1455 1158 1486 meliores
1174 1454 1321 1486 codices.
1365 1453 1466 1486 Quod
1484 1463 1562 1485 vero

859 1505 1024 1546 seqnitur,
1049 1509 1105 1537 aut
1128 1507 1191 1537 erit
1210 1508 1265 1536 out
1287 1515 1360 1543 non,
1377 1506 1476 1545 plane
1492 1514 1561 1535 am—

859 1554 999 1595 biguum
1023 1560 1097 1586 est:
1121 1555 1234 1586 malim
1263 1558 1375 1585 tamen
1389 1553 1440 1584 sic
1456 1562 1561 1594 expo-

857 1611 954 1642 nere,
967 1607 1005 1634 nt
1021 1603 1092 1634 sive
1107 1604 1168 1642 ait,
1181 1603 1252 1634 sive
1265 1606 1378 1641 neget,
1391 1603 1559 1634 neminem

858 1661 1014 1693 nmquam
1031 1650 1139 1683 sallat.
1186 1652 1274 1682 Nam
1291 1651 1403 1681 ridere
1416 1651 1559 1682 Poetam

858 1709 926 1730 non
941 1699 1166 1731 crediderim:
1190 1709 1266 1730 cum
1291 1699 1334 1731 ob
1348 1700 1487 1731 'l‘iresiae
1506 1710 1560 1731 va-

859 1748 903 1778 tis
925 1747 1170 1788 praestantiam,
1191 1747 1287 1788 cujus
1311 1748 1485 1779 oraculum
1508 1754 1560 1781 tot

857 1798 983 1829 seculis
1008 1798 1179 1833 manserit,
1203 1802 1241 1829 ut
1261 1798 1463 1829 Plutarchus
1491 1804 1559 1830 tra-

858 1846 970 1886 didit3
1004 1851 1076 1878 tum
1107 1846 1152 1878 ob
1182 1856 1317 1878 versum
1347 1852 1560 1889 sequentem,

857 1895 1014 1928 Desinere
1047 1900 1078 1928 et
1108 1896 1216 1934 enim
1248 1901 1287 1928 ut
1322 1896 1411 1928 enim
1449 1897 1558 1929 ceteri

858 1950 954 1977 vates
977 1945 1146 1987 Apollinis
1170 1954 1229 1977 ore
1255 1945 1345 1987 loqui
1368 1945 1557 1978 credeban·

858 1999 924 2031 tur,
952 1995 1002 2028 sic
1030 1995 1157 2038 Apollo
1185 1995 1293 2028 Jovis.
1323 1995 1430 2027 Turn.
1453 2005 1494 2028 ιι.
1524 1999 1557 2028 9.

861 2045 1005 2077 Tor-rene.

899 2097 942 2126 62
967 2095 1112 2136 Tempore
1136 2105 1195 2136 quo
1212 2095 1355 2136 juvenis]
1379 2099 1556 2137 Χρονογρσ..

856 2143 923 2185 φία,
937 2146 1072 2187 quando
1097 2145 1170 2177 baec
1195 2155 1249 2177 res
1263 2150 1353 2177 esset
1369 2151 1555 2177 eventura:

855 2194 1012 2226 nimirum
1027 2203 1068 2226 eo
1087 2198 1241 2235 tempore
1260 2205 1328 2236 quo
1351 2195 1472 2226 Parthi
1487 2194 1558 2227 Au·

856 2247 957 2284 gusto
969 2243 1151 2284 imperanti
1163 2243 1350 2276 redderent
1360 2244 1457 2285 signa
1469 2244 1556 2275 rnili-

855 2294 956 2326 taria.
979 2294 1076 2335 Cruq.
1119 2294 1267 2335 Juvenis]
1291 2294 1478 2335 Augustus.

899 2345 941 2374 64
964 2343 1056 2374 Furti
1070 2343 1180 2382 nubet]
1201 2343 1323 2374 Diviti.

899 2393 940 2422 65
964 2391 1136 2422 Metuentis
1161 2392 1291 2423 reddere
1318 2391 1453 2431 saidam]
1488 2393 1554 2423 Fu-

857 2439 980 2479 gientis
1007 2440 1060 2470 vel
1082 2440 1228 2471 nolentis
1252 2439 1396 2471 reddere
1420 2439 1556 2470 univer-

857 2499 930 2521 sum
946 2489 1111 2521 debitum.
1154 2489 1282 2520 Dotem
1303 2498 1380 2521 cum
1400 2488 1470 2520 filia
1489 2488 1557 2520 for-

857 2543 946 2570 tasse
963 2538 1138 2579 intelligit.

898 2590 941 2618 66
966 2587 1044 2619 Tum
1067 2587 1179 2628 gener]
1206 2587 1262 2619 An
1285 2597 1447 2628 generum
1473 2598 1554 2628 ergo

856 2636 1022 2678 captabat
1046 2637 1166 2670 socer?
1210 2637 1360 2669 Omnino
1375 2637 1556 2670 verisimile

856 2693 920 2723 est,
950 2687 1106 2718 Nasicam
1133 2687 1234 2728 hunc,
1258 2686 1424 2718 homiuem
1449 2688 1555 2719 sordi-

856 2737 935 2768 dum
948 2741 985 2768 et
995 2737 1146 2777 impense
1159 2746 1308 2777 avarum,
1317 2736 1418 2768 filiam
1430 2736 1555 2778 juven-

856 2787 965 2819 culam
982 2795 1021 2818 ac
1039 2785 1231 2822 formosam,
1246 2786 1378 2818 Corano
1393 2786 1466 2827 jam
1481 2787 1553 2817 seni

855 2835 1035 2878 captandae
1053 2835 1259 2868 hereditatis
1280 2846 1399 2869 caussa
1423 2835 1553 2868 elocas-
