<?xml version="1.0" encoding="UTF-8"?>
<!DOCTYPE html PUBLIC "-//W3C//DTD XHTML 1.0 Transitional//EN"
    "http://www.w3.org/TR/xhtml1/DTD/xhtml1-transitional.dtd">
<html xmlns="http://www.w3.org/1999/xhtml" xml:lang="en" lang="en">
 <head>
  <title>
</title>
<meta http-equiv="Content-Type" content="text/html;charset=utf-8" />
  <meta name='ocr-system' content='tesseract 3.04.00' />
  <meta name='ocr-capabilities' content='ocr_page ocr_carea ocr_par ocr_line ocrx_word'/>
</head>
<body>
  <div class='ocr_page' id='page_1' title='image "./operazeune03horauoft/operazeune03horauoft_0280.png"; bbox 0 0 1916 3262; ppageno 0'>
   <div class='ocr_carea' id='block_1_1' title="bbox 382 277 493 320">
    <p class='ocr_par' dir='ltr' id='par_1_1' title="bbox 382 277 493 320">
     <span class='ocr_line' id='line_1_1' title="bbox 382 277 493 320; baseline 0 0"><span class='ocrx_word' id='word_1_1' title='bbox 382 277 493 320; x_wconf 76' lang='lat'>1426</span> 
     </span>
    </p>
   </div>
   <div class='ocr_carea' id='block_1_2' title="bbox 376 379 1076 865">
    <p class='ocr_par' dir='ltr' id='par_1_2' title="bbox 380 379 949 420">
     <span class='ocr_line' id='line_1_2' title="bbox 380 379 949 420; baseline -0.002 -7"><span class='ocrx_word' id='word_1_2' title='bbox 380 381 534 418; x_wconf 80' lang='lat' dir='ltr'><strong>latiores,</strong></span> <span class='ocrx_word' id='word_1_3' title='bbox 550 380 623 413; x_wconf 81' lang='lat' dir='ltr'><strong>aliae</strong></span> <span class='ocrx_word' id='word_1_4' title='bbox 636 383 713 412; x_wconf 85' lang='lat' dir='ltr'><strong>sunt</strong></span> <span class='ocrx_word' id='word_1_5' title='bbox 728 379 949 420; x_wconf 83' lang='lat' dir='ltr'><strong>augustiores.</strong></span> 
     </span>
    </p>

    <p class='ocr_par' dir='ltr' id='par_1_3' title="bbox 376 428 1076 619">
     <span class='ocr_line' id='line_1_3' title="bbox 430 428 1076 471; baseline -0.003 -8"><span class='ocrx_word' id='word_1_6' title='bbox 430 433 469 462; x_wconf 93' lang='grc'><strong>11</strong></span> <span class='ocrx_word' id='word_1_7' title='bbox 495 430 601 470; x_wconf 77' lang='lat' dir='ltr'><strong>Petit]</strong></span> <span class='ocrx_word' id='word_1_8' title='bbox 624 430 774 471; x_wconf 83' lang='lat' dir='ltr'>Propter</span> <span class='ocrx_word' id='word_1_9' title='bbox 796 428 896 461; x_wconf 85' lang='lat' dir='ltr'><strong>fidem</strong></span> <span class='ocrx_word' id='word_1_10' title='bbox 919 438 1026 461; x_wconf 82' lang='lat' dir='ltr'><strong>meam</strong></span> <span class='ocrx_word' id='word_1_11' title='bbox 1039 432 1076 460; x_wconf 88' lang='lat' dir='ltr'><strong>et</strong></span> 
     </span>
     <span class='ocr_line' id='line_1_4' title="bbox 380 477 1074 521; baseline -0.003 -9"><span class='ocrx_word' id='word_1_12' title='bbox 380 480 571 521; x_wconf 82' lang='lat' dir='ltr'><strong>ingenium,</strong></span> <span class='ocrx_word' id='word_1_13' title='bbox 594 478 688 510; x_wconf 87' lang='lat' dir='ltr'><strong>dives</strong></span> <span class='ocrx_word' id='word_1_14' title='bbox 704 479 836 520; x_wconf 80' lang='lat' dir='ltr'><strong>appetit</strong></span> <span class='ocrx_word' id='word_1_15' title='bbox 850 489 959 511; x_wconf 89' lang='lat' dir='ltr'><strong>meum</strong></span> <span class='ocrx_word' id='word_1_16' title='bbox 982 477 1074 510; x_wconf 81' lang='lat' dir='ltr'><strong>favo-</strong></span> 
     </span>
     <span class='ocr_line' id='line_1_5' title="bbox 376 527 1073 569; baseline -0.004 -8"><span class='ocrx_word' id='word_1_17' title='bbox 376 535 465 561; x_wconf 67' lang='lat' dir='ltr'><strong>rem.</strong></span> <span class='ocrx_word' id='word_1_18' title='bbox 511 529 567 560; x_wconf 77' lang='lat' dir='ltr'><strong>Nil</strong></span> <span class='ocrx_word' id='word_1_19' title='bbox 594 528 703 569; x_wconf 78' lang='lat' dir='ltr'><strong>supra]</strong></span> <span class='ocrx_word' id='word_1_20' title='bbox 727 528 804 560; x_wconf 89' lang='lat' dir='ltr'><strong>Non</strong></span> <span class='ocrx_word' id='word_1_21' title='bbox 832 528 930 569; x_wconf 88' lang='lat' dir='ltr'><strong>plura</strong></span> <span class='ocrx_word' id='word_1_22' title='bbox 952 536 973 559; x_wconf 85' lang='lat' dir='ltr'><strong>a</strong></span> <span class='ocrx_word' id='word_1_23' title='bbox 997 527 1073 559; x_wconf 90' lang='lat' dir='ltr'><strong>Diis</strong></span> 
     </span>
     <span class='ocr_line' id='line_1_6' title="bbox 382 583 478 619; baseline -0.021 -9"><span class='ocrx_word' id='word_1_24' title='bbox 382 583 478 619; x_wconf 88' lang='lat' dir='ltr'><strong>peto.</strong></span> 
     </span>
    </p>

    <p class='ocr_par' dir='ltr' id='par_1_4' title="bbox 382 624 1074 765">
     <span class='ocr_line' id='line_1_7' title="bbox 427 624 1072 668; baseline -0.003 -10"><span class='ocrx_word' id='word_1_25' title='bbox 427 630 466 658; x_wconf 86' lang='lat'><strong>12</strong></span> <span class='ocrx_word' id='word_1_26' title='bbox 490 627 558 659; x_wconf 83' lang='lat' dir='ltr'><strong>Nec</strong></span> <span class='ocrx_word' id='word_1_27' title='bbox 569 624 738 668; x_wconf 79' lang='lat' dir='ltr'><strong>potentem]</strong></span> <span class='ocrx_word' id='word_1_28' title='bbox 759 626 836 658; x_wconf 88' lang='lat' dir='ltr'><strong>Nec</strong></span> <span class='ocrx_word' id='word_1_29' title='bbox 846 625 1072 657; x_wconf 83' lang='lat' dir='ltr'><strong>Maeceuatem</strong></span> 
     </span>
     <span class='ocr_line' id='line_1_8' title="bbox 383 674 1074 717; baseline -0.006 -9"><span class='ocrx_word' id='word_1_30' title='bbox 383 676 548 717; x_wconf 80' lang='lat' dir='ltr'><strong>ampliora</strong></span> <span class='ocrx_word' id='word_1_31' title='bbox 562 685 653 717; x_wconf 85' lang='lat' dir='ltr'><strong>rogo.</strong></span> <span class='ocrx_word' id='word_1_32' title='bbox 696 674 893 717; x_wconf 79' lang='lat' dir='ltr'><strong>[Bamberg.</strong></span> <span class='ocrx_word' id='word_1_33' title='bbox 916 677 1074 714; x_wconf 80' lang='lat' dir='ltr'><strong>potentum</strong></span> 
     </span>
     <span class='ocr_line' id='line_1_9' title="bbox 382 725 538 765; baseline 0.013 -10"><span class='ocrx_word' id='word_1_34' title='bbox 382 725 538 765; x_wconf 70' lang='lat' dir='ltr'><strong>amicum]</strong></span> 
     </span>
    </p>

    <p class='ocr_par' dir='ltr' id='par_1_5' title="bbox 384 772 1073 865">
     <span class='ocr_line' id='line_1_10' title="bbox 426 772 1073 813; baseline -0.003 -7"><span class='ocrx_word' id='word_1_35' title='bbox 426 777 465 806; x_wconf 86' lang='grc'><strong>14</strong></span> <span class='ocrx_word' id='word_1_36' title='bbox 489 774 577 805; x_wconf 71' lang='lat' dir='ltr'><strong>Satis</strong></span> <span class='ocrx_word' id='word_1_37' title='bbox 591 774 694 805; x_wconf 81' lang='lat' dir='ltr'><strong>beatus</strong></span> <span class='ocrx_word' id='word_1_38' title='bbox 708 774 807 805; x_wconf 76' lang='lat' dir='ltr'><strong>unicis</strong></span> <span class='ocrx_word' id='word_1_39' title='bbox 821 772 961 813; x_wconf 79' lang='lat' dir='ltr'><strong>Sabinis]</strong></span> <span class='ocrx_word' id='word_1_40' title='bbox 983 772 1073 804; x_wconf 80' lang='lat' dir='ltr'><strong>Satis</strong></span> 
     </span>
     <span class='ocr_line' id='line_1_11' title="bbox 384 821 1073 865; baseline -0.004 -10"><span class='ocrx_word' id='word_1_41' title='bbox 384 825 477 857; x_wconf 87' lang='lat' dir='ltr'><strong>dives</strong></span> <span class='ocrx_word' id='word_1_42' title='bbox 493 825 592 856; x_wconf 84' lang='lat' dir='ltr'><strong>unico</strong></span> <span class='ocrx_word' id='word_1_43' title='bbox 608 833 687 865; x_wconf 82' lang='lat' dir='ltr'><strong>agro</strong></span> <span class='ocrx_word' id='word_1_44' title='bbox 701 824 837 859; x_wconf 84' lang='lat' dir='ltr'><strong>Sabino,</strong></span> <span class='ocrx_word' id='word_1_45' title='bbox 852 824 908 865; x_wconf 89' lang='lat' dir='ltr'><strong>qui</strong></span> <span class='ocrx_word' id='word_1_46' title='bbox 923 823 957 854; x_wconf 89' lang='lat' dir='ltr'><strong>iu</strong></span> <span class='ocrx_word' id='word_1_47' title='bbox 978 821 1073 853; x_wconf 86' lang='lat' dir='ltr'><strong>Sabi-</strong></span> 
     </span>
    </p>
   </div>
   <div class='ocr_carea' id='block_1_3' title="bbox 313 874 533 905">
    <p class='ocr_par' dir='ltr' id='par_1_6' title="bbox 313 874 533 905">
     <span class='ocr_line' id='line_1_12' title="bbox 313 874 533 905; baseline 0 0"><span class='ocrx_word' id='word_1_48' title='bbox 313 898 316 900; x_wconf 82' lang='grc'>-</span> <span class='ocrx_word' id='word_1_49' title='bbox 375 874 435 905; x_wconf 79' lang='lat' dir='ltr'><strong>&#39;nis</strong></span> <span class='ocrx_word' id='word_1_50' title='bbox 451 879 533 905; x_wconf 85' lang='lat' dir='ltr'><strong>erat.</strong></span> 
     </span>
    </p>
   </div>
   <div class='ocr_carea' id='block_1_4' title="bbox 370 920 1079 2725">
    <p class='ocr_par' dir='ltr' id='par_1_7' title="bbox 375 920 1078 1494">
     <span class='ocr_line' id='line_1_13' title="bbox 427 920 1074 962; baseline -0.005 -8"><span class='ocrx_word' id='word_1_51' title='bbox 427 926 465 954; x_wconf 89' lang='grc'><strong>15</strong></span> <span class='ocrx_word' id='word_1_52' title='bbox 492 923 640 954; x_wconf 73' lang='lat' dir='ltr'><strong>Truditur</strong></span> <span class='ocrx_word' id='word_1_53' title='bbox 653 922 733 962; x_wconf 82' lang='lat' dir='ltr'><strong>dies]</strong></span> <span class='ocrx_word' id='word_1_54' title='bbox 758 921 950 961; x_wconf 79' lang='lat' dir='ltr'><strong>Propositio</strong></span> <span class='ocrx_word' id='word_1_55' title='bbox 968 929 1011 951; x_wconf 86' lang='lat' dir='ltr'><strong>ex</strong></span> <span class='ocrx_word' id='word_1_56' title='bbox 1027 920 1074 951; x_wconf 88' lang='lat' dir='ltr'><strong>iu-</strong></span> 
     </span>
     <span class='ocr_line' id='line_1_14' title="bbox 383 969 1074 1014; baseline -0.006 -9"><span class='ocrx_word' id='word_1_57' title='bbox 383 978 550 1014; x_wconf 86' lang='lat' dir='ltr'><strong>terrnpto‚</strong></span> <span class='ocrx_word' id='word_1_58' title='bbox 562 973 655 1014; x_wconf 86' lang='lat' dir='ltr'>quasi</span> <span class='ocrx_word' id='word_1_59' title='bbox 670 969 878 1012; x_wconf 69' lang='grc' dir='ltr'><strong>ἆγανακνικῶς</strong></span> <span class='ocrx_word' id='word_1_60' title='bbox 893 972 1030 1011; x_wconf 83' lang='lat' dir='ltr'><strong>inserta,</strong></span> <span class='ocrx_word' id='word_1_61' title='bbox 1040 971 1074 1001; x_wconf 89' lang='lat' dir='ltr'><strong>in</strong></span> 
     </span>
     <span class='ocr_line' id='line_1_15' title="bbox 375 1019 1075 1063; baseline -0.004 -10"><span class='ocrx_word' id='word_1_62' title='bbox 375 1025 442 1053; x_wconf 67' lang='lat' dir='ltr'><strong>&#39;eos</strong></span> <span class='ocrx_word' id='word_1_63' title='bbox 458 1023 515 1063; x_wconf 88' lang='lat' dir='ltr'><strong>qui</strong></span> <span class='ocrx_word' id='word_1_64' title='bbox 531 1023 624 1053; x_wconf 87' lang='lat' dir='ltr'><strong>velut</strong></span> <span class='ocrx_word' id='word_1_65' title='bbox 641 1026 806 1062; x_wconf 86' lang='lat' dir='ltr'><strong>perpetuo</strong></span> <span class='ocrx_word' id='word_1_66' title='bbox 828 1020 965 1059; x_wconf 79' lang='lat' dir='ltr'><strong>victuri,</strong></span> <span class='ocrx_word' id='word_1_67' title='bbox 993 1019 1075 1050; x_wconf 86' lang='lat' dir='ltr'><strong>nihil</strong></span> 
     </span>
     <span class='ocr_line' id='line_1_16' title="bbox 384 1068 1074 1111; baseline -0.003 -10"><span class='ocrx_word' id='word_1_68' title='bbox 384 1080 482 1111; x_wconf 87' lang='lat' dir='ltr'><strong>quam</strong></span> <span class='ocrx_word' id='word_1_69' title='bbox 511 1071 691 1105; x_wconf 69' lang='lat' dir='ltr'><strong>aedificant,</strong></span> <span class='ocrx_word' id='word_1_70' title='bbox 715 1070 864 1110; x_wconf 88' lang='lat' dir='ltr'><strong>rapiunt,</strong></span> <span class='ocrx_word' id='word_1_71' title='bbox 893 1079 959 1110; x_wconf 87' lang='lat' dir='ltr'><strong>quo</strong></span> <span class='ocrx_word' id='word_1_72' title='bbox 980 1068 1074 1109; x_wconf 88' lang='lat' dir='ltr'><strong>jure,</strong></span> 
     </span>
     <span class='ocr_line' id='line_1_17' title="bbox 384 1118 1075 1160; baseline -0.003 -10"><span class='ocrx_word' id='word_1_73' title='bbox 384 1129 493 1160; x_wconf 86' lang='lat' dir='ltr'><strong>quave</strong></span> <span class='ocrx_word' id='word_1_74' title='bbox 522 1119 656 1160; x_wconf 79' lang='lat' dir='ltr'><strong>injuria.</strong></span> <span class='ocrx_word' id='word_1_75' title='bbox 699 1119 810 1150; x_wconf 85' lang='lat' dir='ltr'><strong>Etiam</strong></span> <span class='ocrx_word' id='word_1_76' title='bbox 835 1118 898 1150; x_wconf 88' lang='lat' dir='ltr'><strong>hoc</strong></span> <span class='ocrx_word' id='word_1_77' title='bbox 926 1118 1075 1158; x_wconf 75' lang='lat' dir='ltr'>eleganti</span> 
     </span>
     <span class='ocr_line' id='line_1_18' title="bbox 384 1167 1076 1210; baseline -0.003 -10"><span class='ocrx_word' id='word_1_78' title='bbox 384 1170 637 1210; x_wconf 82' lang='lat' dir='ltr'><strong>comparatione</strong></span> <span class='ocrx_word' id='word_1_79' title='bbox 652 1167 803 1199; x_wconf 87' lang='lat' dir='ltr'><strong>ostendit</strong></span> <span class='ocrx_word' id='word_1_80' title='bbox 822 1167 924 1199; x_wconf 86' lang='lat' dir='ltr'><strong>Ovid.</strong></span> <span class='ocrx_word' id='word_1_81' title='bbox 947 1168 957 1185; x_wconf 90' lang='lat'>‘</span> <span class='ocrx_word' id='word_1_82' title='bbox 971 1167 1076 1198; x_wconf 88' lang='lat' dir='ltr'><strong>Velut</strong></span> 
     </span>
     <span class='ocr_line' id='line_1_19' title="bbox 383 1217 1076 1260; baseline -0.004 -10"><span class='ocrx_word' id='word_1_83' title='bbox 383 1219 475 1250; x_wconf 85' lang='lat' dir='ltr'><strong>unda</strong></span> <span class='ocrx_word' id='word_1_84' title='bbox 504 1218 689 1260; x_wconf 87' lang='lat' dir='ltr'><strong>impellitur</strong></span> <span class='ocrx_word' id='word_1_85' title='bbox 725 1217 827 1257; x_wconf 88' lang='lat' dir='ltr'><strong>unda,</strong></span> <span class='ocrx_word' id='word_1_86' title='bbox 858 1217 1076 1258; x_wconf 74' lang='lat' dir='ltr'><strong>Urgetur-que</strong></span> 
     </span>
     <span class='ocr_line' id='line_1_20' title="bbox 384 1265 1074 1308; baseline -0.006 -8"><span class='ocrx_word' id='word_1_87' title='bbox 384 1269 503 1300; x_wconf 84' lang='lat' dir='ltr'><strong>eadem</strong></span> <span class='ocrx_word' id='word_1_88' title='bbox 540 1268 690 1303; x_wconf 86' lang='lat' dir='ltr'><strong>veniens,</strong></span> <span class='ocrx_word' id='word_1_89' title='bbox 718 1271 883 1308; x_wconf 80' lang='lat' dir='ltr'>urgetque</span> <span class='ocrx_word' id='word_1_90' title='bbox 915 1265 1074 1307; x_wconf 82' lang='lat' dir='ltr'>priorem,</span> 
     </span>
     <span class='ocr_line' id='line_1_21' title="bbox 384 1314 1075 1358; baseline -0.004 -9"><span class='ocrx_word' id='word_1_91' title='bbox 384 1319 554 1358; x_wconf 80' lang='lat' dir='ltr'><strong>Tempora</strong></span> <span class='ocrx_word' id='word_1_92' title='bbox 570 1318 619 1349; x_wconf 89' lang='lat' dir='ltr'><strong>sic</strong></span> <span class='ocrx_word' id='word_1_93' title='bbox 634 1315 790 1356; x_wconf 75' lang='lat' dir='ltr'><strong>fugiunt.¹</strong></span> <span class='ocrx_word' id='word_1_94' title='bbox 833 1314 922 1345; x_wconf 86' lang='lat' dir='ltr'>Vide</span> <span class='ocrx_word' id='word_1_95' title='bbox 938 1323 990 1345; x_wconf 79' lang='lat' dir='ltr'><strong>tv.</strong></span> <span class='ocrx_word' id='word_1_96' title='bbox 1007 1314 1075 1346; x_wconf 84' lang='lat' dir='ltr'><strong>Od.</strong></span> 
     </span>
     <span class='ocr_line' id='line_1_22' title="bbox 384 1362 1078 1406; baseline -0.007 -9"><span class='ocrx_word' id='word_1_97' title='bbox 384 1369 416 1397; x_wconf 79' lang='lat'><strong>⁷.</strong></span> <span class='ocrx_word' id='word_1_98' title='bbox 431 1367 524 1406; x_wconf 76' lang='lat' dir='ltr'><strong>Cmq.</strong></span> <span class='ocrx_word' id='word_1_99' title='bbox 571 1365 721 1396; x_wconf 77' lang='lat' dir='ltr'><strong>Truditur</strong></span> <span class='ocrx_word' id='word_1_100' title='bbox 734 1364 800 1395; x_wconf 83' lang='lat' dir='ltr'><strong>dies</strong></span> <span class='ocrx_word' id='word_1_101' title='bbox 813 1363 879 1403; x_wconf 78' lang='lat' dir='ltr'><strong>die]</strong></span> <span class='ocrx_word' id='word_1_102' title='bbox 895 1363 995 1394; x_wconf 89' lang='lat' dir='ltr'><strong>Diem</strong></span> <span class='ocrx_word' id='word_1_103' title='bbox 1006 1362 1078 1393; x_wconf 84' lang='lat' dir='ltr'><strong>dies</strong></span> 
     </span>
     <span class='ocr_line' id='line_1_23' title="bbox 386 1411 1078 1455; baseline -0.006 -9"><span class='ocrx_word' id='word_1_104' title='bbox 386 1414 613 1455; x_wconf 80' lang='lat' dir='ltr'>subsequitur,</span> <span class='ocrx_word' id='word_1_105' title='bbox 641 1418 676 1445; x_wconf 88' lang='lat' dir='ltr'><strong>et</strong></span> <span class='ocrx_word' id='word_1_106' title='bbox 704 1412 827 1453; x_wconf 83' lang='lat' dir='ltr'>integri</span> <span class='ocrx_word' id='word_1_107' title='bbox 851 1420 983 1443; x_wconf 86' lang='lat' dir='ltr'><strong>meuses</strong></span> <span class='ocrx_word' id='word_1_108' title='bbox 1006 1411 1078 1443; x_wconf 88' lang='lat' dir='ltr'><strong>cito</strong></span> 
     </span>
     <span class='ocr_line' id='line_1_24' title="bbox 384 1466 574 1494; baseline -0.011 0"><span class='ocrx_word' id='word_1_109' title='bbox 384 1466 574 1494; x_wconf 85' lang='lat' dir='ltr'><strong>transeunt.</strong></span> 
     </span>
    </p>

    <p class='ocr_par' dir='ltr' id='par_1_8' title="bbox 386 1509 1076 1599">
     <span class='ocr_line' id='line_1_25' title="bbox 429 1509 1076 1552; baseline -0.003 -9"><span class='ocrx_word' id='word_1_110' title='bbox 429 1515 470 1543; x_wconf 84' lang='grc'><strong>16</strong></span> <span class='ocrx_word' id='word_1_111' title='bbox 493 1513 648 1552; x_wconf 82' lang='lat' dir='ltr'><strong>Novoeque</strong></span> <span class='ocrx_word' id='word_1_112' title='bbox 675 1510 786 1552; x_wconf 83' lang='lat' dir='ltr'><strong>Lunoe]</strong></span> <span class='ocrx_word' id='word_1_113' title='bbox 817 1509 920 1542; x_wconf 80' lang='lat' dir='ltr'><strong>Lunae</strong></span> <span class='ocrx_word' id='word_1_114' title='bbox 946 1518 1076 1541; x_wconf 85' lang='lat' dir='ltr'><strong>accres-</strong></span> 
     </span>
     <span class='ocr_line' id='line_1_26' title="bbox 386 1560 748 1599; baseline -0.008 -6"><span class='ocrx_word' id='word_1_115' title='bbox 386 1566 467 1599; x_wconf 79' lang='lat' dir='ltr'><strong>cunt</strong></span> <span class='ocrx_word' id='word_1_116' title='bbox 483 1566 519 1592; x_wconf 89' lang='lat' dir='ltr'><strong>et</strong></span> <span class='ocrx_word' id='word_1_117' title='bbox 533 1560 748 1591; x_wconf 87' lang='lat' dir='ltr'><strong>decrescunt.</strong></span> 
     </span>
    </p>

    <p class='ocr_par' dir='ltr' id='par_1_9' title="bbox 371 1606 1076 1848">
     <span class='ocr_line' id='line_1_27' title="bbox 371 1606 1076 1647; baseline -0.004 -6"><span class='ocrx_word' id='word_1_118' title='bbox 371 1616 374 1619; x_wconf 74' lang='grc'><strong>’</strong></span> <span class='ocrx_word' id='word_1_119' title='bbox 429 1613 469 1641; x_wconf 86' lang='grc'><strong>17</strong></span> <span class='ocrx_word' id='word_1_120' title='bbox 494 1609 541 1640; x_wconf 75' lang='lat' dir='ltr'><strong>Tit</strong></span> <span class='ocrx_word' id='word_1_121' title='bbox 558 1610 690 1639; x_wconf 80' lang='lat' dir='ltr'><strong>secanda</strong></span> <span class='ocrx_word' id='word_1_122' title='bbox 714 1606 882 1647; x_wconf 87' lang='lat' dir='ltr'><strong>marmora]</strong></span> <span class='ocrx_word' id='word_1_123' title='bbox 903 1607 955 1638; x_wconf 84' lang='lat' dir='ltr'><strong>Tu</strong></span> <span class='ocrx_word' id='word_1_124' title='bbox 976 1616 1076 1639; x_wconf 86' lang='lat' dir='ltr'><strong>avare</strong></span> 
     </span>
     <span class='ocr_line' id='line_1_28' title="bbox 388 1656 1076 1698; baseline -0.004 -8"><span class='ocrx_word' id='word_1_125' title='bbox 388 1657 550 1690; x_wconf 88' lang='lat' dir='ltr'><strong>conducis</strong></span> <span class='ocrx_word' id='word_1_126' title='bbox 579 1658 727 1689; x_wconf 85' lang='lat' dir='ltr'><strong>homiues</strong></span> <span class='ocrx_word' id='word_1_127' title='bbox 755 1656 989 1696; x_wconf 73' lang='lat' dir='ltr'>mercenarios,</span> <span class='ocrx_word' id='word_1_128' title='bbox 1018 1657 1076 1698; x_wconf 88' lang='lat' dir='ltr'><strong>qui</strong></span> 
     </span>
     <span class='ocr_line' id='line_1_29' title="bbox 389 1703 1076 1739; baseline -0.006 0"><span class='ocrx_word' id='word_1_129' title='bbox 389 1707 450 1739; x_wconf 86' lang='lat' dir='ltr'><strong>tibi</strong></span> <span class='ocrx_word' id='word_1_130' title='bbox 471 1709 588 1738; x_wconf 84' lang='lat' dir='ltr'><strong>secent</strong></span> <span class='ocrx_word' id='word_1_131' title='bbox 601 1713 766 1737; x_wconf 82' lang='lat' dir='ltr'><strong>marmora</strong></span> <span class='ocrx_word' id='word_1_132' title='bbox 790 1704 834 1735; x_wconf 90' lang='lat' dir='ltr'><strong>ad</strong></span> <span class='ocrx_word' id='word_1_133' title='bbox 859 1703 1076 1736; x_wconf 81' lang='lat' dir='ltr'><strong>aedificiorum</strong></span> 
     </span>
     <span class='ocr_line' id='line_1_30' title="bbox 387 1752 1075 1795; baseline -0.004 -7"><span class='ocrx_word' id='word_1_134' title='bbox 387 1760 592 1788; x_wconf 80' lang='lat' dir='ltr'><strong>structuram</strong></span> <span class='ocrx_word' id='word_1_135' title='bbox 603 1766 613 1786; x_wconf 73' lang='grc' dir='ltr'><strong>ι</strong></span> <span class='ocrx_word' id='word_1_136' title='bbox 636 1755 700 1786; x_wconf 84' lang='lat' dir='ltr'><strong>sub</strong></span> <span class='ocrx_word' id='word_1_137' title='bbox 710 1754 824 1795; x_wconf 77' lang='lat' dir='ltr'><strong>ipsum</strong></span> <span class='ocrx_word' id='word_1_138' title='bbox 839 1752 953 1793; x_wconf 78' lang='lat' dir='ltr'><strong>funus,</strong></span> <span class='ocrx_word' id='word_1_139' title='bbox 965 1753 999 1784; x_wconf 89' lang='lat' dir='ltr'><strong>id</strong></span> <span class='ocrx_word' id='word_1_140' title='bbox 1009 1758 1075 1793; x_wconf 87' lang='lat' dir='ltr'><strong>est,</strong></span> 
     </span>
     <span class='ocr_line' id='line_1_31' title="bbox 386 1806 753 1848; baseline -0.008 -11"><span class='ocrx_word' id='word_1_141' title='bbox 386 1806 488 1848; x_wconf 83' lang='lat' dir='ltr'><strong>paulo</strong></span> <span class='ocrx_word' id='word_1_142' title='bbox 504 1810 583 1836; x_wconf 84' lang='lat' dir='ltr'><strong>ante</strong></span> <span class='ocrx_word' id='word_1_143' title='bbox 598 1807 753 1836; x_wconf 84' lang='lat' dir='ltr'><strong>mortem.</strong></span> 
     </span>
    </p>

    <p class='ocr_par' dir='ltr' id='par_1_10' title="bbox 372 1851 1079 2469">
     <span class='ocr_line' id='line_1_32' title="bbox 429 1851 1075 1895; baseline -0.006 -9"><span class='ocrx_word' id='word_1_144' title='bbox 429 1857 470 1886; x_wconf 87' lang='grc'><strong>20</strong></span> <span class='ocrx_word' id='word_1_145' title='bbox 493 1854 653 1895; x_wconf 73' lang='lat' dir='ltr'><strong>Mar-isque</strong></span> <span class='ocrx_word' id='word_1_146' title='bbox 668 1853 763 1885; x_wconf 79' lang='lat' dir='ltr'><strong>Baiis</strong></span> <span class='ocrx_word' id='word_1_147' title='bbox 781 1851 997 1893; x_wconf 73' lang='lat' dir='ltr'><strong>obstrepentis]</strong></span> <span class='ocrx_word' id='word_1_148' title='bbox 1021 1851 1075 1882; x_wconf 72' lang='grc' dir='ltr'><strong>ΙΕ-</strong></span> 
     </span>
     <span class='ocr_line' id='line_1_33' title="bbox 388 1900 1077 1944; baseline -0.003 -10"><span class='ocrx_word' id='word_1_149' title='bbox 388 1903 505 1934; x_wconf 84' lang='lat' dir='ltr'><strong>dificas</strong></span> <span class='ocrx_word' id='word_1_150' title='bbox 521 1903 554 1934; x_wconf 92' lang='lat' dir='ltr'><strong>iu</strong></span> <span class='ocrx_word' id='word_1_151' title='bbox 570 1903 667 1942; x_wconf 85' lang='lat' dir='ltr'><strong>mari,</strong></span> <span class='ocrx_word' id='word_1_152' title='bbox 682 1902 771 1944; x_wconf 90' lang='lat' dir='ltr'><strong>quod</strong></span> <span class='ocrx_word' id='word_1_153' title='bbox 786 1911 846 1933; x_wconf 85' lang='lat' dir='ltr'><strong>suo</strong></span> <span class='ocrx_word' id='word_1_154' title='bbox 858 1901 968 1933; x_wconf 85' lang='lat' dir='ltr'><strong>souitu</strong></span> <span class='ocrx_word' id='word_1_155' title='bbox 984 1900 1077 1932; x_wconf 86' lang='lat' dir='ltr'><strong>Baiis</strong></span> 
     </span>
     <span class='ocr_line' id='line_1_34' title="bbox 388 1950 1077 1991; baseline -0.003 -9"><span class='ocrx_word' id='word_1_156' title='bbox 388 1952 569 1991; x_wconf 82' lang='lat' dir='ltr'><strong>obstrepit.</strong></span> <span class='ocrx_word' id='word_1_157' title='bbox 611 1951 706 1982; x_wconf 81' lang='lat' dir='ltr'><strong>Baiae</strong></span> <span class='ocrx_word' id='word_1_158' title='bbox 721 1950 839 1982; x_wconf 83' lang='lat' dir='ltr'><strong>civitas</strong></span> <span class='ocrx_word' id='word_1_159' title='bbox 861 1954 914 1981; x_wconf 84' lang='lat' dir='ltr'><strong>est</strong></span> <span class='ocrx_word' id='word_1_160' title='bbox 934 1950 1077 1989; x_wconf 82' lang='lat' dir='ltr'><strong>Campa-</strong></span> 
     </span>
     <span class='ocr_line' id='line_1_35' title="bbox 372 1998 1077 2042; baseline -0.003 -12"><span class='ocrx_word' id='word_1_161' title='bbox 372 2008 374 2010; x_wconf 89' lang='lat'>·</span> <span class='ocrx_word' id='word_1_162' title='bbox 388 2000 452 2030; x_wconf 81' lang='lat' dir='ltr'><strong>niae</strong></span> <span class='ocrx_word' id='word_1_163' title='bbox 469 1999 584 2042; x_wconf 85' lang='lat' dir='ltr'><strong>aBaio</strong></span> <span class='ocrx_word' id='word_1_164' title='bbox 599 1999 727 2039; x_wconf 88' lang='lat' dir='ltr'><strong>Ulyssis</strong></span> <span class='ocrx_word' id='word_1_165' title='bbox 743 1998 834 2029; x_wconf 88' lang='lat' dir='ltr'><strong>socio</strong></span> <span class='ocrx_word' id='word_1_166' title='bbox 851 1998 921 2029; x_wconf 91' lang='lat' dir='ltr'><strong>illic</strong></span> <span class='ocrx_word' id='word_1_167' title='bbox 934 1998 1077 2038; x_wconf 83' lang='lat' dir='ltr'><strong>sepulto.</strong></span> 
     </span>
     <span class='ocr_line' id='line_1_36' title="bbox 388 2047 1079 2087; baseline -0.003 -9"><span class='ocrx_word' id='word_1_168' title='bbox 388 2047 399 2064; x_wconf 88' lang='lat'>‘</span> <span class='ocrx_word' id='word_1_169' title='bbox 413 2048 535 2078; x_wconf 89' lang='lat' dir='ltr'><strong>Nullus</strong></span> <span class='ocrx_word' id='word_1_170' title='bbox 551 2047 583 2078; x_wconf 90' lang='lat' dir='ltr'><strong>in</strong></span> <span class='ocrx_word' id='word_1_171' title='bbox 600 2048 680 2078; x_wconf 83' lang='lat' dir='ltr'><strong>orbe</strong></span> <span class='ocrx_word' id='word_1_172' title='bbox 694 2048 789 2078; x_wconf 85' lang='lat' dir='ltr'><strong>locus</strong></span> <span class='ocrx_word' id='word_1_173' title='bbox 805 2047 898 2078; x_wconf 82' lang='lat' dir='ltr'><strong>Baiis</strong></span> <span class='ocrx_word' id='word_1_174' title='bbox 915 2047 1079 2087; x_wconf 66' lang='lat' dir='ltr'><strong>praelucet</strong></span> 
     </span>
     <span class='ocr_line' id='line_1_37' title="bbox 389 2094 1078 2135; baseline 0 -9"><span class='ocrx_word' id='word_1_175' title='bbox 389 2095 552 2126; x_wconf 84' lang='lat' dir='ltr'><strong>amoeuis.&#39;</strong></span> <span class='ocrx_word' id='word_1_176' title='bbox 613 2095 728 2135; x_wconf 78' lang='lat' dir='ltr'><strong>Urges]</strong></span> <span class='ocrx_word' id='word_1_177' title='bbox 763 2095 874 2126; x_wconf 85' lang='lat' dir='ltr'><strong>Instas</strong></span> <span class='ocrx_word' id='word_1_178' title='bbox 899 2094 1014 2130; x_wconf 79' lang='lat' dir='ltr'><strong>fabris,</strong></span> <span class='ocrx_word' id='word_1_179' title='bbox 1039 2099 1078 2126; x_wconf 84' lang='lat' dir='ltr'><strong>nt</strong></span> 
     </span>
     <span class='ocr_line' id='line_1_38' title="bbox 387 2142 1076 2183; baseline -0.003 -9"><span class='ocrx_word' id='word_1_180' title='bbox 387 2143 490 2175; x_wconf 82' lang='lat' dir='ltr'><strong>maris</strong></span> <span class='ocrx_word' id='word_1_181' title='bbox 504 2143 611 2174; x_wconf 81' lang='lat' dir='ltr'><strong>undas</strong></span> <span class='ocrx_word' id='word_1_182' title='bbox 624 2142 819 2183; x_wconf 85' lang='lat' dir='ltr'><strong>excludant,</strong></span> <span class='ocrx_word' id='word_1_183' title='bbox 842 2147 877 2173; x_wconf 89' lang='lat' dir='ltr'><strong>et</strong></span> <span class='ocrx_word' id='word_1_184' title='bbox 898 2143 1013 2173; x_wconf 82' lang='lat' dir='ltr'><strong>littora</strong></span> <span class='ocrx_word' id='word_1_185' title='bbox 1030 2142 1076 2173; x_wconf 90' lang='lat' dir='ltr'><strong>ul-</strong></span> 
     </span>
     <span class='ocr_line' id='line_1_39' title="bbox 388 2193 1079 2233; baseline -0.003 -10"><span class='ocrx_word' id='word_1_186' title='bbox 388 2193 494 2224; x_wconf 84' lang='lat' dir='ltr'><strong>terius</strong></span> <span class='ocrx_word' id='word_1_187' title='bbox 518 2193 732 2233; x_wconf 80' lang='lat' dir='ltr'><strong>protendant.</strong></span> <span class='ocrx_word' id='word_1_188' title='bbox 781 2193 882 2231; x_wconf 72' lang='lat' dir='ltr'><strong>Urges</strong></span> <span class='ocrx_word' id='word_1_189' title='bbox 894 2199 1079 2222; x_wconf 70' lang='lat' dir='ltr'><strong>summovere</strong></span> 
     </span>
     <span class='ocr_line' id='line_1_40' title="bbox 389 2240 1077 2282; baseline -0.003 -10"><span class='ocrx_word' id='word_1_190' title='bbox 389 2241 512 2282; x_wconf 78' lang='lat' dir='ltr'><strong>littora]</strong></span> <span class='ocrx_word' id='word_1_191' title='bbox 535 2242 637 2273; x_wconf 86' lang='lat' dir='ltr'><strong>Hune</strong></span> <span class='ocrx_word' id='word_1_192' title='bbox 658 2240 771 2272; x_wconf 77' lang='lat' dir='ltr'><strong>saeculi</strong></span> <span class='ocrx_word' id='word_1_193' title='bbox 798 2240 849 2271; x_wconf 87' lang='lat' dir='ltr'><strong>sui</strong></span> <span class='ocrx_word' id='word_1_194' title='bbox 872 2241 988 2271; x_wconf 86' lang='lat' dir='ltr'><strong>luxum</strong></span> <span class='ocrx_word' id='word_1_195' title='bbox 1006 2240 1077 2281; x_wconf 86' lang='lat' dir='ltr'><strong>jam</strong></span> 
     </span>
     <span class='ocr_line' id='line_1_41' title="bbox 373 2288 1078 2329; baseline -0.004 -7"><span class='ocrx_word' id='word_1_196' title='bbox 373 2298 376 2302; x_wconf 75' lang='grc'>’</span> <span class='ocrx_word' id='word_1_197' title='bbox 390 2295 469 2322; x_wconf 80' lang='lat' dir='ltr'><strong>ante</strong></span> <span class='ocrx_word' id='word_1_198' title='bbox 481 2290 653 2322; x_wconf 84' lang='lat' dir='ltr'><strong>damnavit</strong></span> <span class='ocrx_word' id='word_1_199' title='bbox 670 2289 739 2322; x_wconf 85' lang='lat' dir='ltr'><strong>Od.</strong></span> <span class='ocrx_word' id='word_1_200' title='bbox 754 2292 804 2321; x_wconf 80' lang='lat'><strong>15.</strong></span> <span class='ocrx_word' id='word_1_201' title='bbox 827 2289 926 2329; x_wconf 87' lang='lat' dir='ltr'><strong>hujus</strong></span> <span class='ocrx_word' id='word_1_202' title='bbox 939 2288 1026 2328; x_wconf 88' lang='lat' dir='ltr'><strong>libri,</strong></span> <span class='ocrx_word' id='word_1_203' title='bbox 1042 2292 1078 2320; x_wconf 90' lang='lat' dir='ltr'><strong>et</strong></span> 
     </span>
     <span class='ocr_line' id='line_1_42' title="bbox 389 2338 1076 2379; baseline -0.003 -9"><span class='ocrx_word' id='word_1_204' title='bbox 389 2348 445 2371; x_wconf 78' lang='grc' dir='ltr'><strong>ιιι.</strong></span> <span class='ocrx_word' id='word_1_205' title='bbox 460 2339 528 2371; x_wconf 86' lang='lat' dir='ltr'><strong>Od.</strong></span> <span class='ocrx_word' id='word_1_206' title='bbox 543 2342 573 2370; x_wconf 88' lang='lat' dir='ltr'><strong>l.</strong></span> <span class='ocrx_word' id='word_1_207' title='bbox 609 2338 753 2379; x_wconf 82' lang='lat' dir='ltr'><strong>Proprie</strong></span> <span class='ocrx_word' id='word_1_208' title='bbox 764 2341 876 2369; x_wconf 88' lang='lat' dir='ltr'><strong>autem</strong></span> <span class='ocrx_word' id='word_1_209' title='bbox 890 2347 1076 2369; x_wconf 79' lang='lat' dir='ltr'><strong>summovere</strong></span> 
     </span>
     <span class='ocr_line' id='line_1_43' title="bbox 390 2386 1074 2428; baseline -0.003 -9"><span class='ocrx_word' id='word_1_210' title='bbox 390 2389 509 2428; x_wconf 82' lang='lat' dir='ltr'><strong>littora,</strong></span> <span class='ocrx_word' id='word_1_211' title='bbox 524 2388 624 2424; x_wconf 84' lang='lat' dir='ltr'><strong>dixit,</strong></span> <span class='ocrx_word' id='word_1_212' title='bbox 637 2392 675 2420; x_wconf 92' lang='lat' dir='ltr'><strong>ut</strong></span> <span class='ocrx_word' id='word_1_213' title='bbox 688 2395 894 2420; x_wconf 86' lang='lat' dir='ltr'><strong>summovere</strong></span> <span class='ocrx_word' id='word_1_214' title='bbox 911 2386 1074 2428; x_wconf 87' lang='lat' dir='ltr'><strong>projectis</strong></span> 
     </span>
     <span class='ocr_line' id='line_1_44' title="bbox 390 2437 658 2469; baseline -0.004 -1"><span class='ocrx_word' id='word_1_215' title='bbox 390 2437 530 2469; x_wconf 83' lang='lat' dir='ltr'><strong>molibus</strong></span> <span class='ocrx_word' id='word_1_216' title='bbox 545 2437 658 2468; x_wconf 85' lang='lat' dir='ltr'><strong>maria.</strong></span> 
     </span>
    </p>

    <p class='ocr_par' dir='ltr' id='par_1_11' title="bbox 370 2485 1075 2625">
     <span class='ocr_line' id='line_1_45' title="bbox 370 2485 1075 2528; baseline -0.001 -10"><span class='ocrx_word' id='word_1_217' title='bbox 370 2488 372 2490; x_wconf 85' lang='lat'>&#39;</span> <span class='ocrx_word' id='word_1_218' title='bbox 431 2489 473 2518; x_wconf 78' lang='lat'><strong>22</strong></span> <span class='ocrx_word' id='word_1_219' title='bbox 498 2487 679 2518; x_wconf 77' lang='lat' dir='ltr'><strong>Continente</strong></span> <span class='ocrx_word' id='word_1_220' title='bbox 706 2485 790 2528; x_wconf 79' lang='lat' dir='ltr'><strong>ripa]</strong></span> <span class='ocrx_word' id='word_1_221' title='bbox 830 2485 936 2517; x_wconf 82' lang='lat' dir='ltr'><strong>Terra</strong></span> <span class='ocrx_word' id='word_1_222' title='bbox 970 2485 1075 2517; x_wconf 90' lang='lat' dir='ltr'><strong>conti·</strong></span> 
     </span>
     <span class='ocr_line' id='line_1_46' title="bbox 390 2534 1075 2577; baseline -0.001 -10"><span class='ocrx_word' id='word_1_223' title='bbox 390 2540 492 2567; x_wconf 88' lang='lat' dir='ltr'><strong>nente</strong></span> <span class='ocrx_word' id='word_1_224' title='bbox 512 2545 579 2567; x_wconf 89' lang='lat' dir='ltr'><strong>nou</strong></span> <span class='ocrx_word' id='word_1_225' title='bbox 599 2540 789 2575; x_wconf 85' lang='lat' dir='ltr'><strong>contentus,</strong></span> <span class='ocrx_word' id='word_1_226' title='bbox 802 2534 861 2566; x_wconf 84' lang='lat' dir='ltr'><strong>sed</strong></span> <span class='ocrx_word' id='word_1_227' title='bbox 874 2534 963 2577; x_wconf 88' lang='lat' dir='ltr'><strong>quod</strong></span> <span class='ocrx_word' id='word_1_228' title='bbox 983 2543 1075 2567; x_wconf 84' lang='lat' dir='ltr'><strong>marc</strong></span> 
     </span>
     <span class='ocr_line' id='line_1_47' title="bbox 390 2582 1005 2625; baseline 0 -11"><span class='ocrx_word' id='word_1_229' title='bbox 390 2583 463 2625; x_wconf 79' lang='lat' dir='ltr'><strong>fuit,</strong></span> <span class='ocrx_word' id='word_1_230' title='bbox 477 2585 512 2616; x_wconf 91' lang='lat' dir='ltr'><strong>in</strong></span> <span class='ocrx_word' id='word_1_231' title='bbox 530 2590 654 2616; x_wconf 87' lang='lat' dir='ltr'><strong>terram</strong></span> <span class='ocrx_word' id='word_1_232' title='bbox 671 2584 852 2615; x_wconf 84' lang='lat' dir='ltr'><strong>convertis.</strong></span> <span class='ocrx_word' id='word_1_233' title='bbox 1002 2582 1005 2585; x_wconf 80' lang='grc'>’</span> 
     </span>
    </p>

    <p class='ocr_par' dir='ltr' id='par_1_12' title="bbox 393 2633 1076 2725">
     <span class='ocr_line' id='line_1_48' title="bbox 432 2633 1076 2676; baseline 0 -11"><span class='ocrx_word' id='word_1_234' title='bbox 432 2637 473 2665; x_wconf 80' lang='grc'><strong>23</strong></span> <span class='ocrx_word' id='word_1_235' title='bbox 499 2635 603 2671; x_wconf 78' lang='lat' dir='ltr'><strong>Quid?</strong></span> <span class='ocrx_word' id='word_1_236' title='bbox 628 2636 706 2676; x_wconf 83' lang='lat' dir='ltr'><strong>quod</strong></span> <span class='ocrx_word' id='word_1_237' title='bbox 719 2634 825 2675; x_wconf 79' lang='lat' dir='ltr'><strong>usque]</strong></span> <span class='ocrx_word' id='word_1_238' title='bbox 850 2633 962 2667; x_wconf 84' lang='lat' dir='ltr'><strong>Quid?</strong></span> <span class='ocrx_word' id='word_1_239' title='bbox 988 2633 1076 2675; x_wconf 88' lang='lat' dir='ltr'><strong>quod</strong></span> 
     </span>
     <span class='ocr_line' id='line_1_49' title="bbox 393 2683 1076 2725; baseline 0.003 -14"><span class='ocrx_word' id='word_1_240' title='bbox 393 2690 510 2722; x_wconf 85' lang='lat' dir='ltr'><strong>usque,</strong></span> <span class='ocrx_word' id='word_1_241' title='bbox 532 2683 566 2714; x_wconf 87' lang='lat' dir='ltr'><strong>id</strong></span> <span class='ocrx_word' id='word_1_242' title='bbox 582 2689 645 2721; x_wconf 85' lang='lat' dir='ltr'><strong>est,</strong></span> <span class='ocrx_word' id='word_1_243' title='bbox 666 2693 799 2725; x_wconf 85' lang='lat' dir='ltr'><strong>semper</strong></span> <span class='ocrx_word' id='word_1_244' title='bbox 825 2692 977 2716; x_wconf 80' lang='lat' dir='ltr'><strong>removes</strong></span> <span class='ocrx_word' id='word_1_245' title='bbox 1003 2683 1076 2724; x_wconf 85' lang='lat' dir='ltr'><strong>agri</strong></span> 
     </span>
    </p>
   </div>
   <div class='ocr_carea' id='block_1_5' title="bbox 373 2730 1075 2812">
    <p class='ocr_par' dir='ltr' id='par_1_13' title="bbox 373 2730 1075 2812">
     <span class='ocr_line' id='line_1_50' title="bbox 373 2730 1075 2774; baseline 0.007 -14"><span class='ocrx_word' id='word_1_246' title='bbox 373 2730 565 2772; x_wconf 74' lang='lat' dir='ltr'><strong>&#39;terminos,</strong></span> <span class='ocrx_word' id='word_1_247' title='bbox 583 2734 637 2774; x_wconf 91' lang='lat' dir='ltr'><strong>qui</strong></span> <span class='ocrx_word' id='word_1_248' title='bbox 661 2738 739 2765; x_wconf 84' lang='lat' dir='ltr'><strong>sunt</strong></span> <span class='ocrx_word' id='word_1_249' title='bbox 764 2733 853 2765; x_wconf 86' lang='lat' dir='ltr'><strong>inter</strong></span> <span class='ocrx_word' id='word_1_250' title='bbox 870 2738 905 2765; x_wconf 85' lang='lat' dir='ltr'><strong>te</strong></span> <span class='ocrx_word' id='word_1_251' title='bbox 932 2737 968 2765; x_wconf 87' lang='lat' dir='ltr'><strong>et</strong></span> <span class='ocrx_word' id='word_1_252' title='bbox 994 2733 1075 2765; x_wconf 88' lang='lat' dir='ltr'><strong>vici-</strong></span> 
     </span>
     <span class='ocr_line' id='line_1_51' title="bbox 393 2787 483 2812; baseline 0 0"><span class='ocrx_word' id='word_1_253' title='bbox 393 2787 483 2812; x_wconf 81' lang='lat' dir='ltr'><strong>uum.</strong></span> 
     </span>
    </p>
   </div>
   <div class='ocr_carea' id='block_1_6' title="bbox 828 285 1349 319">
    <p class='ocr_par' dir='ltr' id='par_1_14' title="bbox 828 285 1349 319">
     <span class='ocr_line' id='line_1_52' title="bbox 828 285 1349 319; baseline -0.006 0"><span class='ocrx_word' id='word_1_254' title='bbox 828 287 969 319; x_wconf 74' lang='lat' dir='ltr'>NOTAE</span> <span class='ocrx_word' id='word_1_255' title='bbox 993 285 1265 318; x_wconf 77' lang='lat' dir='ltr'><strong>.VAR10RUM</strong></span> <span class='ocrx_word' id='word_1_256' title='bbox 1298 286 1349 317; x_wconf 84' lang='lat' dir='ltr'><strong>IN</strong></span> 
     </span>
    </p>
   </div>
   <div class='ocr_carea' id='block_1_7' title="bbox 1124 376 1816 820">
    <p class='ocr_par' dir='ltr' id='par_1_15' title="bbox 1124 376 1816 720">
     <span class='ocr_line' id='line_1_53' title="bbox 1167 376 1812 418; baseline 0 -7"><span class='ocrx_word' id='word_1_257' title='bbox 1167 382 1210 411; x_wconf 74' lang='lat'><strong>24</strong></span> <span class='ocrx_word' id='word_1_258' title='bbox 1232 378 1369 411; x_wconf 71' lang='lat' dir='ltr'><strong>Reveuis</strong></span> <span class='ocrx_word' id='word_1_259' title='bbox 1381 378 1454 418; x_wconf 79' lang='lat' dir='ltr'><strong>agri</strong></span> <span class='ocrx_word' id='word_1_260' title='bbox 1468 376 1629 418; x_wconf 76' lang='lat' dir='ltr'><strong>terminos]</strong></span> <span class='ocrx_word' id='word_1_261' title='bbox 1643 376 1812 411; x_wconf 73' lang='lat' dir='ltr'><strong>Jnriseon-</strong></span> 
     </span>
     <span class='ocr_line' id='line_1_54' title="bbox 1127 427 1814 468; baseline 0 -8"><span class='ocrx_word' id='word_1_262' title='bbox 1127 427 1207 460; x_wconf 87' lang='lat' dir='ltr'><strong>sulti</strong></span> <span class='ocrx_word' id='word_1_263' title='bbox 1222 428 1376 460; x_wconf 83' lang='lat' dir='ltr'><strong>Terminos</strong></span> <span class='ocrx_word' id='word_1_264' title='bbox 1390 432 1511 459; x_wconf 83' lang='lat' dir='ltr'><strong>vocant</strong></span> <span class='ocrx_word' id='word_1_265' title='bbox 1525 428 1648 459; x_wconf 82' lang='lat' dir='ltr'><strong>limites</strong></span> <span class='ocrx_word' id='word_1_266' title='bbox 1661 437 1814 468; x_wconf 79' lang='lat' dir='ltr'><strong>agrorum</strong></span> 
     </span>
     <span class='ocr_line' id='line_1_55' title="bbox 1127 479 1814 521; baseline -0.001 -10"><span class='ocrx_word' id='word_1_267' title='bbox 1127 480 1453 521; x_wconf 78' lang='lat' dir='ltr'><strong>possessionumque,</strong></span> <span class='ocrx_word' id='word_1_268' title='bbox 1464 479 1578 511; x_wconf 87' lang='lat' dir='ltr'><strong>finium</strong></span> <span class='ocrx_word' id='word_1_269' title='bbox 1595 487 1715 519; x_wconf 84' lang='lat' dir='ltr'><strong>nempe</strong></span> <span class='ocrx_word' id='word_1_270' title='bbox 1724 487 1814 511; x_wconf 84' lang='lat' dir='ltr'><strong>caus-</strong></span> 
     </span>
     <span class='ocr_line' id='line_1_56' title="bbox 1125 528 1816 571; baseline -0.004 -9"><span class='ocrx_word' id='word_1_271' title='bbox 1125 540 1161 562; x_wconf 89' lang='lat' dir='ltr'><strong>sa</strong></span> <span class='ocrx_word' id='word_1_272' title='bbox 1178 530 1319 570; x_wconf 83' lang='lat' dir='ltr'><strong>positos,</strong></span> <span class='ocrx_word' id='word_1_273' title='bbox 1340 531 1411 562; x_wconf 85' lang='lat' dir='ltr'><strong>sive</strong></span> <span class='ocrx_word' id='word_1_274' title='bbox 1426 530 1556 571; x_wconf 84' lang='lat' dir='ltr'><strong>lapides</strong></span> <span class='ocrx_word' id='word_1_275' title='bbox 1572 529 1644 560; x_wconf 82' lang='lat' dir='ltr'><strong>sive</strong></span> <span class='ocrx_word' id='word_1_276' title='bbox 1667 528 1816 570; x_wconf 82' lang='lat' dir='ltr'><strong>arbores,</strong></span> 
     </span>
     <span class='ocr_line' id='line_1_57' title="bbox 1127 578 1816 621; baseline 0 -10"><span class='ocrx_word' id='word_1_277' title='bbox 1127 579 1248 621; x_wconf 91' lang='lat' dir='ltr'><strong>quibus</strong></span> <span class='ocrx_word' id='word_1_278' title='bbox 1282 580 1365 612; x_wconf 81' lang='lat' dir='ltr'><strong>fines</strong></span> <span class='ocrx_word' id='word_1_279' title='bbox 1400 580 1648 612; x_wconf 86' lang='lat' dir='ltr'><strong>discernuntur.</strong></span> <span class='ocrx_word' id='word_1_280' title='bbox 1671 578 1816 611; x_wconf 72' lang='lat' dir='ltr'><strong>Tor-rm.</strong></span> 
     </span>
     <span class='ocr_line' id='line_1_58' title="bbox 1126 625 1814 670; baseline 0 -10"><span class='ocrx_word' id='word_1_281' title='bbox 1126 630 1171 660; x_wconf 84' lang='lat' dir='ltr'><strong>Et</strong></span> <span class='ocrx_word' id='word_1_282' title='bbox 1184 628 1282 670; x_wconf 81' lang='lat' dir='ltr'><strong>ultra]</strong></span> <span class='ocrx_word' id='word_1_283' title='bbox 1302 630 1348 661; x_wconf 89' lang='lat' dir='ltr'><strong>Et</strong></span> <span class='ocrx_word' id='word_1_284' title='bbox 1364 630 1514 661; x_wconf 87' lang='lat' dir='ltr'><strong>transilis</strong></span> <span class='ocrx_word' id='word_1_285' title='bbox 1530 629 1619 660; x_wconf 88' lang='lat' dir='ltr'><strong>ultra</strong></span> <span class='ocrx_word' id='word_1_286' title='bbox 1630 625 1752 659; x_wconf 86' lang='lat' dir='ltr'><strong>limites</strong></span> <span class='ocrx_word' id='word_1_287' title='bbox 1767 628 1814 660; x_wconf 85' lang='lat' dir='ltr'><strong>vi·</strong></span> 
     </span>
     <span class='ocr_line' id='line_1_59' title="bbox 1124 678 1674 720; baseline 0.002 -10"><span class='ocrx_word' id='word_1_288' title='bbox 1124 678 1273 710; x_wconf 84' lang='lat' dir='ltr'><strong>cinerum</strong></span> <span class='ocrx_word' id='word_1_289' title='bbox 1289 678 1387 710; x_wconf 81' lang='lat' dir='ltr'><strong>alieni</strong></span> <span class='ocrx_word' id='word_1_290' title='bbox 1404 678 1501 710; x_wconf 79' lang='lat' dir='ltr'><strong>fundi</strong></span> <span class='ocrx_word' id='word_1_291' title='bbox 1518 679 1674 720; x_wconf 86' lang='lat' dir='ltr'><strong>cupidus.</strong></span> 
     </span>
    </p>

    <p class='ocr_par' dir='ltr' id='par_1_16' title="bbox 1125 727 1815 820">
     <span class='ocr_line' id='line_1_60' title="bbox 1166 727 1815 770; baseline 0 -12"><span class='ocrx_word' id='word_1_292' title='bbox 1166 730 1207 759; x_wconf 82' lang='lat'><strong>25</strong></span> <span class='ocrx_word' id='word_1_293' title='bbox 1230 727 1361 759; x_wconf 80' lang='lat' dir='ltr'><strong>Limites</strong></span> <span class='ocrx_word' id='word_1_294' title='bbox 1385 728 1559 770; x_wconf 82' lang='lat' dir='ltr'><strong>clientium]</strong></span> <span class='ocrx_word' id='word_1_295' title='bbox 1600 730 1650 761; x_wconf 87' lang='lat' dir='ltr'><strong>Ea</strong></span> <span class='ocrx_word' id='word_1_296' title='bbox 1679 727 1815 769; x_wconf 79' lang='lat' dir='ltr'><strong>gravior</strong></span> 
     </span>
     <span class='ocr_line' id='line_1_61' title="bbox 1125 777 1815 820; baseline 0.001 -12"><span class='ocrx_word' id='word_1_297' title='bbox 1125 778 1232 810; x_wconf 88' lang='lat' dir='ltr'><strong>multo</strong></span> <span class='ocrx_word' id='word_1_298' title='bbox 1254 777 1377 818; x_wconf 86' lang='lat' dir='ltr'><strong>injuria</strong></span> <span class='ocrx_word' id='word_1_299' title='bbox 1391 782 1456 818; x_wconf 86' lang='lat' dir='ltr'><strong>est,</strong></span> <span class='ocrx_word' id='word_1_300' title='bbox 1471 789 1547 820; x_wconf 85' lang='lat' dir='ltr'><strong>quae</strong></span> <span class='ocrx_word' id='word_1_301' title='bbox 1564 779 1743 810; x_wconf 80' lang='lat' dir='ltr'><strong>clientibus</strong></span> <span class='ocrx_word' id='word_1_302' title='bbox 1764 778 1815 809; x_wconf 89' lang='lat' dir='ltr'><strong>iu·</strong></span> 
     </span>
    </p>
   </div>
   <div class='ocr_carea' id='block_1_8' title="bbox 1126 824 1812 906">
    <p class='ocr_par' dir='ltr' id='par_1_17' title="bbox 1126 824 1812 906">
     <span class='ocr_line' id='line_1_62' title="bbox 1126 824 1812 859; baseline 0 -3"><span class='ocrx_word' id='word_1_303' title='bbox 1126 824 1247 858; x_wconf 84' lang='lat' dir='ltr'><strong>fertur.</strong></span> <span class='ocrx_word' id='word_1_304' title='bbox 1290 826 1378 858; x_wconf 85' lang='lat' dir='ltr'><strong>Vide</strong></span> <span class='ocrx_word' id='word_1_305' title='bbox 1399 827 1546 859; x_wconf 87' lang='lat' dir='ltr'><strong>Gellium</strong></span> <span class='ocrx_word' id='word_1_306' title='bbox 1572 835 1635 859; x_wconf 85' lang='lat' dir='ltr'><strong>xx.</strong></span> <span class='ocrx_word' id='word_1_307' title='bbox 1660 830 1691 859; x_wconf 92' lang='lat'><strong>1.</strong></span> <span class='ocrx_word' id='word_1_308' title='bbox 1715 831 1752 858; x_wconf 88' lang='lat' dir='ltr'><strong>et</strong></span> <span class='ocrx_word' id='word_1_309' title='bbox 1776 834 1812 857; x_wconf 85' lang='lat' dir='ltr'><strong>v.</strong></span> 
     </span>
     <span class='ocr_line' id='line_1_63' title="bbox 1128 873 1350 906; baseline 0.005 -2"><span class='ocrx_word' id='word_1_310' title='bbox 1128 876 1180 905; x_wconf 78' lang='lat'><strong>13.</strong></span> <span class='ocrx_word' id='word_1_311' title='bbox 1206 873 1350 906; x_wconf 73' lang='lat' dir='ltr'><strong>Torreat.</strong></span> 
     </span>
    </p>
   </div>
   <div class='ocr_carea' id='block_1_9' title="bbox 1125 922 1821 2826">
    <p class='ocr_par' dir='ltr' id='par_1_18' title="bbox 1127 922 1817 1151">
     <span class='ocr_line' id='line_1_64' title="bbox 1169 922 1817 962; baseline -0.002 -9"><span class='ocrx_word' id='word_1_312' title='bbox 1169 925 1211 953; x_wconf 82' lang='lat'><strong>26</strong></span> <span class='ocrx_word' id='word_1_313' title='bbox 1236 922 1385 962; x_wconf 76' lang='lat' dir='ltr'><strong>Pellitur]</strong></span> <span class='ocrx_word' id='word_1_314' title='bbox 1406 922 1619 954; x_wconf 86' lang='lat' dir='ltr'><strong>Eliminatur.</strong></span> <span class='ocrx_word' id='word_1_315' title='bbox 1662 923 1817 954; x_wconf 68' lang='lat' dir='ltr'><strong>Pater-nos</strong></span> 
     </span>
     <span class='ocr_line' id='line_1_65' title="bbox 1128 970 1816 1012; baseline 0.001 -11"><span class='ocrx_word' id='word_1_316' title='bbox 1128 971 1168 1001; x_wconf 83' lang='grc' dir='ltr'><strong>1η</strong></span> <span class='ocrx_word' id='word_1_317' title='bbox 1182 970 1367 1009; x_wconf 74' lang='lat' dir='ltr'><strong>sinuferens</strong></span> <span class='ocrx_word' id='word_1_318' title='bbox 1381 970 1478 1011; x_wconf 81' lang='lat' dir='ltr'><strong>Deos]</strong></span> <span class='ocrx_word' id='word_1_319' title='bbox 1501 971 1616 1012; x_wconf 86' lang='lat' dir='ltr'><strong>Auget</strong></span> <span class='ocrx_word' id='word_1_320' title='bbox 1630 970 1715 1003; x_wconf 81' lang='lat' dir='ltr'><strong>facti</strong></span> <span class='ocrx_word' id='word_1_321' title='bbox 1730 971 1816 1002; x_wconf 84' lang='lat' dir='ltr'><strong>invi-</strong></span> 
     </span>
     <span class='ocr_line' id='line_1_66' title="bbox 1128 1019 1817 1062; baseline -0.003 -10"><span class='ocrx_word' id='word_1_322' title='bbox 1128 1021 1215 1052; x_wconf 85' lang='lat' dir='ltr'><strong>diam</strong></span> <span class='ocrx_word' id='word_1_323' title='bbox 1236 1021 1324 1061; x_wconf 86' lang='lat' dir='ltr'><strong>pulsi</strong></span> <span class='ocrx_word' id='word_1_324' title='bbox 1345 1021 1478 1053; x_wconf 87' lang='lat' dir='ltr'><strong>clientis</strong></span> <span class='ocrx_word' id='word_1_325' title='bbox 1499 1021 1629 1062; x_wconf 53' lang='lat' dir='ltr'><strong>piatam</strong></span> <span class='ocrx_word' id='word_1_326' title='bbox 1653 1021 1710 1061; x_wconf 88' lang='lat' dir='ltr'><strong>qui</strong></span> <span class='ocrx_word' id='word_1_327' title='bbox 1735 1019 1817 1050; x_wconf 87' lang='lat' dir='ltr'><strong>nihil</strong></span> 
     </span>
     <span class='ocr_line' id='line_1_67' title="bbox 1127 1067 1814 1111; baseline -0.004 -10"><span class='ocrx_word' id='word_1_328' title='bbox 1127 1075 1251 1111; x_wconf 82' lang='lat' dir='ltr'><strong>proeter</strong></span> <span class='ocrx_word' id='word_1_329' title='bbox 1265 1073 1424 1111; x_wconf 79' lang='lat' dir='ltr'><strong>paternos</strong></span> <span class='ocrx_word' id='word_1_330' title='bbox 1437 1071 1525 1102; x_wconf 84' lang='lat' dir='ltr'><strong>lares</strong></span> <span class='ocrx_word' id='word_1_331' title='bbox 1541 1078 1580 1101; x_wconf 87' lang='lat' dir='ltr'><strong>ac</strong></span> <span class='ocrx_word' id='word_1_332' title='bbox 1603 1068 1726 1100; x_wconf 81' lang='lat' dir='ltr'><strong>liberos</strong></span> <span class='ocrx_word' id='word_1_333' title='bbox 1746 1067 1814 1099; x_wconf 87' lang='lat' dir='ltr'><strong>suis</strong></span> 
     </span>
     <span class='ocr_line' id='line_1_68' title="bbox 1127 1118 1455 1151; baseline 0 -1"><span class='ocrx_word' id='word_1_334' title='bbox 1127 1129 1146 1151; x_wconf 92' lang='lat' dir='ltr'><strong>e</strong></span> <span class='ocrx_word' id='word_1_335' title='bbox 1162 1119 1296 1151; x_wconf 83' lang='lat' dir='ltr'><strong>sedibus</strong></span> <span class='ocrx_word' id='word_1_336' title='bbox 1309 1118 1455 1151; x_wconf 83' lang='lat' dir='ltr'><strong>auferat.</strong></span> 
     </span>
    </p>

    <p class='ocr_par' dir='ltr' id='par_1_19' title="bbox 1169 1168 1520 1209">
     <span class='ocr_line' id='line_1_69' title="bbox 1169 1168 1520 1209; baseline -0.006 -8"><span class='ocrx_word' id='word_1_337' title='bbox 1169 1171 1210 1201; x_wconf 80' lang='grc'><strong>27</strong></span> <span class='ocrx_word' id='word_1_338' title='bbox 1233 1168 1332 1209; x_wconf 85' lang='lat' dir='ltr'><strong>Deos]</strong></span> <span class='ocrx_word' id='word_1_339' title='bbox 1356 1168 1520 1199; x_wconf 83' lang='lat' dir='ltr'><strong>Penates.</strong></span> 
     </span>
    </p>

    <p class='ocr_par' dir='ltr' id='par_1_20' title="bbox 1125 1213 1820 1746">
     <span class='ocr_line' id='line_1_70' title="bbox 1169 1213 1818 1258; baseline -0.008 -8"><span class='ocrx_word' id='word_1_340' title='bbox 1169 1220 1211 1250; x_wconf 83' lang='lat'><strong>28</strong></span> <span class='ocrx_word' id='word_1_341' title='bbox 1233 1217 1435 1258; x_wconf 73' lang='lat' dir='ltr'><strong>sordidosque</strong></span> <span class='ocrx_word' id='word_1_342' title='bbox 1448 1214 1551 1256; x_wconf 78' lang='lat' dir='ltr'><strong>natos]</strong></span> <span class='ocrx_word' id='word_1_343' title='bbox 1564 1215 1699 1248; x_wconf 78' lang='lat' dir='ltr'><strong>Revera</strong></span> <span class='ocrx_word' id='word_1_344' title='bbox 1712 1213 1818 1246; x_wconf 84' lang='lat' dir='ltr'><strong>sordi-</strong></span> 
     </span>
     <span class='ocr_line' id='line_1_71' title="bbox 1125 1264 1818 1307; baseline -0.007 -8"><span class='ocrx_word' id='word_1_345' title='bbox 1125 1267 1198 1299; x_wconf 87' lang='lat' dir='ltr'><strong>dos.</strong></span> <span class='ocrx_word' id='word_1_346' title='bbox 1242 1267 1414 1303; x_wconf 83' lang='lat' dir='ltr'><strong>Indicans,</strong></span> <span class='ocrx_word' id='word_1_347' title='bbox 1430 1266 1479 1298; x_wconf 88' lang='lat' dir='ltr'><strong>ita</strong></span> <span class='ocrx_word' id='word_1_348' title='bbox 1493 1266 1607 1307; x_wconf 80' lang='lat' dir='ltr'><strong>urgeri</strong></span> <span class='ocrx_word' id='word_1_349' title='bbox 1623 1265 1666 1297; x_wconf 84' lang='lat' dir='ltr'><strong>ab</strong></span> <span class='ocrx_word' id='word_1_350' title='bbox 1683 1264 1748 1296; x_wconf 89' lang='lat' dir='ltr'><strong>illis</strong></span> <span class='ocrx_word' id='word_1_351' title='bbox 1760 1264 1818 1305; x_wconf 88' lang='lat' dir='ltr'><strong>qui</strong></span> 
     </span>
     <span class='ocr_line' id='line_1_72' title="bbox 1126 1313 1818 1356; baseline -0.004 -10"><span class='ocrx_word' id='word_1_352' title='bbox 1126 1325 1184 1346; x_wconf 86' lang='lat' dir='ltr'><strong>eos</strong></span> <span class='ocrx_word' id='word_1_353' title='bbox 1208 1316 1396 1356; x_wconf 87' lang='lat' dir='ltr'><strong>expellunt,</strong></span> <span class='ocrx_word' id='word_1_354' title='bbox 1419 1319 1457 1346; x_wconf 86' lang='lat' dir='ltr'><strong>nt</strong></span> <span class='ocrx_word' id='word_1_355' title='bbox 1477 1325 1520 1346; x_wconf 87' lang='lat' dir='ltr'><strong>ne</strong></span> <span class='ocrx_word' id='word_1_356' title='bbox 1542 1314 1586 1346; x_wconf 86' lang='lat' dir='ltr'><strong>ad</strong></span> <span class='ocrx_word' id='word_1_357' title='bbox 1611 1314 1728 1345; x_wconf 86' lang='lat' dir='ltr'><strong>sordes</strong></span> <span class='ocrx_word' id='word_1_358' title='bbox 1745 1313 1818 1354; x_wconf 89' lang='lat' dir='ltr'><strong>qui-</strong></span> 
     </span>
     <span class='ocr_line' id='line_1_73' title="bbox 1129 1364 1819 1402; baseline -0.003 -8"><span class='ocrx_word' id='word_1_359' title='bbox 1129 1364 1206 1394; x_wconf 84' lang='lat' dir='ltr'><strong>dem</strong></span> <span class='ocrx_word' id='word_1_360' title='bbox 1230 1365 1319 1394; x_wconf 78' lang='lat' dir='ltr'><strong>uatis</strong></span> <span class='ocrx_word' id='word_1_361' title='bbox 1336 1364 1518 1394; x_wconf 84' lang='lat' dir='ltr'><strong>abluendas</strong></span> <span class='ocrx_word' id='word_1_362' title='bbox 1533 1364 1637 1394; x_wconf 87' lang='lat' dir='ltr'><strong>otium</strong></span> <span class='ocrx_word' id='word_1_363' title='bbox 1651 1371 1725 1394; x_wconf 83' lang='lat' dir='ltr'><strong>esse</strong></span> <span class='ocrx_word' id='word_1_364' title='bbox 1742 1370 1819 1402; x_wconf 88' lang='lat' dir='ltr'><strong>pos-</strong></span> 
     </span>
     <span class='ocr_line' id='line_1_74' title="bbox 1130 1409 1819 1451; baseline -0.003 -9"><span class='ocrx_word' id='word_1_365' title='bbox 1130 1411 1186 1442; x_wconf 85' lang='lat' dir='ltr'><strong>sit.</strong></span> <span class='ocrx_word' id='word_1_366' title='bbox 1209 1411 1313 1451; x_wconf 70' lang='lat' dir='ltr'><strong>Stepk.</strong></span> <span class='ocrx_word' id='word_1_367' title='bbox 1357 1410 1510 1441; x_wconf 66' lang='lat' dir='ltr'><strong>Sor-aiam</strong></span> <span class='ocrx_word' id='word_1_368' title='bbox 1523 1413 1635 1440; x_wconf 86' lang='lat' dir='ltr'><strong>autem</strong></span> <span class='ocrx_word' id='word_1_369' title='bbox 1658 1412 1746 1440; x_wconf 77' lang='lat' dir='ltr'><strong>natos</strong></span> <span class='ocrx_word' id='word_1_370' title='bbox 1766 1409 1819 1440; x_wconf 89' lang='lat' dir='ltr'><strong>di·</strong></span> 
     </span>
     <span class='ocr_line' id='line_1_75' title="bbox 1130 1458 1818 1500; baseline -0.003 -9"><span class='ocrx_word' id='word_1_371' title='bbox 1130 1460 1191 1500; x_wconf 87' lang='lat' dir='ltr'><strong>cit,</strong></span> <span class='ocrx_word' id='word_1_372' title='bbox 1213 1461 1266 1491; x_wconf 86' lang='lat' dir='ltr'><strong>vel</strong></span> <span class='ocrx_word' id='word_1_373' title='bbox 1280 1459 1324 1491; x_wconf 87' lang='lat' dir='ltr'><strong>ob</strong></span> <span class='ocrx_word' id='word_1_374' title='bbox 1339 1459 1565 1491; x_wconf 78' lang='lat' dir='ltr'><strong>calamitatem</strong></span> <span class='ocrx_word' id='word_1_375' title='bbox 1585 1458 1751 1498; x_wconf 77' lang='lat' dir='ltr'><strong>lugentes,</strong></span> <span class='ocrx_word' id='word_1_376' title='bbox 1763 1459 1818 1489; x_wconf 85' lang='lat' dir='ltr'><strong>vel</strong></span> 
     </span>
     <span class='ocr_line' id='line_1_76' title="bbox 1129 1509 1817 1551; baseline -0.004 -10"><span class='ocrx_word' id='word_1_377' title='bbox 1129 1509 1172 1541; x_wconf 93' lang='lat' dir='ltr'><strong>ob</strong></span> <span class='ocrx_word' id='word_1_378' title='bbox 1189 1510 1334 1551; x_wconf 86' lang='lat' dir='ltr'><strong>inopiam</strong></span> <span class='ocrx_word' id='word_1_379' title='bbox 1359 1509 1542 1549; x_wconf 80' lang='lat' dir='ltr'><strong>neglectos,</strong></span> <span class='ocrx_word' id='word_1_380' title='bbox 1557 1512 1615 1540; x_wconf 83' lang='lat' dir='ltr'><strong>aut</strong></span> <span class='ocrx_word' id='word_1_381' title='bbox 1631 1516 1817 1548; x_wconf 81' lang='lat' dir='ltr'><strong>pannosos:</strong></span> 
     </span>
     <span class='ocr_line' id='line_1_77' title="bbox 1129 1555 1820 1600; baseline -0.006 -10"><span class='ocrx_word' id='word_1_382' title='bbox 1129 1560 1182 1590; x_wconf 82' lang='lat' dir='ltr'><strong>vel</strong></span> <span class='ocrx_word' id='word_1_383' title='bbox 1207 1559 1294 1600; x_wconf 87' lang='lat' dir='ltr'><strong>qnod</strong></span> <span class='ocrx_word' id='word_1_384' title='bbox 1324 1563 1526 1599; x_wconf 81' lang='lat' dir='ltr'><strong>perpetuum</strong></span> <span class='ocrx_word' id='word_1_385' title='bbox 1556 1557 1602 1588; x_wconf 89' lang='lat' dir='ltr'><strong>sit</strong></span> <span class='ocrx_word' id='word_1_386' title='bbox 1630 1555 1820 1596; x_wconf 76' lang='lat' dir='ltr'><strong>infantium,</strong></span> 
     </span>
     <span class='ocr_line' id='line_1_78' title="bbox 1129 1605 1819 1647; baseline -0.006 -7"><span class='ocrx_word' id='word_1_387' title='bbox 1129 1609 1328 1640; x_wconf 87' lang='lat' dir='ltr'><strong>rusticorum</strong></span> <span class='ocrx_word' id='word_1_388' title='bbox 1343 1607 1500 1646; x_wconf 80' lang='lat' dir='ltr'><strong>maxime,</strong></span> <span class='ocrx_word' id='word_1_389' title='bbox 1514 1606 1714 1647; x_wconf 77' lang='lat' dir='ltr'><strong>epithetum.</strong></span> <span class='ocrx_word' id='word_1_390' title='bbox 1731 1605 1819 1637; x_wconf 76' lang='lat' dir='ltr'><strong>Tm.</strong></span> 
     </span>
     <span class='ocr_line' id='line_1_79' title="bbox 1129 1655 1819 1698; baseline -0.006 -9"><span class='ocrx_word' id='word_1_391' title='bbox 1129 1657 1334 1698; x_wconf 68' lang='lat' dir='ltr'><strong>sordidosque</strong></span> <span class='ocrx_word' id='word_1_392' title='bbox 1348 1655 1453 1696; x_wconf 76' lang='lat' dir='ltr'><strong>natos]</strong></span> <span class='ocrx_word' id='word_1_393' title='bbox 1477 1657 1586 1689; x_wconf 88' lang='lat' dir='ltr'><strong>Natos</strong></span> <span class='ocrx_word' id='word_1_394' title='bbox 1609 1655 1652 1686; x_wconf 90' lang='lat' dir='ltr'><strong>ob</strong></span> <span class='ocrx_word' id='word_1_395' title='bbox 1674 1663 1819 1696; x_wconf 77' lang='lat' dir='ltr'><strong>pauper-</strong></span> 
     </span>
     <span class='ocr_line' id='line_1_80' title="bbox 1129 1705 1439 1746; baseline -0.003 -9"><span class='ocrx_word' id='word_1_396' title='bbox 1129 1710 1233 1737; x_wconf 83' lang='lat' dir='ltr'><strong>tatem</strong></span> <span class='ocrx_word' id='word_1_397' title='bbox 1249 1705 1439 1746; x_wconf 80' lang='lat' dir='ltr'><strong>squallidus.</strong></span> 
     </span>
    </p>

    <p class='ocr_par' dir='ltr' id='par_1_21' title="bbox 1127 1752 1821 2568">
     <span class='ocr_line' id='line_1_81' title="bbox 1171 1752 1819 1794; baseline -0.002 -9"><span class='ocrx_word' id='word_1_398' title='bbox 1171 1756 1214 1785; x_wconf 84' lang='lat'><strong>29</strong></span> <span class='ocrx_word' id='word_1_399' title='bbox 1239 1754 1332 1785; x_wconf 73' lang='lat' dir='ltr'><strong>Nulla</strong></span> <span class='ocrx_word' id='word_1_400' title='bbox 1353 1753 1465 1784; x_wconf 77' lang='lat' dir='ltr'><strong>certior</strong></span> <span class='ocrx_word' id='word_1_401' title='bbox 1488 1752 1606 1792; x_wconf 78' lang='lat' dir='ltr'><strong>tamen]</strong></span> <span class='ocrx_word' id='word_1_402' title='bbox 1635 1752 1819 1794; x_wconf 85' lang='lat' dir='ltr'><strong>Utcunque</strong></span> 
     </span>
     <span class='ocr_line' id='line_1_82' title="bbox 1127 1801 1820 1842; baseline -0.003 -8"><span class='ocrx_word' id='word_1_403' title='bbox 1127 1802 1222 1834; x_wconf 84' lang='lat' dir='ltr'><strong>dives</strong></span> <span class='ocrx_word' id='word_1_404' title='bbox 1252 1811 1374 1834; x_wconf 82' lang='lat' dir='ltr'><strong>avarus</strong></span> <span class='ocrx_word' id='word_1_405' title='bbox 1402 1801 1562 1838; x_wconf 78' lang='lat' dir='ltr'><strong>redificet,</strong></span> <span class='ocrx_word' id='word_1_406' title='bbox 1597 1805 1699 1842; x_wconf 73' lang='lat' dir='ltr'><strong>atque</strong></span> <span class='ocrx_word' id='word_1_407' title='bbox 1724 1810 1820 1842; x_wconf 73' lang='lat' dir='ltr'><strong>agros</strong></span> 
     </span>
     <span class='ocr_line' id='line_1_83' title="bbox 1127 1851 1821 1893; baseline -0.001 -10"><span class='ocrx_word' id='word_1_408' title='bbox 1127 1853 1217 1893; x_wconf 82' lang='lat' dir='ltr'><strong>agris</strong></span> <span class='ocrx_word' id='word_1_409' title='bbox 1240 1857 1401 1893; x_wconf 83' lang='lat' dir='ltr'><strong>tauquam</strong></span> <span class='ocrx_word' id='word_1_410' title='bbox 1418 1856 1586 1892; x_wconf 85' lang='lat' dir='ltr'><strong>perpetuo</strong></span> <span class='ocrx_word' id='word_1_411' title='bbox 1609 1851 1665 1882; x_wconf 86' lang='lat' dir='ltr'><strong>hic</strong></span> <span class='ocrx_word' id='word_1_412' title='bbox 1686 1859 1821 1882; x_wconf 81' lang='lat' dir='ltr'><strong>mansn-</strong></span> 
     </span>
     <span class='ocr_line' id='line_1_84' title="bbox 1130 1900 1821 1941; baseline -0.001 -9"><span class='ocrx_word' id='word_1_413' title='bbox 1130 1911 1185 1933; x_wconf 87' lang='lat' dir='ltr'><strong>rus</strong></span> <span class='ocrx_word' id='word_1_414' title='bbox 1202 1901 1374 1941; x_wconf 83' lang='lat' dir='ltr'><strong>adjungat,</strong></span> <span class='ocrx_word' id='word_1_415' title='bbox 1398 1900 1595 1932; x_wconf 84' lang='lat' dir='ltr'><strong>moriturum</strong></span> <span class='ocrx_word' id='word_1_416' title='bbox 1621 1904 1746 1939; x_wconf 86' lang='lat' dir='ltr'><strong>tamen,</strong></span> <span class='ocrx_word' id='word_1_417' title='bbox 1772 1904 1821 1931; x_wconf 86' lang='lat' dir='ltr'><strong>at-</strong></span> 
     </span>
     <span class='ocr_line' id='line_1_85' title="bbox 1130 1949 1820 1992; baseline -0.001 -11"><span class='ocrx_word' id='word_1_418' title='bbox 1130 1959 1195 1992; x_wconf 90' lang='lat' dir='ltr'><strong>que</strong></span> <span class='ocrx_word' id='word_1_419' title='bbox 1209 1950 1252 1981; x_wconf 82' lang='lat' dir='ltr'><strong>ad</strong></span> <span class='ocrx_word' id='word_1_420' title='bbox 1265 1950 1347 1982; x_wconf 90' lang='lat' dir='ltr'><strong>Orci</strong></span> <span class='ocrx_word' id='word_1_421' title='bbox 1365 1950 1474 1981; x_wconf 87' lang='lat' dir='ltr'><strong>aulam</strong></span> <span class='ocrx_word' id='word_1_422' title='bbox 1489 1949 1752 1990; x_wconf 75' lang='lat' dir='ltr'><strong>abiturum,quoe</strong></span> <span class='ocrx_word' id='word_1_423' title='bbox 1767 1957 1820 1980; x_wconf 87' lang='lat' dir='ltr'><strong>re-</strong></span> 
     </span>
     <span class='ocr_line' id='line_1_86' title="bbox 1130 1996 1820 2030; baseline -0.004 -1"><span class='ocrx_word' id='word_1_424' title='bbox 1130 2008 1202 2030; x_wconf 87' lang='lat' dir='ltr'><strong>rum</strong></span> <span class='ocrx_word' id='word_1_425' title='bbox 1215 1999 1360 2029; x_wconf 89' lang='lat' dir='ltr'><strong>omnium</strong></span> <span class='ocrx_word' id='word_1_426' title='bbox 1376 1998 1449 2028; x_wconf 83' lang='lat' dir='ltr'><strong>finis</strong></span> <span class='ocrx_word' id='word_1_427' title='bbox 1461 2001 1524 2028; x_wconf 84' lang='lat' dir='ltr'><strong>est.</strong></span> <span class='ocrx_word' id='word_1_428' title='bbox 1546 1997 1680 2028; x_wconf 84' lang='lat' dir='ltr'><strong>Servius</strong></span> <span class='ocrx_word' id='word_1_429' title='bbox 1692 1996 1820 2027; x_wconf 73' lang='lat' dir='ltr'><strong>AEneid.</strong></span> 
     </span>
     <span class='ocr_line' id='line_1_87' title="bbox 1131 2043 1821 2084; baseline -0.004 -6"><span class='ocrx_word' id='word_1_430' title='bbox 1131 2057 1183 2078; x_wconf 79' lang='lat' dir='ltr'><strong>vi.</strong></span> <span class='ocrx_word' id='word_1_431' title='bbox 1206 2047 1373 2078; x_wconf 86' lang='lat' dir='ltr'><strong>‘Sedibus</strong></span> <span class='ocrx_word' id='word_1_432' title='bbox 1395 2047 1491 2076; x_wconf 60' lang='lat' dir='ltr'><strong>hunc&lt;</strong></span> <span class='ocrx_word' id='word_1_433' title='bbox 1510 2044 1601 2076; x_wconf 89' lang='lat' dir='ltr'><strong>refer</strong></span> <span class='ocrx_word' id='word_1_434' title='bbox 1625 2050 1704 2075; x_wconf 85' lang='lat' dir='ltr'><strong>ante</strong></span> <span class='ocrx_word' id='word_1_435' title='bbox 1726 2043 1821 2084; x_wconf 86' lang='lat' dir='ltr'><strong>suis‚’</strong></span> 
     </span>
     <span class='ocr_line' id='line_1_88' title="bbox 1130 2091 1819 2132; baseline -0.003 -6"><span class='ocrx_word' id='word_1_436' title='bbox 1130 2095 1177 2126; x_wconf 85' lang='lat' dir='ltr'><strong>ita</strong></span> <span class='ocrx_word' id='word_1_437' title='bbox 1204 2095 1276 2126; x_wconf 83' lang='lat' dir='ltr'><strong>haec</strong></span> <span class='ocrx_word' id='word_1_438' title='bbox 1306 2093 1440 2125; x_wconf 84' lang='lat' dir='ltr'><strong>Horatii</strong></span> <span class='ocrx_word' id='word_1_439' title='bbox 1466 2092 1571 2124; x_wconf 83' lang='lat' dir='ltr'><strong>verba</strong></span> <span class='ocrx_word' id='word_1_440' title='bbox 1595 2091 1748 2132; x_wconf 84' lang='lat' dir='ltr'><strong>exponit,</strong></span> <span class='ocrx_word' id='word_1_441' title='bbox 1780 2096 1819 2124; x_wconf 90' lang='lat' dir='ltr'><strong>ut</strong></span> 
     </span>
     <span class='ocr_line' id='line_1_89' title="bbox 1129 2139 1820 2182; baseline -0.004 -7"><span class='ocrx_word' id='word_1_442' title='bbox 1129 2145 1199 2175; x_wconf 80' lang='lat' dir='ltr'><strong>sede</strong></span> <span class='ocrx_word' id='word_1_443' title='bbox 1219 2143 1375 2175; x_wconf 80' lang='lat' dir='ltr'><strong>destinata</strong></span> <span class='ocrx_word' id='word_1_444' title='bbox 1397 2150 1459 2182; x_wconf 88' lang='lat' dir='ltr'><strong>pro</strong></span> <span class='ocrx_word' id='word_1_445' title='bbox 1471 2141 1541 2182; x_wconf 74' lang='lat' dir='ltr'><strong>fiae</strong></span> <span class='ocrx_word' id='word_1_446' title='bbox 1559 2141 1682 2180; x_wconf 79' lang='lat' dir='ltr'><strong>legisse</strong></span> <span class='ocrx_word' id='word_1_447' title='bbox 1706 2139 1820 2172; x_wconf 85' lang='lat' dir='ltr'><strong>videa-</strong></span> 
     </span>
     <span class='ocr_line' id='line_1_90' title="bbox 1130 2189 1820 2233; baseline -0.006 -9"><span class='ocrx_word' id='word_1_448' title='bbox 1130 2198 1204 2224; x_wconf 89' lang='lat' dir='ltr'><strong>tur:</strong></span> <span class='ocrx_word' id='word_1_449' title='bbox 1229 2202 1304 2233; x_wconf 79' lang='lat' dir='ltr'><strong>quae</strong></span> <span class='ocrx_word' id='word_1_450' title='bbox 1328 2200 1411 2222; x_wconf 80' lang='lat' dir='ltr'><strong>sane</strong></span> <span class='ocrx_word' id='word_1_451' title='bbox 1432 2190 1534 2222; x_wconf 90' lang='lat' dir='ltr'><strong>lectio</strong></span> <span class='ocrx_word' id='word_1_452' title='bbox 1557 2193 1593 2221; x_wconf 85' lang='lat' dir='ltr'><strong>et</strong></span> <span class='ocrx_word' id='word_1_453' title='bbox 1619 2189 1767 2230; x_wconf 83' lang='lat' dir='ltr'><strong>apertior</strong></span> <span class='ocrx_word' id='word_1_454' title='bbox 1782 2194 1820 2220; x_wconf 85' lang='lat' dir='ltr'><strong>et</strong></span> 
     </span>
     <span class='ocr_line' id='line_1_91' title="bbox 1129 2237 1819 2279; baseline -0.006 -7"><span class='ocrx_word' id='word_1_455' title='bbox 1129 2241 1247 2272; x_wconf 89' lang='lat' dir='ltr'><strong>melior</strong></span> <span class='ocrx_word' id='word_1_456' title='bbox 1262 2245 1327 2279; x_wconf 88' lang='lat' dir='ltr'><strong>est,</strong></span> <span class='ocrx_word' id='word_1_457' title='bbox 1343 2240 1401 2271; x_wconf 89' lang='lat' dir='ltr'><strong>sed</strong></span> <span class='ocrx_word' id='word_1_458' title='bbox 1418 2240 1452 2270; x_wconf 87' lang='lat' dir='ltr'><strong>in</strong></span> <span class='ocrx_word' id='word_1_459' title='bbox 1468 2238 1559 2270; x_wconf 89' lang='lat' dir='ltr'><strong>nullo</strong></span> <span class='ocrx_word' id='word_1_460' title='bbox 1574 2237 1691 2269; x_wconf 86' lang='lat' dir='ltr'><strong>codice</strong></span> <span class='ocrx_word' id='word_1_461' title='bbox 1706 2247 1819 2270; x_wconf 83' lang='lat' dir='ltr'><strong>serva-</strong></span> 
     </span>
     <span class='ocr_line' id='line_1_92' title="bbox 1131 2286 1819 2327; baseline -0.007 -4"><span class='ocrx_word' id='word_1_462' title='bbox 1131 2296 1178 2323; x_wconf 83' lang='lat' dir='ltr'><strong>ta.</strong></span> <span class='ocrx_word' id='word_1_463' title='bbox 1197 2290 1337 2321; x_wconf 72' lang='lat' dir='ltr'><strong>Torreat.</strong></span> <span class='ocrx_word' id='word_1_464' title='bbox 1382 2288 1479 2319; x_wconf 82' lang='lat' dir='ltr'><strong>Nulla</strong></span> <span class='ocrx_word' id='word_1_465' title='bbox 1493 2287 1607 2319; x_wconf 80' lang='lat' dir='ltr'><strong>certior</strong></span> <span class='ocrx_word' id='word_1_466' title='bbox 1621 2287 1738 2327; x_wconf 77' lang='lat' dir='ltr'><strong>tamen]</strong></span> <span class='ocrx_word' id='word_1_467' title='bbox 1754 2286 1819 2319; x_wconf 88' lang='lat' dir='ltr'><strong>Or-</strong></span> 
     </span>
     <span class='ocr_line' id='line_1_93' title="bbox 1128 2327 1820 2370; baseline -0.006 1"><span class='ocrx_word' id='word_1_468' title='bbox 1128 2327 1172 2370; x_wconf 59' lang='lat' dir='ltr'><strong>d‘o</strong></span> <span class='ocrx_word' id='word_1_469' title='bbox 1187 2343 1261 2370; x_wconf 84' lang='lat' dir='ltr'><strong>est:</strong></span> <span class='ocrx_word' id='word_1_470' title='bbox 1285 2338 1391 2370; x_wconf 85' lang='lat' dir='ltr'><strong>Nulla</strong></span> <span class='ocrx_word' id='word_1_471' title='bbox 1405 2342 1517 2368; x_wconf 76' lang='lat' dir='ltr'><strong>tamen</strong></span> <span class='ocrx_word' id='word_1_472' title='bbox 1533 2336 1608 2367; x_wconf 80' lang='lat' dir='ltr'><strong>aula</strong></span> <span class='ocrx_word' id='word_1_473' title='bbox 1633 2340 1747 2367; x_wconf 87' lang='lat' dir='ltr'><strong>manet</strong></span> <span class='ocrx_word' id='word_1_474' title='bbox 1770 2335 1820 2367; x_wconf 88' lang='lat' dir='ltr'><strong>di-</strong></span> 
     </span>
     <span class='ocr_line' id='line_1_94' title="bbox 1127 2380 1819 2425; baseline -0.004 -6"><span class='ocrx_word' id='word_1_475' title='bbox 1127 2389 1230 2420; x_wconf 82' lang='lat' dir='ltr'><strong>vitem</strong></span> <span class='ocrx_word' id='word_1_476' title='bbox 1256 2387 1371 2418; x_wconf 85' lang='lat' dir='ltr'><strong>herum</strong></span> <span class='ocrx_word' id='word_1_477' title='bbox 1396 2386 1532 2425; x_wconf 88' lang='lat' dir='ltr'><strong>certior,</strong></span> <span class='ocrx_word' id='word_1_478' title='bbox 1557 2380 1728 2416; x_wconf 88' lang='lat' dir='ltr'><strong>destinata</strong></span> <span class='ocrx_word' id='word_1_479' title='bbox 1751 2383 1819 2416; x_wconf 84' lang='lat' dir='ltr'><strong>fine</strong></span> 
     </span>
     <span class='ocr_line' id='line_1_95' title="bbox 1128 2434 1819 2479; baseline -0.006 -10"><span class='ocrx_word' id='word_1_480' title='bbox 1128 2438 1261 2479; x_wconf 82' lang='lat' dir='ltr'><strong>rapacis</strong></span> <span class='ocrx_word' id='word_1_481' title='bbox 1276 2436 1373 2476; x_wconf 87' lang='lat' dir='ltr'><strong>Orci,</strong></span> <span class='ocrx_word' id='word_1_482' title='bbox 1395 2435 1429 2467; x_wconf 88' lang='lat' dir='ltr'><strong>id</strong></span> <span class='ocrx_word' id='word_1_483' title='bbox 1444 2441 1509 2474; x_wconf 87' lang='lat' dir='ltr'><strong>est,</strong></span> <span class='ocrx_word' id='word_1_484' title='bbox 1524 2436 1616 2467; x_wconf 84' lang='lat' dir='ltr'><strong>nulla</strong></span> <span class='ocrx_word' id='word_1_485' title='bbox 1630 2439 1743 2466; x_wconf 82' lang='lat' dir='ltr'><strong>tamen</strong></span> <span class='ocrx_word' id='word_1_486' title='bbox 1759 2434 1819 2466; x_wconf 88' lang='lat' dir='ltr'><strong>tibi</strong></span> 
     </span>
     <span class='ocr_line' id='line_1_96' title="bbox 1128 2483 1819 2526; baseline -0.004 -8"><span class='ocrx_word' id='word_1_487' title='bbox 1128 2487 1254 2519; x_wconf 88' lang='lat' dir='ltr'><strong>certior</strong></span> <span class='ocrx_word' id='word_1_488' title='bbox 1267 2486 1385 2517; x_wconf 86' lang='lat' dir='ltr'><strong>domus</strong></span> <span class='ocrx_word' id='word_1_489' title='bbox 1397 2490 1451 2517; x_wconf 86' lang='lat' dir='ltr'><strong>est</strong></span> <span class='ocrx_word' id='word_1_490' title='bbox 1467 2489 1651 2525; x_wconf 82' lang='lat' dir='ltr'><strong>reservata,</strong></span> <span class='ocrx_word' id='word_1_491' title='bbox 1662 2492 1759 2526; x_wconf 83' lang='lat' dir='ltr'><strong>quam</strong></span> <span class='ocrx_word' id='word_1_492' title='bbox 1770 2483 1819 2515; x_wconf 89' lang='lat' dir='ltr'><strong>in·</strong></span> 
     </span>
     <span class='ocr_line' id='line_1_97' title="bbox 1128 2535 1399 2568; baseline -0.004 0"><span class='ocrx_word' id='word_1_493' title='bbox 1128 2536 1276 2568; x_wconf 84' lang='lat' dir='ltr'><strong>ferorum</strong></span> <span class='ocrx_word' id='word_1_494' title='bbox 1292 2535 1399 2567; x_wconf 85' lang='lat' dir='ltr'><strong>sedes.</strong></span> 
     </span>
    </p>

    <p class='ocr_par' dir='ltr' id='par_1_22' title="bbox 1128 2582 1816 2826">
     <span class='ocr_line' id='line_1_98' title="bbox 1171 2582 1816 2625; baseline -0.009 -8"><span class='ocrx_word' id='word_1_495' title='bbox 1171 2588 1213 2617; x_wconf 84' lang='lat'><strong>30</strong></span> <span class='ocrx_word' id='word_1_496' title='bbox 1228 2584 1364 2625; x_wconf 77' lang='lat' dir='ltr'><strong>Rapacis</strong></span> <span class='ocrx_word' id='word_1_497' title='bbox 1377 2582 1470 2624; x_wconf 83' lang='lat' dir='ltr'><strong>Orci]</strong></span> <span class='ocrx_word' id='word_1_498' title='bbox 1485 2583 1597 2615; x_wconf 79' lang='lat' dir='ltr'><strong>Orcus</strong></span> <span class='ocrx_word' id='word_1_499' title='bbox 1608 2590 1721 2614; x_wconf 82' lang='lat' dir='ltr'><strong>omues</strong></span> <span class='ocrx_word' id='word_1_500' title='bbox 1732 2587 1816 2612; x_wconf 85' lang='lat' dir='ltr'><strong>mor-</strong></span> 
     </span>
     <span class='ocr_line' id='line_1_99' title="bbox 1129 2627 1815 2675; baseline -0.01 -8"><span class='ocrx_word' id='word_1_501' title='bbox 1129 2636 1215 2668; x_wconf 84' lang='lat' dir='ltr'><strong>tales</strong></span> <span class='ocrx_word' id='word_1_502' title='bbox 1230 2634 1330 2675; x_wconf 85' lang='lat' dir='ltr'><strong>rapit.</strong></span> <span class='ocrx_word' id='word_1_503' title='bbox 1369 2634 1451 2665; x_wconf 76' lang='lat' dir='ltr'><strong>Fine</strong></span> <span class='ocrx_word' id='word_1_504' title='bbox 1464 2632 1635 2674; x_wconf 76' lang='lat' dir='ltr'><strong>destinata]</strong></span> <span class='ocrx_word' id='word_1_505' title='bbox 1656 2632 1667 2650; x_wconf 89' lang='lat'>‘</span> <span class='ocrx_word' id='word_1_506' title='bbox 1681 2630 1792 2662; x_wconf 79' lang='lat' dir='ltr'><strong>Finem</strong></span> <span class='ocrx_word' id='word_1_507' title='bbox 1805 2627 1815 2641; x_wconf 91' lang='lat'>’</span> 
     </span>
     <span class='ocr_line' id='line_1_100' title="bbox 1130 2682 1815 2725; baseline -0.015 -8"><span class='ocrx_word' id='word_1_508' title='bbox 1130 2684 1304 2725; x_wconf 86' lang='lat' dir='ltr'><strong>usurpavit</strong></span> <span class='ocrx_word' id='word_1_509' title='bbox 1325 2683 1360 2715; x_wconf 87' lang='lat' dir='ltr'><strong>iu</strong></span> <span class='ocrx_word' id='word_1_510' title='bbox 1382 2682 1554 2714; x_wconf 85' lang='lat' dir='ltr'><strong>foeminino</strong></span> <span class='ocrx_word' id='word_1_511' title='bbox 1570 2687 1715 2722; x_wconf 77' lang='lat' dir='ltr'><strong>geuere;</strong></span> <span class='ocrx_word' id='word_1_512' title='bbox 1737 2684 1815 2709; x_wconf 86' lang='lat' dir='ltr'><strong>con-</strong></span> 
     </span>
     <span class='ocr_line' id='line_1_101' title="bbox 1129 2725 1815 2767; baseline -0.016 -1"><span class='ocrx_word' id='word_1_513' title='bbox 1129 2734 1250 2767; x_wconf 82' lang='lat' dir='ltr'><strong>cordat</strong></span> <span class='ocrx_word' id='word_1_514' title='bbox 1264 2737 1375 2765; x_wconf 82' lang='lat' dir='ltr'><strong>autem</strong></span> <span class='ocrx_word' id='word_1_515' title='bbox 1390 2742 1465 2764; x_wconf 90' lang='lat' dir='ltr'><strong>cum</strong></span> <span class='ocrx_word' id='word_1_516' title='bbox 1487 2731 1652 2762; x_wconf 70' lang='lat' dir='ltr'><strong>destinata.</strong></span> <span class='ocrx_word' id='word_1_517' title='bbox 1694 2725 1815 2767; x_wconf 85' lang='lat' dir='ltr'><strong>[Valli-</strong></span> 
     </span>
     <span class='ocr_line' id='line_1_102' title="bbox 1128 2774 1762 2826; baseline -0.016 -12"><span class='ocrx_word' id='word_1_518' title='bbox 1128 2783 1206 2814; x_wconf 85' lang='lat' dir='ltr'><strong>cell.</strong></span> <span class='ocrx_word' id='word_1_519' title='bbox 1221 2785 1251 2814; x_wconf 90' lang='lat'><strong>1.</strong></span> <span class='ocrx_word' id='word_1_520' title='bbox 1267 2784 1299 2812; x_wconf 83' lang='lat'><strong>2.</strong></span> <span class='ocrx_word' id='word_1_521' title='bbox 1312 2790 1366 2822; x_wconf 85' lang='lat' dir='ltr'><strong>ap.</strong></span> <span class='ocrx_word' id='word_1_522' title='bbox 1383 2779 1571 2820; x_wconf 82' lang='lat' dir='ltr'><strong>Feam,fine</strong></span> <span class='ocrx_word' id='word_1_523' title='bbox 1583 2774 1762 2826; x_wconf 57' lang='lat' dir='ltr'><strong>destinata]</strong></span> 
     </span>
    </p>
   </div>
  </div>
 </body>
</html>
