1916 3262
374 282 485 324 1442

415 385 455 414 31
478 382 611 415 Arentes
625 380 749 421 arenas]
771 380 928 420 Quidam,
950 389 969 412 e
988 389 1055 411 ma-

374 432 567 472 nuscriptis,
604 431 729 462 rectius
765 429 867 461 scribi
904 429 1059 470 credunt,

373 483 506 520 urentes,
532 479 566 510 id
603 483 668 519 est,
701 482 785 509 aestu
818 478 1057 510 intolerabiles.

375 530 547 561 Fabritius.
590 527 736 567 Arentes]
755 527 883 559 Arenas
897 527 1058 558 calentes.

418 581 457 609 33
482 578 653 608 Britannos
675 576 843 616 hospitibus
860 576 963 615 feros]
987 577 1059 606 Bri-

375 627 470 658 tanni
485 626 611 667 (inquit
627 624 758 664 Acron)
770 626 919 665 hospites
935 630 1060 655 maeta-

375 676 457 706 bant
479 684 538 715 pro
563 675 682 705 hostia.
726 675 804 705 Feri
827 675 933 714 igitur
955 678 990 704 et
1013 674 1060 704 in-

374 723 559 763 hospitales
573 727 653 754 tuuc
664 723 822 763 temporis
837 727 942 760 eraut,
953 731 1062 762 neque

375 771 410 801 id
430 771 561 810 mirum,
576 780 651 802 nam
667 775 705 802 ut
721 781 741 802 a
755 772 826 802 sole
841 772 942 810 longe
958 771 1062 800 dista-

376 819 470 854 bant,
485 819 534 850 sic
550 825 644 850 certe
656 819 812 859 quamdiu
827 820 957 850 illorum
975 828 1063 849 men-

377 867 463 899 tibus
478 868 592 898 divina
615 868 722 907 gratia
745 877 810 898 non
838 869 1006 906 illuxerat,
1022 867 1063 897 ab

376 916 464 947 omni
479 916 695 954 humanitate,
706 916 898 953 clementia,
914 924 1063 946 mansue-

377 965 507 1002 tudine,
529 968 565 995 et
589 964 621 995 id
649 973 753 1003 genus
781 964 962 994 virtutibus
990 972 1064 1003 pro-

378 1013 433 1043 cul
453 1012 604 1043 aberant.
648 1012 774 1042 Verum
801 1011 855 1042 ubi
879 1013 972 1042 Deus
993 1011 1064 1052 (cu-

371 1061 429 1099 jus
444 1059 653 1099 providentia
671 1061 704 1090 in
727 1068 904 1099 regnorum
929 1060 1065 1090 mutati·

377 1107 496 1137 onibus
512 1111 562 1137 est
578 1106 800 1147 admirabilis)
818 1117 878 1146 pro
894 1117 954 1138 sua
968 1109 1066 1139 mise-

377 1155 520 1186 ricordia
535 1155 619 1186 hanc
635 1159 768 1194 gentem
785 1155 826 1185 ad
842 1154 942 1186 fidem
956 1155 1066 1186 Chris-

378 1205 503 1236 tianam
539 1208 730 1242 vocaverat,
766 1204 888 1235 sensim
930 1204 1067 1235 evanuit

377 1253 506 1292 feritas,
542 1252 650 1284 indies
684 1252 837 1283 exulavit
868 1252 1068 1292 immanitas,

377 1303 503 1334 corruit
533 1302 727 1340 crudelitas,
762 1302 867 1332 omnis
897 1302 1066 1333 barbaries

378 1352 412 1382 in
441 1355 575 1382 exteras
612 1350 745 1390 (neseio
778 1349 878 1389 quas)
917 1350 1068 1381 nationes

379 1398 642 1437 transmigravit,
669 1402 704 1428 et
731 1398 907 1428 Britannia
929 1397 1019 1438 (quae
1048 1408 1068 1428 a

377 1451 494 1479 nostro
511 1446 620 1477 Poeta
641 1446 695 1476 bic
718 1445 842 1476 dicitur
865 1445 954 1486 fera)
977 1445 1067 1477 facta

378 1501 432 1528 est
444 1504 525 1535 gens
541 1495 759 1534 perhumana,
768 1493 957 1533 hospitalis,
969 1493 1068 1525 liber-

380 1545 453 1582 alis,
466 1544 579 1579 comis.
595 1547 698 1584 atque
714 1542 870 1574 effabilis.

422 1595 463 1624 34
485 1592 607 1622 Loetum
614 1592 763 1630 sanguine
775 1591 963 1631 Concanum]
977 1591 1069 1622 Libri

381 1640 447 1672 duo
476 1640 681 1669 Conchanum.
726 1639 803 1670 Non
826 1639 868 1669 de
891 1639 1069 1670 Cantabris

381 1687 522 1719 Poetam
537 1691 699 1722 nostrum,
725 1687 783 1717 sed
807 1687 848 1717 de
868 1687 1069 1726 Scytharum

382 1741 483 1776 gente
510 1736 620 1775 aliqua
647 1735 737 1776 loqui
762 1734 918 1766 arbitror.
962 1736 1072 1775 Virgi-

381 1785 445 1815 lius
459 1793 540 1815 sane
556 1783 693 1815 Bisaltis
709 1784 770 1813 hoo
791 1783 996 1824 Gelonisque
1013 1784 1072 1815 tri-

383 1833 468 1872 buit,
482 1833 608 1872 Georg.
625 1841 682 1863 ιιι.
708 1832 848 1864 Tor-rent.
882 1832 1072 1872 Concanum]

383 1882 532 1913 Concani
563 1885 660 1912 erant
685 1880 842 1920 Hispani,
865 1881 918 1912 vel
940 1881 996 1921 (ut
1017 1881 1072 1912 alii

383 1930 518 1970 volunt)
548 1930 706 1968 Thraces,
733 1929 856 1969 quibus
879 1930 1010 1970 sanguis
1030 1938 1072 1960 ex

385 1979 495 2020 equini
528 1979 635 2009 cruris
673 1979 766 2009 venis
802 1979 1007 2019 subtractus,
1037 1984 1074 2010 et

384 2029 463 2059 lacti
478 2029 691 2066 commixtus,
716 2024 816 2067 po'tus
837 2033 911 2059 erat
933 2027 1074 2059 familia·

388 2085 445 2107 ris.

427 2126 466 2154 3⁵
493 2124 639 2164 Gelonos]
675 2123 821 2164 Scythiae
843 2124 1005 2163 populum
1023 2133 1074 2154 sa—

388 2173 481 2214 gittis
497 2176 678 2212 potentem.
721 2173 807 2203 Vide
824 2182 864 2204 ιι.
877 2172 943 2204 Od.
958 2176 1011 2203 20.

429 2224 471 2252 36
494 2222 538 2252 Et
553 2220 748 2262 Scythicum]
771 2222 816 2253 Et
831 2221 1024 2255 inviolatus,
1041 2220 1075 2251 id

388 2275 454 2310 est,
474 2272 584 2302 salvus
601 2271 771 2302 Musarum
792 2270 955 2310 prasidio,
970 2270 1075 2301 visam

388 2321 538 2352 Tanaim.
581 2320 668 2352 Vide
683 2320 772 2351 Plin.
787 2329 842 2351 ιιι.
857 2322 887 2351 1.

432 2372 472 2400 37
498 2370 653 2400 Caesarem
666 2369 778 2409 altum]
806 2368 973 2399 Caesarem
989 2376 1076 2407 mag·

390 2427 468 2449 num
499 2423 534 2448 et
564 2417 732 2458 triumpho
755 2416 938 2448 sublimem.
982 2415 1077 2446 Ordo

390 2470 462 2498 est:
485 2467 553 2497 Vos
576 2466 734 2497 recreatis
749 2465 865 2496 Pierio
886 2468 981 2495 antro
1004 2463 1077 2494 Cae-

391 2525 497 2547 sarem
524 2519 727 2556 quaerentem
752 2513 849 2545 finire
871 2513 1014 2548 labores,
1036 2512 1078 2543 si·

394 2567 463 2596 mul
485 2570 584 2606 atque
612 2564 742 2595 abdidit
767 2562 901 2604 oppidis
924 2562 1077 2594 cohortes

393 2613 500 2645 fessas
517 2613 646 2644 militia.

436 2666 477 2693 38
500 2663 611 2694 Fessus
636 2662 773 2693 cohortes
797 2659 915 2691 abdidit
942 2658 1076 2699 oppidis]

392 2710 464 2749 Ego
491 2712 546 2742 hic
574 2711 751 2742 Horatium
785 2709 828 2740 de
859 2717 898 2739 eo
929 2711 1079 2747 tempore

391 2758 480 2798 loqui
496 2759 664 2799 existimo,
691 2768 754 2800 quo
769 2758 871 2790 finitis
890 2756 983 2788 bellis
999 2755 1078 2787 eivi-

828 289 968 320 NO'rAE
999 289 1255 320 VARIORUM
1289 289 1339 319 IN

1105 380 1191 411 libus
1204 379 1372 420 Augustus
1386 382 1560 411 veteranos
1569 388 1631 420 per
1641 379 1784 413 colonias

1107 428 1290 462 distribuit,
1318 428 1388 468 ipse
1414 428 1560 468 quietem
1584 427 1647 459 sibi
1668 432 1785 468 optare

1109 486 1148 508 ac
1162 477 1369 508 vacationem
1392 486 1411 508 a
1433 477 1562 517 Repuh.
1586 481 1703 517 petere
1721 486 1786 508 non

1108 525 1271 560 desinens,
1299 530 1335 556 ut
1359 534 1400 556 11.
1423 525 1491 557 Od.
1518 529 1568 557 16.
1590 525 1787 557 notavimus.

1109 576 1204 606 Tunc
1219 585 1298 615 ergo
1322 575 1526 615 potissimum
1543 585 1562 606 a
1577 575 1683 606 Musis
1706 576 1789 606 sola-

1110 623 1191 654 tium
1206 624 1390 664 quaerebat.
1428 623 1607 654 Lambinus
1623 627 1736 654 monet
1754 623 1787 654 in

1111 672 1307 712 quibusdam
1345 672 1516 703 codicibus
1547 673 1614 711 legi
1643 671 1788 703 reddidit.

1114 721 1221 751 Prisci
1237 726 1348 752 tamen
1364 722 1567 760 interpretes
1587 719 1707 752 abdidit
1722 728 1790 751 ser·

1113 775 1202 804 vant,
1227 770 1314 810 quod
1339 779 1414 801 cum
1437 769 1537 800 verbo
1549 770 1654 807 fessas
1672 768 1789 800 melius

1113 818 1279 850 convenit.
1315 819 1454 849 Tor-rent.
1496 818 1628 848 Abdidit
1657 817 1789 857 oppidis]

1111 866 1214 896 Simul
1230 870 1267 896 ut
1283 867 1316 896 in
1331 866 1484 906 hybernis
1507 866 1680 897 constitnit
1695 874 1791 896 exer·

1113 914 1229 953 citum,
1258 918 1396 954 propter
1418 914 1493 944 anni
1515 918 1646 954 tempus
1663 913 1705 945 ad
1723 914 1790 944 bel-

1112 963 1180 993 lum
1194 962 1372 1002 gerendum
1385 963 1544 1002 ineptum.

1155 1011 1212 1051 [39
1234 1011 1347 1042 Lenire
1357 1021 1387 1050 q.
1403 1011 1518 1042 labores
1529 1011 1721 1043 Markland.
1736 1021 1791 1052 ap.

1114 1059 1249 1098 saecla]

1155 1110 1196 1139 40
1222 1107 1326 1138 Pierio
1340 1109 1446 1148 antro]
1472 1109 1542 1139 Per
1554 1112 1680 1139 antrum
1693 1108 1796 1139 Pieri-

1115 1166 1177 1196 nm,
1202 1156 1373 1187 Musarum
1393 1166 1542 1188 recessus
1564 1161 1600 1188 et
1614 1156 1796 1188 Poetarum

1115 1213 1279 1236 secessum
1295 1204 1474 1243 significat.
1492 1204 1668 1236 Lambinus.
1723 1204 1796 1236 Pie-

1115 1254 1163 1284 rio
1176 1254 1321 1285 recreatis
1333 1255 1438 1295 antro]
1458 1253 1566 1289 Antro
1581 1253 1688 1285 Musis
1701 1262 1797 1285 sacro

1117 1308 1154 1334 et
1168 1307 1311 1343 secreto,
1334 1303 1368 1334 id
1391 1308 1454 1338 est,
1477 1312 1533 1334 vos
1556 1303 1724 1335 Caesarem
1739 1302 1798 1334 ob-

1117 1352 1252 1382 lactatis
1268 1356 1338 1382 arte
1355 1351 1507 1382 Poetica-

1157 1402 1197 1430 41
1226 1399 1286 1429 Vos
1298 1400 1364 1429 lene
1377 1399 1548 1438 consiliam]
1583 1399 1706 1438 Magna
1722 1398 1799 1429 Mu-

1118 1457 1228 1478 sarum
1256 1448 1338 1486 lans,
1365 1456 1503 1488 quarum
1534 1447 1683 1486 consilio,
1709 1447 1799 1487 qnod

1118 1496 1191 1536 ipsa
1206 1495 1380 1536 prudentia
1396 1499 1459 1535 est,
1477 1495 1577 1527 etiam
1590 1495 1727 1534 Jupiter
1741 1495 1800 1525 ad-

1120 1554 1234 1576 versus
1249 1545 1385 1576 Titanas
1403 1545 1512 1576 victor
1525 1544 1681 1576 evaserit.
1718 1543 1800 1574 Lena

1120 1597 1229 1624 antem
1245 1593 1406 1624 consilium
1418 1593 1516 1632 dixit,
1527 1597 1566 1624 ut
1579 1591 1679 1623 alibi:
1700 1592 1711 1609 ‘
1723 1591 1798 1622 Vir-

1121 1646 1173 1672 tus
1188 1640 1352 1680 Scipiadae
1368 1645 1403 1672 et
1418 1641 1504 1672 mitis
1516 1641 1682 1680 sapientia
1696 1639 1802 1671 Laeli!

1122 1689 1212 1720 Nihil
1245 1689 1330 1719 enim
1357 1689 1516 1728 sapientis
1550 1689 1660 1719 animo
1694 1688 1801 1720 lenius

1121 1741 1222 1777 atque
1239 1737 1458 1777 tranquillius.
1473 1736 1613 1768 Torrent-
1639 1735 1722 1767 Lene
1732 1744 1804 1766 cofl-

1120 1784 1237 1824 silium]
1272 1784 1453 1816 Consilium
1471 1784 1515 1816 ab
1529 1783 1737 1816 immanitate
1753 1792 1803 1814 re·

1119 1837 1258 1873 motum,
1279 1842 1344 1873 quo
1367 1842 1446 1864 usus
1467 1836 1520 1864 est
1533 1833 1648 1864 Caesar
1668 1832 1703 1864 in
1725 1832 1802 1864 sub-

1114 1882 1274 1922 jugandis
1286 1882 1446 1914 barbaris.
1492 1882 1588 1912 Datis
1597 1885 1629 1913 et
1636 1882 1708 1912 dato
1718 1881 1805 1912 Gau·

1121 1931 1216 1971 detis]
1251 1932 1408 1964 Gaudent
1425 1932 1532 1962 Musae
1546 1931 1614 1962 leni
1630 1931 1708 1962 dato
1727 1939 1805 1962 eon-

1123 1981 1195 2011 silio
1210 1991 1217 2010 ε
1232 1981 1294 2012 lioc
1310 1981 1398 2012 enim
1409 1980 1529 2012 laetitia
1543 1979 1718 2020 perfundit
1727 1988 1803 2010 aue-

1123 2032 1230 2059 torem
1246 2037 1352 2067 suum,
1363 2033 1502 2067 propter
1520 2028 1646 2058 exitum
1661 2026 1804 2066 felicem,

1123 2084 1222 2115 quem
1238 2076 1272 2105 in
1291 2075 1390 2104 rebus
1413 2074 1550 2114 agendis
1572 2073 1711 2106 sortitur
1724 2083 1802 2115 pru-

1123 2122 1248 2153 dentia.
1271 2122 1366 2161 Cruq.

1165 2173 1206 2202 42
1227 2170 1350 2202 Scimus
1380 2173 1415 2201 ue
1448 2170 1571 2211 impios]
1608 2171 1804 2202 Declaratio

1124 2219 1323 2260 exemplaris
1333 2220 1373 2250 ad
1385 2220 1483 2260 hujus
1499 2220 1674 2252 sententie
1686 2220 1806 2252 confir-

1125 2269 1318 2307 mationem,
1341 2277 1404 2308 qua
1426 2267 1565 2308 fingitur
1577 2264 1807 2310 Jupiterprn-

1125 2317 1217 2348 denti
1239 2316 1375 2348 consilio
1399 2316 1560 2347 devicisse
1582 2316 1736 2347 Titanum
1759 2317 1806 2347 vi—

1126 2375 1190 2401 res,
1204 2365 1379 2396 immensas
1399 2363 1546 2404 quidem,
1570 2364 1627 2395 sed
1643 2364 1808 2395 inconsul-

1127 2419 1177 2445 tas
1193 2419 1227 2445 et
1250 2413 1452 2444 temerarias.
1476 2414 1572 2453 Cruq.
1619 2413 1731 2453 Impia,
1754 2412 1808 2444 Te·-

1125 2463 1228 2503 ianas]
1249 2462 1412 2501 Gigantes
1431 2470 1505 2493 oum
1520 2462 1596 2493 Diis
1613 2461 1806 2502 belligeran-

1127 2516 1187 2542 tes.

1167 2560 1221 2600 [43
1245 2559 1350 2591 Codd.
1366 2568 1419 2600 ap.
1435 2559 1555 2599 Jaeck,
1581 2560 1799 2600 gigantumque

1127 2607 1276 2648 turbam]
1751 2646 1755 2648 ‚

1168 2660 1209 2689 44
1234 2658 1369 2698 Cadueo]
1390 2657 1540 2689 Fulmina
1553 2657 1585 2689 in
1598 2660 1700 2698 capnt
1713 2655 1800 2686 Tita-

1128 2716 1207 2738 num
1221 2707 1374 2738 cadente.

1168 2758 1208 2786 45
1233 2755 1362 2787 Terram
1379 2755 1523 2796 inertem]
1545 2755 1678 2786 laertem
1693 2757 1803 2789 vocat,
