1930 3204
374 264 484 306 1536

373 371 409 398 et
421 376 566 398 murmur
586 366 723 398 fuciunt.

413 419 455 447 28
476 415 600 447 Somnos
623 416 712 448 leves,
735 412 804 452 ἔξω]
826 412 930 443 Paulo
953 412 1053 443 aliter

373 464 531 503 Virgilius
547 465 617 494 Ecl.
639 472 663 493 1.
687 461 807 501 ‘Saepe
833 462 897 491 levi
922 470 1051 491 somnos

371 512 526 543 madebit
541 511 624 541 inire
640 509 795 541 snsurro.'
833 509 920 544 Quod
929 509 1053 550 invitet]

370 562 455 594 Q'uae
469 570 530 591 res,
573 560 814 599 [Schoenborn.
824 561 855 590 2.
871 559 1009 599 invitat]

413 613 455 641 29
476 611 586 641 Annus
611 609 752 640 hibernus
777 608 879 648 Jovis]
914 609 1051 639 Locutio

374 669 509 699 prorsus
531 659 674 700 poetica.
719 658 803 690 Nam
828 662 863 688 et
885 667 980 688 annus
1005 658 1052 688 hi-

371 709 478 739 bernus
507 718 568 748 pro
581 709 657 738 anni
673 711 769 746 parte
784 707 923 737 hiberna
937 706 1025 737 dixit
1041 716 1050 737 :

371 761 405 786 et
419 757 554 787 tonantis
561 756 662 794 Jovss,
673 761 811 795 propter
823 755 909 786 aeris
921 765 958 785 eo
971 760 1053 784 tem-

371 814 452 844 pore
466 806 723 836 inclementiam.
748 805 834 835 Torr.
878 806 987 835 Annus
1005 804 1053 834 hi-

372 853 498 893 berum]
530 853 668 893 Hyems.
711 854 829 884 Totum
859 862 919 892 pro
948 856 1053 891 parte.

370 902 452 942 [Aut
490 912 565 940 cum,
601 903 654 933 vel
692 903 734 932 Ee
763 911 830 932 cum
867 901 964 932 codd.
1000 911 1053 941 ap.

372 950 507 988 Jaeck.]

406 1001 442 1028 31
462 997 661 1036 Multacane]
675 998 886 1029 Annotarunt
903 997 964 1028 viri
977 997 1054 1028 (loc-

374 1045 399 1075 ti
414 1049 557 1084 veteres,
578 1055 651 1076 cum
667 1047 708 1076 de
725 1047 861 1076 canibus
877 1046 919 1076 ad
936 1055 1056 1076 venan-

373 1093 451 1123 dum
474 1093 667 1133 loquuntur,
693 1093 796 1124 ferme
822 1094 973 1124 muliebri
999 1102 1055 1132 ge-

375 1151 455 1172 nere
470 1142 532 1178 uti,
549 1147 586 1172 ut
601 1151 620 1171 a
635 1143 766 1173 Graecis
780 1141 871 1173 κύνας
884 1141 1054 1182 θηρατικὰς,

373 1191 527 1230 γενναίας,
538 1190 689 1222 Κελτικὰς
702 1192 821 1231 passim
833 1191 993 1231 appellari
1008 1191 1056 1221 in·

373 1241 495 1270 venias.
519 1241 658 1271 Torreat.
703 1241 808 1270 Multa
829 1239 917 1279 cane]
938 1240 1056 1270 Multis

373 1287 521 1318 canibus.
565 1289 625 1327 [Et
646 1288 746 1318 trudit
770 1288 947 1326 Bamberg.
991 1287 1057 1318 Aut

373 1336 471 1366 trudit
485 1337 571 1374 agris
584 1336 753 1370 Vanderb.
767 1345 821 1374 ap.
845 1336 866 1367 J
870 1337 961 1366 aeck.
979 1336 1056 1366 mul-

373 1387 405 1414 to
426 1393 494 1414 cum
515 1394 586 1414 cnm
603 1385 696 1415 Vatt.
721 1385 814 1415 Rom.
828 1387 860 1415 7.
875 1387 906 1415 9.
925 1389 961 1415 et
979 1385 1055 1416 Vat.

374 1434 483 1465 Palat.
500 1437 530 1464 3.
543 1443 562 1463 a
577 1443 620 1464 m.
634 1433 716 1472 sem]

415 1484 456 1512 32
479 1482 518 1512 In
532 1482 682 1513 obstantes
691 1481 814 1520 plagas]
839 1481 879 1511 Iu
903 1481 1055 1521 opposita

377 1531 473 1562 retia.

417 1583 458 1611 33
482 1579 588 1610 Amite
613 1579 687 1619 levi]
717 1579 860 1610 Fut-cula
890 1579 1056 1618 aucupati,

374 1638 440 1669 qua
456 1633 528 1658 rete
544 1628 702 1658 tenditur.

417 1679 458 1707 34
479 1676 590 1715 Dolus]
612 1677 696 1709 Quae
713 1676 798 1706 retia
813 1680 890 1706 sunt
904 1675 970 1706 doli
989 1681 1057 1706 tur—

375 1725 438 1762 dis,
453 1725 569 1755 avibus
582 1724 813 1755 veracissimis.

418 1777 457 1804 35
473 1773 646 1813 Admana]
671 1772 855 1807 Advenam,
873 1771 1059 1802 transmari-

376 1833 462 1854 nam.
506 1823 627 1860 Grues,
642 1832 715 1852 eum
730 1823 801 1852 loca
816 1820 978 1851 calidiora
1002 1829 1057 1859 pe-

378 1877 498 1907 tentes,
514 1872 617 1901 maria
636 1870 880 1907 transmittunt,
903 1870 1057 1906 trianguli

376 1920 514 1952 sormam
529 1920 697 1951 efficiunt:
718 1920 768 1950 M.
784 1920 858 1950 Tul.
871 1928 910 1950 11.
921 1918 963 1949 de
980 1919 1059 1950 Nat.

377 1969 498 2008 Laqueo
509 1968 632 2007 gruem]
654 1968 779 1999 Gruem
795 1967 914 2007 pedica
929 1971 1057 2006 captat.

378 2017 580 2056 [avidumque
602 2026 668 2046 var.
691 2018 769 2047 lect.
795 2025 848 2054 ap.
863 2015 983 2047 Jaeck.
1005 2019 1059 2046 aut

376 2066 521 2096 advenam
534 2066 758 2095 Schoenboru.
772 2063 822 2102 2.]

418 2117 460 2144 ³6
470 2114 611 2144 ductanda
621 2115 723 2151 captat
736 2111 880 2150 proemia]
894 2112 977 2143 Quae
990 2120 1057 2140 orn-

377 2161 444 2196 niu,
460 2169 577 2200 nempe
599 2161 686 2200 apri,
712 2159 812 2193 turdi,
840 2160 943 2198 lepus,
967 2168 1057 2198 grus,

378 2213 455 2239 sunt
478 2209 609 2239 rusticis
634 2207 784 2248 jucunda
810 2207 957 2238 laborum
972 2216 1057 2247 prae-

379 2259 455 2290 mia.
498 2259 651 2299 [Jocunda
667 2257 893 2288 Schoenborn.
907 2256 955 2296 2.]

422 2311 462 2338 37
486 2309 651 2342 Malorum.
671 2306 760 2347 quas]
782 2306 945 2336 Maiarum
963 2314 1056 2336 cura-

378 2367 462 2395 rum,
478 2367 552 2397 quae
566 2361 703 2396 propter
716 2363 858 2385 amorem
872 2354 1057 2392 suscipiun-

379 2406 446 2437 tur.
507 2406 591 2440 Quas
624 2404 722 2444 amor}
760 2404 829 2434 Per
867 2404 876 2420 ‘
895 2401 1058 2432 amorem'

378 2460 468 2485 nunc
491 2463 620 2484 omnem
651 2452 868 2491 cupiditatem
892 2451 1061 2490 intelligit,

380 2507 439 2533 aut
469 2503 588 2533 saltem
618 2501 803 2538 avaritiam,
830 2509 872 2530 ex
895 2500 1060 2530 sententia

380 2550 516 2582 Heleni.
562 2551 603 2580 Et
619 2559 679 2589 pro
694 2550 853 2589 malarum,
865 2548 995 2590 quidam
1014 2549 1059 2580 le·

381 2603 464 2637 gunt
479 2599 632 2629 malorum.

424 2649 465 2676 39
500 2647 589 2680 Quod
615 2646 644 2677 si
667 2646 776 2685 pudica
795 2645 918 2685 mulier]
947 2645 1004 2677 Sic
1025 2649 1061 2677 et

382 2693 476 2732 Virg.
493 2694 619 2734 Georg.
635 2704 672 2726 n.
687 2698 696 2712 ⁴
707 2695 843 2725 Interea
853 2695 965 2726 dulces
981 2703 1060 2734 pen·

384 2742 465 2772 dent
489 2742 612 2774 circum
639 2744 740 2775 ubera
756 2744 837 2783 nati,
853 2743 954 2775 Casta
969 2744 1060 2783 pudi-

822 272 963 303 NOTAE
996 272 1253 303 VARlORuM
1287 272 1335 302 IN

1101 363 1214 395 citiam
1230 367 1340 394 servat
1356 362 1494 393 domus!
1535 359 1591 393 De
1607 358 1779 395 utilis-inid

1100 416 1210 442 autem
1225 416 1323 452 atque
1334 410 1576 451 jucundissima
1590 411 1670 441 vitae
1690 410 1780 442 intes·

1102 461 1261 500 conjuges
1271 461 1442 495 societate.
1454 459 1558 490 multa
1569 468 1649 490 cnm-
1657 459 1712 490 alii
1722 464 1783 499 op*-

1101 509 1172 538 timi
1188 513 1353 547 auctores,
1371 515 1452 545 tum,
1467 506 1555 548 quod
1575 507 1719 539 maxime
1737 507 1780 539 nd

1101 558 1274 589 Horatium
1301 558 1396 598 facit,
1417 558 1576 598 praeclnre
1597 557 1782 589 Columella

1101 607 1267 639 Prooemio
1284 608 1360 639 libri
1382 616 1448 638 xu-
1469 608 1479 624 ⁴
1496 602 1594 648 Apud
1615 599 1781 646 Gnaeos?

1101 655 1220 695 inquit,
1241 657 1252 673 ‘
1267 661 1302 687 et
1323 665 1398 687 mox
1422 655 1509 696 apud
1534 655 1712 694 Romanos,
1728 663 1782 686 us-

1101 713 1164 743 que
1185 704 1217 734 in
1235 710 1362 743 patrum
1379 710 1565 735 nostrorum
1580 704 1784 742 memoriam,

1101 750 1172 782 fere
1187 752 1386 783 domesticus
1401 754 1490 783 labor
1499 752 1689 783 matronalis
1697 750 1784 790 fuit:

1101 801 1165 831 ὅτε.
1177 800 1336 842 additque
1348 811 1357 832 ε
1380 803 1390 819 ‘
1402 802 1526 832 Verum
1541 810 1615 832 cnm
1632 801 1664 831 in
1675 804 1782 831 totum

1103 857 1168 878 non
1185 849 1288 879 solum
1306 850 1501 888 exoleverit,
1520 849 1580 880 sed
1606 849 1706 879 etiam
1726 855 1782 879 oc*-

1103 897 1222 927 ciderit
1239 902 1333 927 vetus
1354 898 1411 928 ille
1426 903 1566 928 matrum
1582 896 1781 928 familiarum

1103 953 1174 975 mos
1201 945 1394 975 Sabinarum
1422 950 1525 984 atque
1550 946 1784 985 Romanarum,

1104 993 1288 1023 necessario
1305 992 1438 1032 irrepsit
1451 991 1570 1023 villicae
1583 993 1684 1024 curn!
1705 994 1782 1024 Hoc

1103 1050 1182 1081 ergo
1207 1046 1259 1072 est
1284 1040 1372 1081 quod
1395 1041 1556 1081 sequitur,
1571 1040 1689 1071 Sabina
1709 1050 1783 1080 quu—

1103 1090 1154 1126 lis,
1167 1091 1218 1129 &a
1243 1090 1394 1120 Torrent.
1442 1089 1558 1120 Partica
1570 1089 1693 1128 mulier]
1710 1087 1784 1120 Mna

1103 1138 1165 1169 lier
1179 1143 1279 1169 casta.
1321 1138 1360 1169 In
1374 1138 1504 1178 partem]
1519 1138 1729 1173 Graecisms,
1751 1139 1786 1168 ἑν

1103 1185 1195 1225 μέρει,
1211 1186 1243 1216 id
1260 1190 1322 1226 est,
1334 1186 1480 1217 vicissim.
1508 1185 1673 1226 Han-tung.
1706 1185 1785 1217 Vic-

1105 1237 1209 1267 torius
1227 1237 1304 1268 Var.
1330 1237 1425 1268 Lect.
1451 1245 1492 1268 11.
1515 1238 1548 1268 6.
1589 1236 1700 1278 diceet]
1724 1236 1782 1267 Sic

1106 1285 1254 1325 plerique
1270 1294 1384 1316 omnes
1399 1285 1486 1323 libri,
1510 1293 1590 1325 qnos
1617 1283 1706 1315 vidi:
1730 1285 1784 1315 vel

1095 1333 1200 1371 juvat,
1215 1333 1247 1363 in
1266 1343 1329 1364 uno
1345 1338 1445 1373 atque
1457 1333 1574 1365 altero.
1609 1332 1783 1364 Turnebus

1105 1386 1215 1412 tamen
1231 1390 1296 1412 xu.
1313 1384 1365 1413 15.
1378 1382 1494 1420 juvans
1513 1381 1672 1421 restituit,
1693 1381 1782 1422 quod

1105 1439 1219 1469 parum
1233 1431 1400 1461 cohaereat
1415 1431 1520 1462 oratio
1534 1442 1542 1462 :
1558 1426 1782 1472 quod‘veritus

1103 1479 1202 1509 etiam
1239 1480 1419 1510 Lambinus
1450 1489 1624 1520 sacrumque
1656 1480 1785 1510 vetustis

1103 1527 1251 1566 scripsit,
1278 1531 1314 1558 et
1341 1528 1522 1559 secundum
1551 1527 1670 1568 pedem
1694 1527 1783 1558 Ans-

1104 1581 1246 1615 paestum
1267 1575 1360 1615 facit,
1379 1577 1474 1609 male.
1498 1577 1637 1608 Torreat.
1681 1577 1784 1616 [Quid

1103 1626 1154 1654 si?
1183 1625 1251 1658 Quo
1265 1626 1312 1654 si?
1344 1626 1426 1660 Quid
1439 1629 1452 1655 ,⁹
1472 1626 1500 1656 si
1522 1625 1668 1656 nonnulli
1684 1626 1783 1657 codd.

1104 1680 1158 1711 ap.
1178 1672 1278 1701 Feum
1295 1677 1330 1703 et
1347 1673 1480 1713 Jaeck.]

1146 1722 1185 1749 41
1209 1719 1324 1750 Sabina
1343 1721 1454 1760 qualis,
1477 1720 1545 1760 dra]
1566 1721 1688 1753 Quales
1706 1726 1784 1754 sunt
1833 1726 1837 1729 ’

1105 1766 1235 1797 Sabinae
1253 1768 1418 1806 mulieres,
1441 1772 1498 1798 aiut
1512 1767 1666 1808 Appula»,
1679 1768 1786 1800 foemi-

1105 1825 1156 1846 nae
1173 1817 1378 1848 castissimae.
1422 1817 1556 1848 Per-usta
1578 1817 1704 1858 solibus]
1726 1819 1786 1850 Ni-

1106 1873 1175 1905 gra.
1355 1873 1358 1876 ’

1146 1917 1187 1945 42
1212 1914 1355 1946 Pernicis
1373 1916 1466 1956 uxor]
1490 1916 1500 1933 ‘
1515 1915 1659 1947 Pernix'
1681 1920 1717 1946 et
1731 1923 1786 1946 ee·

1105 1962 1209 1993 lerem
1239 1968 1275 1994 et
1311 1967 1578 2002 perseverantem
1609 1963 1786 2004 significet.

1107 2011 1204 2041 Unde
1226 2013 1235 2030 ⁸
1251 2012 1432 2050 pernicitas
1444 2011 1453 2025 '
1475 2017 1510 2042 et
1525 2021 1585 2052 pro
1599 2012 1785 2050 celeritate,

1106 2064 1141 2089 et
1153 2068 1212 2098 pro
1221 2059 1462 2098 patientissima
1477 2058 1685 2096 fortitudine,
1697 2063 1784 2089 teste

1106 2107 1227 2137 Nouio.
1248 2107 1386 2136 Torreat.
1430 2107 1572 2137 Per-nicia
1586 2115 1663 2138 uxor
1677 2105 1787 2145 Apuli]

1105 2154 1173 2184 Aut
1188 2155 1282 2194 nigra
1298 2164 1380 2185 uxor
1395 2153 1496 2194 Apuli
1511 2155 1615 2195 agilis,
1630 2154 1681 2184 vel
1697 2155 1785 2195 pati-

1105 2204 1190 2234 entis
1212 2203 1370 2234 laborum.

1145 2254 1185 2282 43
1216 2251 1342 2282 Sacrum
1370 2252 1510 2291 vetustis]
1541 2251 1650 2282 Vocat
1671 2249 1783 2282 focum

1105 2312 1236 2342 sacrum,
1261 2303 1311 2332 vel
1327 2303 1414 2342 quod
1436 2304 1550 2333 Vestae
1574 2307 1783 2333 consecratus

1107 2352 1162 2390 sit,
1184 2353 1236 2382 vel
1263 2351 1350 2392 quod
1375 2361 1428 2382 ara
1450 2352 1600 2382 Deorum
1626 2356 1783 2390 penatum

1106 2399 1201 2432 focus
1217 2400 1271 2437 sit,
1290 2399 1377 2440 quod
1399 2399 1540 2439 margini
1564 2399 1785 2440 antiquissimi

1107 2439 1231 2480 codicis
1246 2448 1453 2488 adscriptum
1470 2448 1614 2488 repperi.
1661 2447 1788 2480 Vetusta

1108 2507 1186 2528 vero
1200 2497 1285 2535 tigna
1300 2506 1372 2526 cum
1386 2496 1480 2533 dicit,
1493 2497 1580 2527 sicca
1587 2496 1656 2537 jam
1672 2502 1708 2527 et
1722 2497 1786 2527 πῖ·-

1108 2547 1150 2576 da
1164 2545 1332 2585 intelligit,
1359 2545 1445 2576 unde
1467 2544 1574 2576 fumus
1591 2554 1655 2576 non
1670 2554 1785 2586 sequn-

1110 2600 1175 2632 tur,
1201 2604 1276 2635 quae
1299 2594 1350 2624 vel
1375 2594 1546 2634 praecipua
1570 2593 1684 2624 rustici
1711 2595 1787 2633 post

1109 2645 1238 2675 labores
1253 2644 1419 2674 recreatio
1434 2647 1496 2674 est.
1527 2642 1653 2673 Tibull.
1673 2642 1729 2672 lib.
1745 2649 1784 2671 ιι.

1111 2697 1119 2710 ·
1130 2693 1212 2723 Tum
1232 2691 1356 2723 nitidus
1370 2692 1475 2731 plenis
1490 2690 1629 2722 confisus
1642 2689 1780 2721 rusticus

1110 2741 1210 2782 agris,
1237 2740 1364 2780 ingerit
1390 2739 1520 2776 ardenti
1545 2736 1786 2779 grundisligun»
