1916 3262
13 2825 37 2855 ὁ

612 280 677 311 DE
710 279 844 312 ARTE
879 282 1104 313 POETch.

1468 274 1579 316 1281

127 375 218 418 Cur
236 389 334 430 ego,
356 376 396 418 si
417 389 590 431 nequeo
609 376 866 431 ignoroque,
888 376 1036 419 Poeta
1054 376 1256 418 salutor'?

127 443 218 485 Cur
236 444 418 494 nescire,
438 443 610 498 pudens
631 457 784 497 prave,
807 458 938 499 quam
961 445 1132 486 discere
1149 444 1299 485 malo?

125 509 345 552 Versibus
365 511 532 564 exponi
553 511 731 564 tragicis
750 524 821 553 res
841 513 1011 553 comica
1031 525 1117 552 non
1139 511 1256 553 vult:

125 576 383 631 Indignatur
402 578 504 618 item
524 578 725 631 privatis,
749 592 802 620 ac
823 592 962 633 prope
984 591 1122 620 socco
1442 609 1449 619 ,
1522 577 1579 618 90

126 644 284 698 Dignis
303 645 573 686 carminibus
594 647 757 686 narrari
778 659 902 688 coena
926 645 1151 700 Thyestae'.
1170 669 1174 675 ·
1232 684 1235 688 .

126 711 307 765 Singula
324 725 513 766 quaeque
532 712 676 753 locum
698 715 873 753 teneant
893 713 1050 754 sortita
1069 705 1304 758 decentem.
1317 750 1335 753 γ.

125 777 349 820 Interdum
372 783 516 820 tamen
537 783 581 820 et
602 792 758 820 vocem
780 779 1012 822 Comoedia
1033 779 1167 829 tollit,

126 844 356 900 Iratusque
376 845 583 887 Chremes
598 846 767 888 tumido
789 847 992 900 delitigat
1011 860 1108 888 ore:
1299 883 1302 889 Δ
1450 886 1455 889 ,

124 913 184 955 Et
202 914 391 966 tragicus
412 913 671 967 plerumque
693 913 810 956 dolet
829 927 1024 956 sermone
1045 913 1254 967 pedestri.
1284 955 1288 957 ,
1522 914 1579 956 95

125 1052 295 1084 varietates
308 1056 340 1084 et
359 1052 567 1093 proprietates
582 1051 682 1082 nescio
703 1060 759 1082 nec
773 1052 859 1082 valeo
874 1051 1044 1093 observare,
1057 1062 1152 1093 quare
1174 1052 1266 1093 po‘e‘ta
1284 1061 1374 1083 vocor
1383 1056 1396 1083 ?
1417 1062 1511 1093 quare
1522 1060 1580 1092 per

125 1095 238 1126 malam
247 1097 462 1127 verecundiam
475 1095 624 1134 ignorare
634 1094 715 1124 malo
729 1103 821 1134 quam
831 1094 971 1126 discere?
1007 1095 1073 1126 Res
1084 1096 1200 1127 comica
1211 1105 1272 1126 non
1286 1095 1374 1126 debet
1389 1095 1500 1136 efferri
1511 1104 1579 1125 oer-

125 1135 211 1168 sibus
223 1138 368 1177 tragicis.
395 1138 525 1169 Pariter
541 1137 684 1178 Thyesta*
699 1146 783 1166 eoena
796 1140 916 1167 recusat
933 1138 1046 1176 exponi
1059 1138 1193 1168 dictione
1207 1138 1318 1168 humili
1331 1141 1361 1169 et
1367 1137 1440 1175 sere
1454 1137 1581 1168 comica.

129 1178 243 1210 Omnia
253 1180 413 1220 proprium
426 1180 488 1211 eibi
502 1181 600 1210 locum
613 1178 781 1210 obtineant.
826 1179 1005 1219 Aliquando
1027 1183 1130 1211 tamen
1148 1181 1306 1211 Comoedia
1327 1190 1430 1211 vocem
1451 1178 1583 1217 attollit,

125 1223 156 1252 et
169 1221 316 1254 Chremes
326 1222 429 1253 iratus
443 1223 507 1253 alto
521 1230 659 1253 sermone
673 1221 844 1252 altercatur
850 1231 863 1258 ;
878 1225 908 1253 et
921 1231 1135 1262 nonnunquam
1143 1223 1282 1262 trag-icus
1296 1223 1378 1254 dolet
1393 1221 1503 1254 Iiumili
1514 1221 1581 1253 dic-

732 1323 829 1336 OM
831 1324 972 1336 OOOOOO

123 1401 304 1432 operumque
331 1391 544 1422 laborem—87
567 1389 670 1420 Hunc
701 1397 835 1420 versum
864 1390 961 1430 ponit
989 1391 1122 1422 Heller.
1153 1395 1231 1422 aute
1261 1400 1311 1422 vs.
1337 1392 1478 1422 86.-88
1501 1390 1580 1420 Vat.

124 1435 221 1465 Rom.
247 1438 279 1464 9.
309 1434 429 1473 pudens
453 1433 544 1470 malo,
571 1441 664 1471 quam
688 1432 806 1463 discere
824 1436 1018 1472 prava-91
1042 1433 1173 1465 Heller.
1196 1443 1288 1465 scena
1316 1433 1473 1474 Thyestoe,
1501 1432 1523 1462 i.
1546 1442 1577 1463 e..

125 1475 302 1516 tragoedia.
333 1476 466 1506 tractari
489 1484 573 1505 coena
602 1473 744 1515 Tkyestoe
773 1474 854 1506 Exc.
884 1475 1054 1507 Sam—92
1077 1476 1158 1507 Vat.
1174 1476 1274 1507 Rom.
1290 1478 1322 1506 6.
1340 1485 1359 1506 a
1376 1485 1420 1506 m.
1435 1484 1487 1516 pr.
1512 1474 1580 1506 duo

123 1517 224 1550 codd.
239 1517 392 1559 Cmquii,
412 1526 497 1548 unus
511 1517 643 1548 Valart.
660 1525 744 1547 unus
762 1516 926 1556 Bentleii,
941 1519 1109 1550 decentem.
1155 1519 1232 1550 Hoc
1248 1518 1427 1549 Bentleius
1442 1517 1581 1548 admisit

122 1560 157 1591 in
172 1565 317 1600 textum,
329 1563 338 1578 ¹
350 1560 431 1602 quia
447 1564 483 1590 et
495 1559 559 1590 hoc
575 1563 677 1599 pacto
693 1559 895 1599 compositio
914 1560 946 1591 ei
962 1560 1095 1592 dulcior
1110 1561 1286 1599 videatnr;
1305 1566 1338 1592 et
1357 1561 1438 1601 quia
1450 1560 1578 1600 sortita,

123 1607 225 1643 prout
238 1613 298 1644 par
313 1607 379 1642 est,
391 1602 504 1634 active
521 1605 694 1640 sumetur;
710 1611 787 1632 cum
804 1602 830 1632 si
846 1603 989 1634 decenter
1004 1604 1142 1644 legeris,
1157 1604 1214 1635 vix
1231 1609 1296 1641 est,
1309 1608 1346 1634 ut
1363 1612 1430 1633 non
1446 1602 1579 1642 passive

124 1649 246 1676 contra
277 1654 406 1677 morem
437 1644 641 1684 accipiatur.
700 1643 779 1675 Hoc
806 1643 929 1676 falsum
958 1655 1035 1677 esse
1059 1647 1134 1687 quis
1161 1655 1227 1676 non
1263 1645 1380 1676 videt?
1425 1644 1579 1683 Simplex

123 1688 332 1719 constructio
361 1686 396 1718 id
427 1686 562 1727 probat,
586 1686 723 1725 Singula
748 1696 873 1726 quotque
896 1691 1020 1718 teneant
1040 1689 1185 1719 decenter
1212 1690 1322 1727 locum,
1349 1696 1437 1727 quem
1465 1686 1580 1716 sortita

122 1733 206 1762 eunt.
250 1729 391 1770 Optime
406 1730 560 1767 decenter,
585 1728 620 1758 id
643 1733 710 1766 est,
739 1733 834 1767 apte,
861 1733 898 1760 et
923 1735 960 1760 ut
986 1729 1100 1770 decet,
1118 1730 1321 1770 quicumque
1338 1730 1381 1760 sit
1398 1730 1503 1763 locus,
1521 1728 1579 1768 qui

123 1771 328 1812 contigerit;
349 1779 571 1812 quaecumque
588 1774 730 1809 geratur
746 1779 891 1810 persona
906 1781 914 1800 ι
933 1781 999 1811 qua
1014 1771 1058 1802 de
1076 1781 1111 1803 re
1126 1771 1202 1803 fuse
1217 1771 1361 1805 Quintil.
1377 1771 1463 1801 Inst.
1477 1771 1577 1801 Orat.

124 1821 162 1844 x.
176 1812 216 1844 1!
240 1813 405 1845 Feta—94
427 1813 463 1843 S.
481 1812 624 1843 Hieron.
652 1811 765 1850 Epist.
789 1811 832 1842 ad
854 1813 998 1848 Furiam,
1014 1814 1157 1844 desoeviet
1174 1823 1236 1844 ore.
1283 1814 1346 1844 Vir
1372 1813 1494 1843 doctus
1523 1822 1578 1851 ap.

129 1854 236 1887 Genu.
250 1855 342 1895 conj.
362 1854 424 1885 tibi
437 1854 546 1893 litigat
559 1855 707 1886 orec-95
734 1853 886 1893 flagicia
902 1855 1090 1896 plerumque,
1104 1856 1178 1887 siue
1191 1859 1235 1894 et,
1251 1855 1471 1887 Hellen—96
1494 1854 1580 1886 Tele-

780 1949 924 1982 NOTAE

168 2017 211 2047 so
247 2014 394 2047 Versibus
427 2006 538 2054 exponi
572 2012 715 2052 tragicis,
750 2012 821 2052 εμκ]

124 2064 316 2106 Tragoediae
335 2063 625 2105 magniloquentia
645 2062 746 2094 rebus
767 2072 824 2094 co-

124 2115 220 2147 micis
245 2115 425 2147 humilibus
449 2114 539 2146 haud
555 2114 721 2154 congruit.
765 2114 823 2145 Sic

124 2165 226 2197 etiam
255 2166 378 2207 stylum
401 2164 607 2196 mediocrem
636 2163 821 2196 Comoediae

122 2216 279 2248 idoneum
296 2216 426 2257 respuit
441 2214 635 2256 Tragoedia,
658 2223 711 2246 res
727 2214 823 2245 nimi-

124 2275 198 2298 rum
227 2275 367 2307 magnas
391 2269 551 2297 tractans.
575 2269 584 2283 ⁸
599 2264 668 2296 Sua
699 2264 822 2306 cuique

124 2316 264 2356 propria
279 2316 348 2355 lex,
372 2324 450 2347 suus
466 2315 570 2346 decor
584 2319 656 2346 est:
680 2323 744 2345 nec
758 2315 822 2346 Co·

126 2365 249 2396 moedia
276 2365 310 2396 in
337 2366 511 2406 cothurno,
548 2374 611 2396 nec
639 2365 822 2406 Tragoedia

125 2423 225 2447 socco
237 2414 449 2455 ingreditur:
472 2415 617 2448 Quintil.

167 2466 210 2495 90
233 2463 392 2503 Privati-⁹]
423 2464 641 2504 Vulgaribus,
666 2463 821 2505 plebeiis.

126 2515 334 2556 Magistratu
357 2514 536 2554 fungentes
557 2520 726 2556 apparent
745 2513 821 2546 sub-

125 2567 242 2604 limes3
257 2565 384 2606 privati
399 2569 517 2596 contra
532 2565 684 2596 humiles.

167 2618 207 2647 91
234 2616 329 2646 Coena
340 2614 496 2656 Thyestea]
508 2614 655 2654 Synecd.
667 2623 729 2655 pro
739 2624 821 2656 qua·

126 2667 210 2699 libet
241 2665 384 2697 materia
409 2663 602 2704 Tragoediae
627 2667 720 2703 apta.
766 2664 822 2694 De

127 2717 275 2758 Thyeste
292 2725 317 2746 1.
335 2714 406 2746 Od.
422 2717 453 2745 6.
476 2712 581 2745 et'le.
605 2713 688 2744 item
709 2713 820 2754 Epod.

128 2776 164 2799 v.
188 2766 278 2797 Vide
292 2766 413 2797 Seuec.
427 2765 529 2804 Trag.

135 2845 138 2848 ⁴
167 2818 208 2848 93
233 2815 394 2847 Interdum
406 2811 599 2854 tamen,85c.]
623 2812 660 2844 Si
675 2812 754 2854 quid
772 2812 821 2843 in-

210 2869 325 2909 Delpli.
340 2871 368 2899 et
385 2868 458 2900 Var.
475 2868 560 2900 Ceus.

784 2866 901 2898 Horat.

877 2014 1016 2047 fandum
1044 2015 1291 2048 horrendumve
1315 2015 1358 2046 sit
1380 2014 1577 2047 describen-

877 2065 968 2106 dum,
997 2075 1114 2098 vocem
1142 2066 1247 2098 debet
1269 2065 1429 2098 attollere
1445 2065 1578 2097 Comoe-

876 2114 945 2154 dia,
958 2116 1151 2157 stylumque
1168 2120 1285 2155 aptum
1301 2112 1476 2146 adhibere.

918 2168 960 2197 94
984 2166 1148 2207 Iratusque
1185 2165 1345 2205 Chremes]
1385 2164 1476 2196 Vide
1513 2165 1578 2196 Te-

876 2219 964 2248 rent.
989 2216 1263 2248 Heautontimor.
1290 2214 1369 2246 Act.
1398 2223 1432 2246 v.
1462 2214 1519 2246 Sc.
1545 2218 1576 2246 5.

876 2266 957 2298 item
973 2266 1121 2308 Adelph.
1139 2266 1220 2298 Act.
1237 2275 1273 2298 v.
1297 2275 1429 2297 necnon
1445 2266 1576 2297 Donat.

875 2315 957 2347 ibid.
981 2326 1084 2357 supra
1111 2326 1136 2348 1.
1157 2317 1231 2350 Sat.
1248 2318 1281 2347 4.
1306 2315 1377 2347 ‘At
1403 2320 1501 2357 pater
1525 2325 1578 2346 ar-

876 2365 961 2398 dens
976 2365 1109 2398 Saevit!

916 2419 956 2448 95
982 2417 1136 2456 Tragicus
1147 2417 1326 2457 plerumque
1340 2416 1423 2447 dolet
1439 2424 1578 2446 sermone

871 2466 1024 2506 pedestri]
1059 2467 1144 2499 Quis
1161 2466 1333 2497 enimvero
1349 2465 1466 2496 dolore
1482 2474 1576 2505 pres-

874 2525 931 2547 sus
953 2515 1094 2556 grandia
1117 2516 1207 2555 loqui
1226 2515 1351 2554 possit?
1375 2514 1490 2553 itaque
1507 2522 1576 2543 me-

876 2575 930 2596 ras
947 2574 1053 2606 nugas
1066 2563 1178 2596 effutit
1190 2563 1338 2595 Hecuba
1350 2562 1439 2603 apud
1455 2562 1576 2594 Seuec.

875 2615 999 2647 Troad.
1014 2624 1090 2646 cuin
1106 2618 1176 2645 tam
1191 2614 1299 2645 multa
1314 2617 1350 2643 et
1367 2617 1436 2642 tam
1455 2621 1576 2652 magua

874 2665 994 2697 dolens
1019 2663 1252 2704 proloquitur:
1275 2670 1384 2702 apage
1408 2661 1488 2702 ‘qui
1514 2660 1574 2693 fri-

876 2714 992 2756 gidum
1022 2717 1164 2754 septena
1185 2711 1315 2743 Tanain
1342 2720 1400 2742 ora
1424 2711 1574 2751 panden-

875 2763 1069 2805 temgbibitss
1085 2765 1149 2794 διο.
1179 2762 1266 2793 Vide
1282 2771 1382 2803 quam
1398 2765 1479 2802 apte
1495 2770 1573 2793 con-

877 2820 929 2845 tra
942 2813 1030 2855 apud
1049 2811 1258 2853 Euripidem.

1402 2867 1423 2896 4
1447 2863 1485 2894 M
