1930 3204
356 275 468 317 1540

359 378 467 418 Epist.
483 377 524 409 ad
541 377 735 411 Quinctium
759 377 846 409 dixit
871 377 1042 409 Horatius.

364 426 481 467 Vapor]
518 427 592 458 Nec
619 431 730 457 tantus
758 427 849 458 calor
874 427 1042 466 syderum,

359 475 530 507 Carniculae
555 475 754 516 praesertim,
776 475 900 506 aridam
922 475 1044 506 invasit

357 524 528 564 Apuliam.
550 524 728 564 [Nonnulli
745 524 844 555 codd.
858 534 912 564 ap·
926 524 1044 564 Jaeck,

358 572 472 604 insedit
488 572 607 612 cestus]

402 624 440 652 17
467 622 532 652 Nec
546 631 654 652 munus
668 621 813 661 humeris]
838 622 912 652 Nec
933 621 1044 652 tunica

358 672 401 702 ad
417 672 600 704 Herculem
617 683 636 704 a
650 673 812 704 Deianira
827 674 926 704 missa
943 674 1043 704 Nessi

358 720 517 752 Centauri
539 722 698 761 sanguine
714 722 858 752 intincta
873 722 1043 752 ardentius

356 767 574 801 inflammavit
588 770 742 802 humeros
762 771 917 801 Herculis
933 770 1044 802 effica-

357 818 420 856 cis,
437 818 469 849 id
494 823 558 859 est,
584 819 751 854 laboriosi,
775 824 810 850 et
835 820 876 850 ad
899 818 1043 850 efficien-

357 866 434 898 dum
452 868 535 907 apti.

400 917 441 946 19
466 916 552 955 Tule]
575 916 710 947 Allium.
733 917 814 957 [Aut
828 917 939 956 siquid
955 917 1042 947 Van-

357 963 452 995 derb.
468 974 523 1004 ap.
537 965 675 1004 Jaeck.]

399 1015 438 1043 21
457 1013 587 1044 Manum
601 1013 717 1053 puella]
739 1013 867 1044 Precor
882 1017 919 1044 ut
934 1014 1045 1054 puella

358 1061 499 1092 halitum
516 1066 608 1092 tuum
624 1061 800 1102 effugiens,
813 1067 962 1102 opponat
978 1072 1043 1092 ma-

355 1119 434 1140 num
451 1111 564 1140 osculo
580 1115 650 1148 tuo,
666 1115 701 1142 et
716 1110 819 1141 cubet
833 1111 865 1140 in
878 1110 1044 1141 exteriore

356 1160 438 1191 lecti
451 1164 563 1200 parte,
574 1169 616 1190 ne
631 1160 698 1190 allii
712 1158 832 1190 foetore
845 1158 1045 1198 offendatur,

356 1209 390 1239 id
406 1213 469 1243 est,
487 1217 618 1249 precor,
634 1213 672 1240 ut
688 1217 797 1249 neque
813 1213 846 1239 te
863 1209 1044 1244 osculetur,

356 1267 466 1299 neque
494 1267 530 1288 se
567 1258 627 1289 tibi
659 1258 851 1298 potiendam
882 1258 1043 1298 praebeat.

356 1307 487 1347 Suavio]
510 1307 550 1338 In
565 1307 700 1347 optimis
727 1307 972 1348 exemplaribus
993 1317 1042 1338 sa-

353 1356 403 1386 vio
417 1356 614 1387 invenimus.
646 1356 784 1386 Torrent-

397 1406 438 1435 22
459 1405 606 1434 Extrema
619 1408 650 1435 et
664 1404 696 1434 in
710 1403 839 1444 sponda]
858 1404 951 1435 Lecti
964 1413 1040 1444 pars

354 1453 480 1492 sponda,
511 1461 615 1492 eaque
643 1452 783 1482 interior
810 1456 846 1482 et
871 1453 1039 1490 exterior-3

355 1501 441 1532 unde
478 1501 618 1532 interius
651 1505 687 1531 et
721 1500 868 1531 exterius
905 1501 1041 1532 cubare.

356 1549 457 1581 Ovid.
481 1550 586 1589 igitur
609 1559 683 1580 rum
707 1549 776 1580 ait:
800 1550 809 1566 ‘
826 1550 894 1580 Cur
911 1559 1042 1589 pressus

355 1598 449 1638 prior
467 1602 518 1628 est
540 1598 743 1638 interiorque
773 1602 863 1628 torus
874 1597 895 1627 ?'
918 1603 1042 1628 utram-

356 1655 421 1686 que
437 1645 599 1685 spondam
616 1646 786 1685 inteliigit.
814 1645 861 1676 At
877 1646 1043 1676 Martialis

353 1695 412 1726 lib.
443 1703 501 1725 ιιι.
549 1695 800 1734 Epigrammate
830 1695 873 1724 de
902 1695 1044 1732 Misitio,

356 1743 365 1759 ‘
381 1743 544 1783 spondam
555 1743 563 1756 '
580 1753 640 1783 pro
656 1744 823 1774 exteriore
845 1748 940 1782 parte
957 1743 1044 1774 acci—

353 1802 434 1832 pere
452 1793 598 1831 videtur,
614 1796 648 1824 et
662 1802 834 1833 opponere
848 1793 858 1809 ‘
873 1792 1044 1832 pluteum!

357 1841 446 1872 Torr.
487 1841 544 1872 Sic
566 1850 632 1872 non
649 1841 763 1881 inepte
778 1841 852 1882 quis
868 1845 876 1859 ‘
893 1845 1046 1871 extrema

355 1891 477 1922 cubare
499 1890 646 1930 sponda’
667 1900 739 1921 cum
763 1900 803 1922 eo
819 1889 886 1920 dici
907 1889 1044 1930 poterit,

353 1940 496 1979 quicum
513 1940 562 1970 illi
572 1939 707 1981 quidem
722 1940 889 1979 congruit,
903 1939 961 1969 sed
974 1939 1045 1969 exi·

353 1988 433 2018 liter
464 1993 499 2019 et
535 1997 599 2018 non
630 1988 849 2029 undequaque
878 1986 1043 2027 perfecte.

355 2038 450 2076 Cruq.
500 2037 710 2077 [Markland.
750 2039 901 2068 Extrema
929 2040 984 2067 aut
1012 2037 1045 2066 in

355 2084 497 2124 sponda]

352 2133 467 2165 Epon.
490 2142 540 2164 lv.
582 2133 638 2164 An
662 2134 853 2164 vomerum
887 2134 1044 2172 ΜΕΝΑΜ,

422 2184 618 2214 Lmenrum
642 2183 803 2214 Pompeii
827 2184 970 2213 Mitem.

399 2232 553 2263 Velleius
579 2233 726 2263 Maenam
753 2237 790 2263 et
810 2232 1041 2263 Menecratem

359 2284 517 2321 paternos
545 2281 640 2312 Sexti
669 2281 807 2312 libertos
836 2286 946 2311 vocat.
980 2281 1040 2312 At-

355 2339 420 2371 que
446 2329 532 2361 adeo
557 2330 583 2360 is
602 2330 659 2360 ille
686 2334 739 2361 est
761 2331 888 2368 Maeua,
910 2330 952 2360 de
977 2339 1041 2370 quo

354 2379 557 2410 Plutarchus
573 2378 731 2410 Antonio.
753 2378 822 2420 qui,
835 2388 911 2409 cum
924 2378 1041 2409 Sextus

357 2428 524 2459 Caesarem
541 2433 576 2459 et
591 2427 773 2459 Antonium
791 2436 876 2467 pace
902 2427 983 2458 inita
1007 2427 1041 2458 in

358 2476 532 2508 triremem
555 2486 648 2508 sumn
669 2476 821 2508 convivio
843 2475 1042 2516 excepisset,

355 2525 460 2556 suasit
477 2529 634 2565 patrono,
657 2530 707 2566 ut,
731 2525 758 2556 si
773 2525 861 2556 orbis
877 2530 1040 2556 terrarum

355 2575 498 2614 imperio
509 2574 608 2615 potiri
619 2574 734 2612 vellet,
745 2579 924 2615 utrumque
934 2574 1042 2604 soluta

357 2628 499 2662 repente
539 2623 616 2654 navi
646 2623 814 2663 captivum
849 2623 1041 2654 abduceret.

357 2669 513 2702 Perfidus
524 2677 643 2703 natura
653 2682 693 2704 ac
705 2671 809 2705 vafer.
834 2673 950 2704 Codex
960 2682 1042 2712 ergo

360 2716 604 2751 Laurentianus
631 2729 744 2752 verum
764 2721 865 2761 hujus
884 2722 1041 2761 carminis

362 2766 495 2798 titulum
512 2768 667 2807 praet'ert:
706 2770 744 2801 In
758 2770 890 2802 Sextum
907 2770 1042 2802 Maenam

816 287 953 318 No'rAE
986 287 1200 319 VARIORU
1211 289 1241 318 M
1274 288 1325 318 IN

1094 379 1234 418 Pompeii
1242 379 1411 411 Libertum.
1421 389 1460 411 ac
1474 378 1613 420 proinde
1623 380 1773 414 Lambini

1093 428 1145 459 hic
1159 429 1364 468 diligentiam
1381 429 1540 460 desidero.
1577 430 1775 471 Quanquam

1094 477 1224 517 turpius
1237 483 1326 508 errat
1342 478 1516 518 Cruquhrs.
1543 477 1600 519 qui
1620 479 1775 510 Vulteium

1092 526 1228 557 Moenam
1240 531 1337 566 vocat,
1352 528 1439 563 ideo,
1449 528 1582 567 opinor,
1593 528 1681 568 quod
1690 529 1774 560 Vul-

1094 575 1151 604 teii
1170 575 1292 607 Moenae
1316 577 1349 607 in
1374 577 1532 616 Epistoiis
1554 577 1614 608 fiat.
1635 578 1774 610 mentio.

1094 621 1140 653 At
1156 623 1211 654 ille
1226 625 1324 665 longe
1335 625 1418 656 alius
1433 630 1518 657 erat.
1534 626 1619 656 Tor-r.
1641 627 1775 667 [Variat

1093 671 1210 703 titulus
1226 673 1259 704 in
1274 674 1373 705 codd.
1386 680 1421 705 et
1436 674 1514 706 edd.
1532 674 1674 706 fortasse
1697 676 1775 718 quia

1093 729 1134 751 ex
1149 721 1310 762 cujusque
1324 723 1499 763 scriptoris
1509 725 1560 754 vel
1573 723 1712 755 editoris
1725 725 1773 755 in·

1093 769 1190 807 genio
1203 769 1364 802 additum.
1402 772 1479 802 Vat.
1496 774 1527 802 1.
1545 776 1580 803 et
1592 772 1775 812 Bainberg.

1093 817 1229 859 habent,
1240 819 1279 850 In
1291 819 1419 850 Sextum
1433 820 1608 860 Pompeium
1619 820 1774 856 libertum,-

1093 867 1171 897 Vat.
1192 871 1222 898 5.
1259 869 1298 898 In
1311 869 1440 900 Sextum
1455 869 1596 908 Pompeii
1609 869 1750 903 libertum
1761 879 1774 905 ‚-

1092 915 1227 946 Vaml.
1237 916 1289 946 Aa
1298 917 1422 947 Menam
1432 917 1523 948 Sexti
1536 918 1674 958 Pompeii
1684 917 1775 949 liber·

1092 967 1175 1000 tum,·
1184 964 1399 996 Vat.Rom.8.
1409 966 1449 995 In
1459 966 1588 996 Sextum
1596 967 1775 1006 Pompeium

1093 1013 1186 1044 Sexti
1200 1013 1341 1044 libertum
1354 1013 1478 1044 Menum
1485 1024 1499 1050 ;
1521 1014 1597 1044 Vnt.
1610 1015 1704 1045 Rom.
1721 1018 1774 1048 10.

1094 1063 1132 1093 In
1148 1062 1288 1094 libertum
1305 1064 1363 1093 Cn.
1381 1063 1521 1102 Pompeii
1535 1063 1648 1102 Magni
1664 1063 1775 1094 honore

1092 1113 1274 1151 superbum5
1297 1113 1377 1143 Vat.
1398 1113 1509 1143 Palat.
1532 1114 1562 1143 l.
1577 1112 1631 1143 Aa
1645 1112 1776 1143 Sextum

1094 1163 1222 1194 Menum
1251 1163 1450 1199 libertinum,·
1481 1162 1558 1193 Vat.
1575 1162 1670 1193 Rom.
1685 1164 1718 1193 5.
1735 1162 1776 1193 In

1094 1212 1225 1242 Sextum
1239 1212 1411 1251 Pompeium
1422 1211 1497 1242 Sex.
1511 1210 1653 1242 libertum
1663 1220 1676 1246 ,·
1697 1211 1775 1242 Vat.

1093 1260 1204 1290 Palat.
1225 1261 1256 1290 2.
1279 1261 1330 1290 Ad
1347 1259 1544 1299 Pompeium3
1567 1259 1647 1290 vm.
1663 1259 1774 1290 Palat.

1092 1313 1124 1339 5.
1148 1308 1187 1338 In
1198 1309 1356 1339 Mecenum
1365 1307 1604 1348 SextiPompeii
1612 1307 1752 1339 libertum
1763 1318 1774 1343 ,⁸

1091 1357 1170 1387 Vat.
1185 1359 1216 1387 2.
1240 1357 1279 1386 In
1295 1357 1420 1387 Menam
1434 1357 1526 1388 Sexti
1537 1357 1674 1396 Pompeii
1685 1357 1776 1387 liber-

1094 1409 1179 1441 ωιτη
1201 1405 1280 1436 Vat.
1294 1406 1387 1436 Rom.
1401 1408 1432 1436 3.
1447 1405 1499 1436 Ad
1511 1405 1641 1436 Sextum
1650 1405 1774 1436 Menum

1088 1455 1266 1491 libertinum
1284 1454 1412 1485 Vedium
1430 1454 1546 1491 Rufum
1570 1463 1609 1484 ea:
1627 1453 1774 1485 servitute

1087 1503 1220 1532 miratur
1233 1511 1393 1541 usurpasse
1409 1505 1575 1541 equestrem
1588 1502 1774 1540 dignitatem

1088 1560 1179 1591 usque
1204 1551 1243 1581 ud
1269 1551 1468 1581 Tribunatum
1489 1550 1642 1586 militum‚·
1664 1555 1701 1582 et
1725 1551 1775 1581 ita

1090 1599 1195 1630 codex
1211 1609 1266 1639 ap.
1289 1599 1499 1630 Oberlinunr.
1516 1599 1660 1630 Chisian.
1677 1602 1705 1630 l.
1721 1600 1774 1630 Aa

1090 1649 1220 1679 Sextum
1245 1649 1371 1679 Menam
1395 1649 1592 1685 libertinum;
1622 1649 1775 1689 Angelic.

1091 1700 1104 1727 l
1113 1718 1121 1727 .
1134 1707 1187 1737 ap.
1200 1698 1315 1735 Feam,
1327 1696 1379 1727 Aa
1393 1697 1522 1728 Sextum
1543 1698 1668 1728 Menam
1683 1698 1774 1729 liber-

1091 1745 1188 1775 tinum
1206 1748 1380 1784 equestrem.
1406 1745 1483 1784 Fea,
1498 1745 1659 1782 Bothe‚et
1667 1745 1774 1777 Jaeck

1091 1793 1242 1832 edidere,
1266 1794 1304 1824 In
1327 1793 1456 1824 Cneium
1478 1793 1656 1832 Pompeium
1698 1795 1775 1825 Cnei

1090 1842 1230 1873 libertum
1243 1843 1392 1882 lisoium]

1135 1894 1152 1922 1
1177 1891 1311 1931 Sortito]
1349 1891 1380 1922 N
1385 1895 1491 1922 atnrae
1522 1891 1627 1922 veluti
1652 1896 1776 1923 sortem

1092 1940 1256 1980 quandam
1273 1940 1434 1980 appellat,
1449 1940 1545 1979 cujus
1570 1940 1658 1971 nulla
1681 1940 1776 1971 nobis

1091 1989 1176 2019 ratio
1186 1993 1328 2020 constet.
1344 1989 1421 2020 Vid.
1431 1989 1613 2020 Phua-74.
1628 1989 1774 2021 Turneb.

1093 2045 1170 2067 xlv.
1185 2040 1215 2068 9.
1239 2037 1357 2068 Sortito
1369 2037 1497 2078 obtigit]
1518 2038 1736 2068 Naturaliter.

1135 2088 1155 2115 2
1181 2085 1290 2115 Tecum
1314 2085 1404 2124 mihi]
1427 2086 1538 2116 Tanta
1558 2085 1638 2115 mihi
1662 2089 1774 2116 tecum

1093 2132 1264 2163 discordia.
1278 2137 1340 2163 est.

1133 2184 1152 2211 3
1170 2180 1311 2220 [hericis]
1338 2180 1429 2211 Libri
1444 2180 1562 2221 optimi
1574 2180 1772 2212 vocabulum

1090 2229 1154 2260 hoc
1169 2228 1239 2259 fere
1259 2228 1420 2268 aspirant.
1455 2228 1496 2259 Iu
1512 2238 1578 2259 uno
1598 2229 1699 2260 etiam
1716 2230 1774 2260 ad-

1093 2278 1267 2318 scriptum,
1286 2277 1339 2307 ‘id
1365 2282 1426 2317 est,
1447 2277 1610 2317 sparteis:
1650 2279 1774 2318 Sparto

1092 2327 1179 2358 enim
1202 2326 1350 2357 abundat
1372 2326 1550 2366 Hispania,
1569 2327 1656 2358 unde
1678 2327 1774 2359 funes

1093 2375 1324 2408 conficiuntur.
1347 2375 1436 2406 Plin.
1454 2384 1530 2407 xix.
1547 2379 1578 2408 2.
1601 2377 1776 2417 Hispaniae

1093 2424 1328 2464 Carthaginem
1352 2423 1394 2454 ad
1424 2424 1560 2455 alterius
1590 2424 1775 2457 differenti-

1092 2483 1144 2504 am
1166 2474 1175 2491 ‘
1187 2474 1391 2514 Spartariam
1404 2472 1413 2486 '
1430 2475 1588 2514 appellat,
1611 2476 1654 2506 ob
1668 2476 1776 2515 sparti

1092 2522 1338 2554 abundantiam.
1357 2523 1445 2553 Torr.
1467 2523 1544 2555 Vid.
1559 2524 1661 2555 Turn.
1677 2533 1728 2556 ιν.
1743 2527 1775 2555 9.

1094 2571 1223 2602 Ιὺενίεἰε
1231 2575 1351 2611 peruste
1354 2571 1485 2609 funibus
1493 2572 1586 2612 latus]
1610 2573 1674 2605 Qui
1688 2573 1775 2604 latus

1091 2622 1190 2652 habes
1206 2625 1388 2662 perustum,
1404 2626 1440 2652 et
1457 2621 1552 2652 valde
1567 2621 1770 2663 flagellatum

1091 2669 1225 2702 funibus
1240 2670 1442 2711 Hispanicis.
1487 2671 1625 2712 Species
1640 2681 1700 2712 pro
1711 2679 1767 2710 ge·

1093 2730 1187 2752 nere.

1134 2773 1154 2801 4
1180 2771 1222 2801 Et
1243 2769 1346 2810 crura]
1378 2769 1482 2810 Cujus
1508 2778 1607 2802 crura
1635 2772 1771 2807 perusta
