1916 3262
336 288 446 330 1450

334 388 460 428 dicunt,
476 391 512 420 et
533 388 543 407 ‘
556 397 630 419 cum
645 388 735 419 lacte
758 389 919 421 nutricis!
944 391 1018 421 Tor-

334 440 414 468 rent.
456 436 506 467 De
527 440 627 467 tenero
642 436 821 477 meditatur]
845 437 876 468 A
891 439 1018 469 teneris

335 486 428 517 annis
452 485 550 517 discit
574 491 609 517 et
632 491 770 518 exercet
787 497 914 519 amores
928 487 1018 528 flagi-

337 534 448 566 tiosos.

376 586 416 615 25
440 584 519 614 Mox
531 583 686 624 juniores]
709 585 793 616 Post
811 585 946 625 nuptias
965 594 1018 616 ce-

333 632 482 663 lebratas
505 633 625 672 quaerit
647 637 811 664 amatores
826 633 944 665 marito
959 642 1019 664 suo

330 681 494 720 juniores,
507 681 540 711 id
554 685 617 720 est,
632 681 847 713 robustiores.

377 726 419 760 26
442 729 530 760 Inter
552 730 658 761 mariti
678 730 766 771 vina]
786 731 898 762 Talem
922 731 1020 761 mari-

337 781 405 808 tum
433 778 528 817 dicit,
557 779 691 819 qualem
716 779 872 811 Juvenal.
899 779 968 810 Sat.
996 787 1020 809 1.

335 826 404 866 qui,
426 826 435 843 ‘
449 827 579 857 Doctus
596 831 754 866 spectare
770 828 919 865 lacunar,
932 828 1022 858 Doc-

337 878 391 905 tus
417 879 451 905 et
472 875 513 905 ad
540 876 680 906 calicem
705 876 858 916 vigilanti
879 879 1023 906 stertere

338 922 445 953 naso.’
486 923 594 956 Quem
611 923 701 954 vide.
745 924 834 954 Inter
852 924 958 953 mariti
975 920 1022 953 υἱ·

337 973 393 1012 na]
426 973 520 1003 Inter
549 973 663 1013 epulas
691 974 867 1012 nuptiales,
917 974 1025 1013 Neque

336 1020 441 1060 eligit]
465 1021 600 1051 Nullum
617 1021 754 1052 adhibet
769 1021 948 1053 delectum.

379 1070 420 1098 27
445 1068 639 1107 [inpermissa
653 1069 786 1108 gaudia]
810 1069 963 1100 Muretus
979 1069 1024 1100 le-

339 1115 484 1155 gendum
506 1114 650 1146 affirmat
667 1117 844 1156 improvisa.
867 1121 903 1148 et
929 1118 1025 1148 Lam-

338 1163 407 1194 bin.
437 1171 499 1203 pro
527 1164 654 1201 gaudia,
686 1165 799 1196 Oscula
825 1166 860 1196 in
897 1165 1026 1197 duobus

340 1210 449 1244 Codd.
466 1220 502 1242 se
518 1213 683 1252 reperisse
702 1212 798 1245 dicit.
834 1214 936 1245 Certe
952 1214 1026 1254 plus

339 1270 436 1301 quam
454 1261 566 1291 Oscula
581 1260 664 1292 dicit
679 1261 800 1298 Poeta,
816 1271 886 1293 rem
902 1262 1026 1293 foedam

339 1309 480 1340 honesto
518 1310 682 1341 vocabulo
721 1315 850 1350 tegens.
889 1311 1028 1342 Tor-rent.

342 1358 537 1396 Impermz'ssa
550 1359 674 1398 raptim,
686 1358 753 1398 lira]
766 1359 906 1390 Illicitas
919 1359 1029 1399 stupri

342 1405 546 1444 voluptates.

383 1455 427 1484 28
450 1453 631 1485 Luminibus
644 1455 782 1494 remotis]
799 1456 961 1487 Lucernis
977 1465 1028 1487 re·

342 1502 453 1542 motis,
480 1512 521 1534 ne
549 1504 616 1534 sint
645 1508 748 1535 testes
774 1506 911 1544 pollutae
936 1514 1028 1537 vere-

344 1551 488 1582 cundiae.

386 1604 429 1632 29
444 1602 506 1633 Sed
513 1601 605 1639 ,iussu
618 1603 735 1643 coram]
747 1603 828 1643 Sed,
842 1605 935 1636 velut
950 1605 1032 1645 pub-

342 1649 409 1680 lica
423 1650 586 1680 meretrix
603 1650 644 1680 ab
661 1651 815 1682 adultero
829 1654 1001 1692 arcessita,
1012 1663 1031 1684 e

345 1697 434 1727 lecto
453 1697 572 1736 surgit,
597 1698 733 1730 vidente
749 1703 784 1729 et
799 1701 1033 1732 consentiente

345 1745 476 1785 marito,
507 1745 564 1786 qui
594 1751 750 1788 tanquam
782 1749 860 1779 leno
889 1750 1033 1789 pretium

345 1794 541 1825 concubitus
556 1795 690 1835 accipit.

388 1845 429 1872 30
445 1842 594 1882 Institor]
614 1844 811 1885 Quanquam
827 1854 947 1877 nornen
962 1847 972 1864 ‘
986 1847 1034 1877 in-

346 1891 490 1923 stitoris'
506 1893 664 1932 generale
688 1893 746 1931 sit,
769 1903 829 1933 pro
844 1903 884 1925 eo
901 1894 958 1935 qui
985 1899 1032 1926 ta·

347 1941 474 1979 bernae,
498 1942 551 1971 vel
577 1941 632 1972 alii
652 1941 791 1973 cuilibet
817 1943 1035 1982 negotiationi

349 1989 570 2030 praeponitur,
598 1989 686 2030 quod
716 1995 751 2020 et
779 1991 919 2021 nominis
947 1992 1035 2022 ratio

348 2037 575 2068 demonstrat:
595 2046 636 2068 ex
654 2047 694 2068 eo
709 2038 796 2068 enim
809 2038 933 2069 dicitur
945 2039 1034 2079 quod

348 2087 485 2124 negotio
510 2085 656 2124 gerendo
679 2085 795 2124 instet,
814 2091 850 2116 ut
872 2087 1034 2126 Ulpianus

347 2134 415 2164 ait:
439 2134 527 2164 navis
556 2138 665 2163 tamen
694 2133 822 2163 institor
847 2142 912 2164 non
941 2139 1035 2165 recte

349 2182 494 2213 dicitur:
512 2181 625 2212 Graeci
637 2180 803 2212 ἐπιστάτας
814 2185 947 2213 vocant.
963 2182 1035 2212 Tor-

349 2234 432 2262 rent-
474 2229 621 2269 Institor]
645 2229 855 2269 Negotiator.

391 2282 431 2310 31
455 2279 557 2309 Navis
573 2277 723 2317 Hispanoe
735 2276 898 2317 magiam]
914 2277 1037 2308 Paulus

350 2328 473 2360 Jurisc.
489 2327 549 2358 lib.
566 2335 654 2358 ινιι.
670 2326 714 2357 de
726 2325 831 2356 Verb.
847 2326 939 2366 Siga.
956 2326 1037 2357 scri-

351 2377 402 2407 bit
423 2378 432 2393 ‘
449 2374 650 2416 Magistros'
674 2374 752 2413 dici,
778 2375 897 2414 quibus
919 2375 1037 2415 praeci·

354 2418 419 2465 pua
433 2434 513 2456 cura
527 2433 633 2454 rerum
649 2423 822 2461 incumbit,
837 2427 872 2454 et
891 2424 948 2464 qui
971 2433 1038 2455 ma·

354 2473 403 2512 gis
419 2481 516 2513 quam
539 2471 655 2502 caeteri
674 2471 880 2511 diligentiam
901 2475 937 2502 et
951 2473 1039 2503 solli-

353 2520 536 2552 citudinem
554 2519 663 2558 rebus,
674 2520 793 2560 quibus
810 2525 969 2559 praesunt,
982 2520 1040 2551 de·

354 2570 446 2601 bent.
480 2570 570 2600 Hinc
585 2569 728 2600 omnium
742 2567 812 2599 fere
827 2578 935 2600 rerum
949 2570 959 2587 ‘
973 2579 1041 2600 ma·

355 2618 467 2658 gistri’
483 2618 579 2649 dicti.
623 2617 634 2634 ‘
646 2616 829 2656 Magister’
853 2626 932 2657 ergo
955 2617 966 2634 ‘
982 2626 1041 2648 na-

356 2667 405 2696 vis
414 2666 423 2679 ’
434 2672 496 2705 est,
505 2667 558 2698 cui
572 2665 674 2698 totius
687 2666 780 2697 navis
793 2675 874 2698 cura
885 2665 1042 2698 mandata

357 2721 420 2748 est.
443 2717 581 2748 Torreat.
625 2717 796 2757 Magister]
821 2717 1019 2748 Nauclerus.

399 2767 440 2798 32
462 2765 663 2806 Dedecorum]
687 2766 696 2783 ‘
715 2765 910 2798 Dedecora’
934 2775 974 2798 ea
990 2775 1039 2797 ra-

786 300 925 330 No'rAE
958 299 1216 332 VARlORUM
1250 300 1301 332 ΙΝ

1067 390 1157 422 tione
1181 390 1278 428 dixit,
1299 400 1365 432 qna
1382 393 1392 410 ‘
1405 391 1579 432 probrum'
1592 391 1747 427 dicebant

1067 443 1207 478 veteres,
1219 449 1280 480 pro
1291 443 1406 479 stupro
1421 445 1455 470 et
1469 439 1607 480 flagitio,
1621 445 1660 472 ut
1672 441 1749 472 Fes-

1067 491 1119 518 tus
1141 487 1199 519 ait.
1242 487 1339 519 Unde
1363 487 1373 504 ‘
1389 487 1534 519 foeminae
1563 487 1752 528 probrosae,’

1067 534 1196 566 eaedem
1224 545 1297 576 quae
1327 539 1363 566 et
1398 539 1407 553 ‘
1424 535 1584 572 famosae.’
1610 536 1653 568 ob
1681 541 1752 568 sm-

1069 592 1177 622 prum.
1217 583 1375 615 Pretiosus
1388 586 1518 625 emptor]
1530 585 1639 615 Vocat
1653 587 1664 603 ⁴
1676 593 1751 625 pre·

1069 632 1190 663 tiosum
1204 632 1409 672 emptorem'
1432 633 1487 673 qui
1505 637 1656 673 stuprum
1673 642 1751 673 quo-

1070 681 1118 711 vis
1140 681 1248 720 pretio
1270 681 1440 712 sollicitet.
1466 682 1606 712 Torreat.
1649 681 1751 713 Dede-

1068 738 1171 759 corum
1196 730 1345 768 pretiosus
1373 729 1503 769 emptor]
1534 729 1752 770 Flagitiorum

1069 781 1200 816 emptor
1212 777 1367 810 liberalis.

1112 827 1153 856 33
1177 825 1251 856 Non
1263 825 1311 856 hia
1323 825 1486 865 juventus]
1509 826 1586 857 Non
1598 829 1666 856 tam
1679 825 1754 856 libi-

1072 872 1194 904 dinosis
1215 874 1410 913 parentibus
1433 873 1502 904 nati
1522 877 1600 905 sunt
1623 873 1671 903 illi
1686 873 1754 904 Ro·

1071 921 1173 962 mani,
1187 922 1244 962 qui
1258 922 1368 952 navali
1382 922 1470 952 bello
1483 921 1606 953 Poenos
1621 929 1757 962 supera-

1073 974 1164 1001 runt.
1208 969 1296 1000 Vide
1315 979 1354 1002 11.
1369 970 1436 1002 Od.
1455 973 1505 1002 12.

1116 1023 1155 1051 35
1172 1018 1402 1060 Pyrrhumque]
1418 1019 1627 1059 Epirotarum
1643 1028 1754 1059 regem

1075 1078 1093 1100 a
1110 1068 1211 1100 Curio
1228 1067 1447 1109 Fabricioque
1469 1068 1503 1099 iu
1520 1068 1668 1099 Lucania
1689 1067 1757 1099 vic·

1075 1121 1157 1149 tum.

1117 1168 1159 1196 36
1180 1164 1381 1204 Antiochum]
1401 1164 1508 1205 Syriae
1523 1164 1650 1204 Regem
1667 1172 1687 1194 a
1707 1162 1759 1194 Μ.

1076 1213 1188 1245 Acilio
1203 1217 1410 1254 superatum.
1447 1212 1627 1244 Annibalem
1643 1211 1761 1251 dirum]

1077 1262 1231 1294 Quatuor
1258 1261 1392 1293 codices
1422 1261 1545 1292 habent
1573 1262 1696 1301 dur-mn,
1725 1265 1762 1291 et

1077 1309 1213 1351 quidem
1229 1309 1294 1340 duo
1313 1319 1356 1340 ex
1376 1309 1428 1341 liis
1447 1310 1544 1350 longe
1565 1309 1695 1350 optimi.
1712 1309 1759 1339 di-

1076 1369 1144 1389 rum
1173 1362 1283 1388 tamen
1315 1357 1468 1389 defendit
1496 1358 1574 1389 Pet.
1589 1357 1761 1389 Victorius

1077 1407 1159 1438 Var.
1171 1407 1267 1437 Lect.
1285 1414 1326 1438 n.
1337 1408 1390 1436 24.
1423 1406 1632 1445 [Antilochum
1646 1406 1690 1437 A.
1704 1407 1761 1436 du-

1076 1465 1144 1486 rum
1157 1455 1382 1487 Schoenborn.
1399 1455 1446 1495 2.]

1120 1507 1160 1535 37
1184 1505 1383 1536 Raeticarum
1407 1505 1551 1543 πται-κὶα,
1575 1503 1644 1544 εμπ]
1668 1503 1763 1534 Inter

1078 1553 1128 1584 M.
1144 1553 1282 1584 Catonis
1300 1552 1343 1584 de
1360 1553 1408 1584 Re
1429 1552 1527 1583 Rust.
1543 1552 1688 1591 oracula,
1699 1552 1763 1583 hoc

1079 1602 1184 1642 primo
1202 1602 1276 1633 loco
1294 1601 1388 1642 ponit
1403 1601 1492 1632 Plin.
1507 1609 1613 1632 xvm.
1626 1604 1658 1631 5.
1674 1599 1763 1642 quod

1079 1649 1250 1682 fortissimi
1277 1651 1478 1690 minimeque
1503 1650 1591 1680 male
1617 1649 1765 1690 cogitan-

1081 1703 1146 1736 tes,
1161 1709 1201 1729 ex
1219 1699 1372 1739 agricolis
1393 1699 1586 1738 gignuntur.
1626 1697 1766 1729 Patiens

1082 1748 1168 1778 enim
1184 1747 1251 1778 illic
1262 1756 1412 1786 opernm,
1428 1749 1437 1764 ⁸
1454 1756 1620 1787 parvoque
1632 1751 1766 1778 assueta

1075 1794 1262 1836 juventus‚'
1289 1798 1326 1825 ut
1351 1794 1470 1834 Virgil.
1494 1798 1608 1825 noster
1632 1794 1766 1826 cecinit.

1086 1846 1228 1876 Torrent-
1265 1845 1407 1876 Mascula
1419 1845 1568 1886 militum]
1583 1844 1703 1876 Proles
1719 1844 1767 1875 vi-

1084 1894 1165 1932 rilis,
1181 1903 1248 1925 non
1264 1892 1474 1924 effoeminata.

1125 1947 1167 1975 38
1182 1944 1311 1974 Sabellis
1323 1945 1412 1974 docta
1426 1941 1595 1982 ligonibus]
1615 1942 1767 1974 Sabinis:

1085 2003 1145 2033 pro
1161 1993 1332 2033 quibusvis
1348 1991 1524 2031 ligonibus,
1538 1995 1574 2022 et
1587 1990 1767 2022 ferramen-

1083 2042 1126 2072 tis
1142 2041 1287 2072 rusticis.

1125 2091 1167 2119 39
1195 2089 1325 2119 Versat-e
1337 2088 1458 2127 glebae]
1482 2087 1603 2118 Arare.

1125 2139 1164 2167 41
1189 2137 1322 2166 Portare
1335 2135 1452 2174 fustes]
1477 2135 1619 2166 Portare
1640 2134 1768 2174 lignum

1084 2185 1217 2216 domum
1238 2189 1315 2224 post
1335 2184 1483 2214 laborem
1505 2183 1636 2214 finitum
1657 2182 1700 2214 ad
1719 2183 1768 2223 ig-

1084 2243 1160 2265 nem
1189 2233 1357 2271 alendum,
1379 2233 1406 2263 si
1427 2235 1549 2263 matres
1570 2241 1695 2263 severe
1719 2231 1768 2263 sic

1078 2282 1249 2322 juberent.
1293 2282 1347 2313 Sol
1371 2281 1422 2312 ubi
1445 2279 1608 2320 montium]
1630 2279 1770 2311 Rustica

1086 2331 1234 2371 quidem,
1250 2330 1309 2361 sed
1325 2334 1465 2360 venusta
1480 2333 1516 2360 et
1529 2329 1606 2359 liuic
1621 2330 1695 2360 loco
1711 2338 1768 2369 ap·

1087 2385 1124 2410 ta
1139 2379 1338 2419 vespertinas
1354 2378 1445 2408 horaz·
1461 2377 1655 2417 descriptio,
1666 2377 1771 2418 qualis

1088 2427 1142 2458 illa
1150 2427 1245 2466 Virg.
1255 2426 1327 2457 Ecl.
1342 2434 1379 2457 ιι.
1394 2426 1404 2443 ‘
1415 2425 1554 2465 Aspice,
1568 2429 1678 2456 aratra
1687 2425 1771 2467 Jngo

1088 2475 1239 2507 referunt
1265 2484 1423 2514 suspensa
1456 2474 1606 2514 juvenci,
1641 2474 1686 2505 Et
1713 2473 1772 2505 Sol

1088 2527 1277 2555 crescentes
1315 2522 1491 2553 discedens
1525 2521 1676 2562 duplicat
1703 2530 1773 2551 um-

1088 2571 1187 2603 bras-⁹
1221 2571 1278 2602 Sol
1294 2570 1381 2602 enim
1397 2569 1585 2609 discedens,
1600 2570 1649 2600 uti
1665 2574 1700 2601 et
1713 2568 1771 2600 ad-

1089 2621 1236 2659 veniens,
1250 2629 1314 2660 quo
1335 2619 1439 2658 magis
1462 2628 1504 2649 ex
1520 2622 1710 2650 transverso
1721 2617 1771 2648 fe-

1092 2670 1147 2708 rit,
1174 2678 1215 2700 eo
1254 2667 1382 2708 longius
1408 2667 1495 2707 jacit
1521 2666 1666 2706 umbras,
1690 2673 1769 2706 quas

1091 2718 1100 2735 ‘
1118 2715 1301 2757 duplicari'
1321 2716 1371 2746 ait
1385 2716 1480 2756 virg.
1504 2715 1514 2732 ‘
1530 2713 1670 2746 mutari'
1690 2719 1768 2742 vero

1092 2766 1211 2798 Horat.
1248 2764 1326 2805 quia
1362 2766 1503 2804 repente
1535 2759 1773 2794 extenduntur.
