1916 3262
348 280 457 322 1368

343 382 444 414 incoli
467 383 662 424 credebant,
686 389 722 416 ut
749 387 933 418 convallem
958 397 1027 418 suae

343 431 432 462 villas
453 432 637 464 Horatius:
661 435 719 465 sed
742 440 778 467 el,
793 445 851 467 eos
874 437 971 467 modo
989 437 1029 467 ti·

344 480 410 520 bia,
434 480 532 512 modo
558 482 667 514 fistula
687 493 808 515 canere
834 485 1028 518 credebant.

347 529 479 560 Turneb-
509 540 588 562 vul.
620 535 670 563 15.
739 535 898 574 Utcunque
930 535 1027 574 dulci]

345 579 542 622 Ubicunque
565 592 584 613 o
605 583 752 623 Tyndari
778 585 851 615 istae
870 584 969 614 valles
992 588 1028 613 et

341 629 431 660 levia
446 639 526 661 saxa
539 632 660 662 montis
675 633 803 663 Usticae
825 641 1027 672 personuere

342 678 433 708 dulci
462 678 574 710 fistula
600 681 704 711 Fauni
737 682 789 712 vel
818 681 943 722 Panos,
971 681 1027 721 qui

342 727 556 767 propulsator
579 733 630 760 est
655 730 884 771 cujuscunque
909 730 985 760 mali
1009 740 1027 760 a

343 781 456 807 monte
474 777 646 809 Lucretili.

358 849 366 858 .
387 828 424 856 ll
453 826 568 857 Usticae
601 827 755 868 cubantis]
789 829 908 860 Ustica
933 837 1026 858 mons

342 877 397 904 est
425 874 458 904 in
482 875 612 907 Sabinis
636 877 758 908 leviter
785 878 959 909 declinans
989 886 1027 907 ac

343 922 533 963 depressus,
561 925 667 956 instar
695 926 834 957 bominis
863 927 1027 958 cubantis.

342 970 398 1001 Sic
412 975 421 988 ¹
435 972 586 1011 supinum
601 974 714 1013 Tybur
727 974 736 987 ’
750 974 846 1005 dixit.

385 1021 425 1050 12
447 1019 558 1060 Levia]
581 1022 669 1052 Saxa
690 1023 850 1062 levigata,
867 1024 918 1054 vel
933 1025 1028 1055 attri-

343 1073 388 1100 ta.
432 1069 620 1102 Per-sonuere
653 1073 746 1112 saxa]
778 1072 897 1104 Sonitu
935 1073 1029 1105 fuere

342 1118 519 1156 completa.

385 1168 424 1196 13
447 1167 494 1197 Di
518 1177 564 1198 me
585 1171 723 1208 tuentur,
746 1170 814 1210 ξω]
835 1169 1027 1210 Aterion-yla,

343 1224 402 1244 cur
425 1216 512 1256 apud
539 1217 742 1249 Lucretilem
768 1220 799 1249 ei
825 1219 891 1250 sint
916 1220 1029 1250 omnia

342 1269 428 1298 tnta,
444 1265 485 1295 ab
501 1266 707 1307 innocentia,
723 1269 941 1310 Deorumque
957 1269 1025 1301 cul-

342 1320 391 1352 ιιι,
408 1319 444 1344 et
459 1315 629 1346 Musarum
647 1316 768 1348 studio.
786 1318 881 1357 Cruq.

386 1365 424 1393 14
447 1364 543 1395 Musa
565 1365 650 1395 cordi
667 1366 728 1404 est]
751 1366 893 1396 Carmen
918 1376 1027 1397 meum

341 1411 456 1451 placet
471 1413 556 1445 Diis.
600 1414 688 1445 Him-
701 1414 759 1445 tibi
776 1415 875 1456 copia]
898 1416 948 1446 Ex
965 1415 1027 1446 hoc

341 1469 415 1491 meo
442 1470 536 1501 agro,
565 1463 723 1502 opulenta
753 1465 838 1494 ruris
868 1464 1027 1495 honorum

341 1510 449 1550 copia,
480 1510 513 1541 id
542 1517 608 1549 est,
636 1511 772 1552 frugum
803 1517 904 1544 terrae
932 1514 1028 1553 copia

341 1560 489 1591 manabit
504 1560 564 1591 tibi
582 1562 623 1592 ad
639 1562 785 1602 plenum.
831 1563 928 1594 Ruris
939 1564 1029 1594 hono-

339 1619 401 1648 res,
418 1613 495 1640 sunt
511 1610 579 1640 ruri
592 1612 779 1642 nascentia.

383 1660 422 1687 15
445 1657 606 1697 Benigno]
629 1658 773 1690 Liberali
796 1664 830 1690 et
845 1660 937 1700 largo
957 1670 1028 1691 cor-

341 1714 398 1735 nu.
442 1705 574 1736 Alludit
597 1706 638 1736 ad
658 1707 770 1737 Cornu
797 1709 919 1747 copiae,
939 1709 1028 1748 quod

340 1753 508 1784 Hercules
538 1764 612 1784 curn
641 1754 791 1786 Acheloo
820 1756 853 1786 in
881 1757 1027 1796 speciem

340 1802 427 1831 tauri
444 1807 573 1833 mutato
586 1812 795 1842 congressuS,
810 1805 841 1834 ei
856 1804 1026 1836 detraxit:

339 1860 403 1890 quo
419 1850 627 1890 significatur
641 1852 786 1883 omnium
803 1862 912 1884 rerum
931 1853 1028 1885 uber-

340 1903 393 1929 tas
406 1904 442 1930 et
457 1900 567 1940 copia.

383 1951 421 1978 17
444 1949 624 1980 Intreducta
644 1949 738 1989 valle]
761 1950 802 1980 In
820 1950 904 1980 valle
919 1960 1028 1982 secre-

340 2001 386 2031 ta,
409 2006 483 2037 quae
507 1995 673 2028 flexuosos
697 1997 799 2027 habet
825 2007 988 2034 recessus,
1009 2009 1029 2029 a

339 2045 448 2075 ventis
475 2049 561 2075 tuta.
610 2043 780 2083 Caniealoe]
804 2046 856 2075 Ex
869 2045 1028 2077 Canicula

339 2091 411 2122 dies
427 2092 633 2122 caniculares
649 2102 768 2123 nomen
782 2098 929 2124 sumunt.

382 2142 422 2170 18
446 2140 534 2179 Teia]
562 2140 772 2171 Carminibus
795 2141 936 2180 Lyricis,
953 2151 1026 2182 quae

338 2197 416 2222 sunt
441 2191 535 2231 paria
563 2195 597 2222 et
623 2191 742 2222 similia
764 2190 915 2221 versibus
938 2191 1027 2223 Ana-

339 2240 501 2281 creontis,
535 2239 630 2279 cujus
667 2239 779 2280 patria
807 2239 871 2270 fuit
908 2241 1026 2271 civitas

337 2289 430 2320 Teia.

382 2339 422 2368 19
444 2337 539 2368 Dices
552 2336 740 2376 laborantes]
763 2337 922 2368 cantabis
939 2347 1027 2370 ama-

338 2387 435 2417 toria.
478 2386 666 2417 Laborantes
685 2386 718 2416 in
739 2386 814 2426 uno]
837 2386 920 2417 Tale
945 2387 1026 2418 illud

340 2435 408 2465 Od.
425 2437 479 2466 28.
504 2435 601 2475 hujus
625 2435 682 2465 lib.
704 2436 714 2452 ‘
735 2436 872 2468 Quanta
897 2435 1026 2467 laboras

339 2485 371 2514 in
396 2483 590 2525 Charybdi!
635 2485 681 2515 Et
703 2483 845 2515 fortasse
869 2493 909 2515 eo
930 2494 1026 2525 argu-

339 2537 454 2564 mento
489 2532 624 2573 scripsit
666 2533 792 2573 aliquid
835 2533 1026 2566 Anacreon.

340 2583 428 2613 Nam
444 2581 630 2622 odysseam
648 2581 787 2613 Homeri
802 2581 1027 2613 Anacreontis

340 2633 438 2671 Lyrae
467 2633 622 2664 accinere
648 2633 825 2663 ridiculum
849 2633 904 2664 sit.
951 2634 1026 2664 Tor-

339 2684 420 2710 rent.
464 2682 504 2711 In
530 2681 607 2721 uno]
628 2683 759 2722 Ulyssis
784 2691 912 2713 amore:
936 2687 1026 2713 utra-

339 2737 405 2767 que
425 2729 510 2758 enim
535 2731 690 2770 Ulyssem
712 2730 870 2762 ardenter
891 2732 1027 2768 amavit,

341 2784 478 2817 quarum
502 2777 608 2809 altera
629 2778 694 2811 fuit
719 2779 850 2820 Ulyssis
871 2789 967 2822 uxor,
982 2781 1027 2813 al-

805 294 940 324 No'rAE
973 295 1230 327 VAR10RUM
1265 297 1316 327 IN

1079 393 1150 419 tera
1174 389 1348 420 mulierum
1366 388 1587 421 veneficarum
1604 391 1764 423 crudelis-

1078 444 1173 467 sinna.

1118 488 1159 515 20
1186 486 1322 518 Vitream
1337 487 1462 527 Circen]
1486 486 1542 518 Sic
1555 496 1574 518 a
1589 487 1701 518 colore
1715 489 1765 518 vi*-

1077 538 1174 564 iream
1189 534 1254 566 dici
1270 536 1483 575 crediderim,
1494 536 1611 567 eadem
1623 537 1767 576 ratione,

1075 592 1139 623 qua
1174 590 1314 616 caeteros
1338 595 1469 626 quoque
1500 587 1590 616 Deos
1614 586 1760 619 marinos

1077 631 1129 661 vel
1159 636 1167 648 ¹
1185 633 1343 664 caerulos'
1373 635 1423 664 vel
1450 635 1459 651 ‘
1480 635 1617 674 glaucos
1631 636 1640 650 '
1661 643 1761 666 voca·

1075 689 1161 719 mus,
1194 686 1230 711 et
1258 686 1266 700 ‘
1284 683 1406 714 virides
1432 683 1614 718 Nereidum
1637 693 1765 714 comas·

1075 738 1132 761 111.
1147 730 1213 761 Od.
1227 734 1281 762 28.
1315 733 1446 764 Turneb.
1462 741 1542 764 vni.
1559 736 1614 765 15.
1660 733 1767 764 Vitre-

1075 788 1182 819 amque
1213 781 1338 821 Circen]
1383 782 1503 813 Circen
1533 782 1704 822 pulchram
1730 785 1766 813 et

1077 829 1279 867 pellucidam
1295 830 1400 862 instar
1416 831 1507 863 vitri.

1117 879 1156 907 21
1181 877 1355 909 Innocentis
1376 879 1495 918 Lesbii]
1518 879 1666 920 optimae
1693 879 1767 920 qui-

1077 925 1152 955 dem
1181 931 1267 957 notae
1298 928 1410 958 vinum
1446 928 1639 967 pollicetur,
1664 928 1764 968 quale

1077 975 1242 1010 Lesbium,
1255 976 1306 1006 cui
1323 981 1400 1016 post
1417 977 1533 1007 Chium
1556 985 1687 1007 summa
1699 976 1768 1015 glo-

1077 1024 1148 1062 riag
1178 1024 1237 1054 sed
1267 1025 1356 1065 quod
1384 1029 1571 1065 temperate
1600 1030 1765 1064 sumatur,

1077 1081 1119 1103 ne
1142 1073 1295 1105 Bacchus
1323 1075 1470 1106 Martem
1496 1078 1668 1114 provocet.
1691 1073 1769 1106 Tor·

1076 1125 1156 1154 rent.

1117 1174 1158 1202 22
1181 1172 1284 1203 Duces
1297 1172 1352 1204 sub
1365 1171 1485 1211 umbra]
1509 1171 1643 1203 Alludit
1664 1171 1707 1203 ad
1730 1171 1768 1202 il-

1076 1221 1132 1251 lud
1162 1221 1399 1261 Anacreontis,
1425 1222 1504 1252 πιεῖν
1536 1219 1678 1260 ammi.
1702 1221 1767 1252 hoc

1077 1275 1142 1308 est,
1161 1271 1170 1287 ‘
1186 1280 1250 1301 nno
1275 1271 1396 1310 spiritu
1418 1271 1600 1302 exhaurire
1627 1269 1770 1310 pocula!

1078 1321 1172 1360 Cruq.
1208 1321 1328 1361 Duces]
1353 1321 1422 1352 Hic
1437 1321 1534 1352 bibes
1558 1320 1678 1361 pocula
1699 1319 1766 1350 vini

1077 1369 1187 1399 Lesbii
1203 1370 1402 1408 innocentis,
1417 1370 1449 1400 id
1465 1375 1531 1408 est,
1545 1379 1612 1401 non
1629 1379 1767 1401 oneran-

1076 1416 1119 1447 tis
1148 1421 1250 1456 capnt
1276 1422 1415 1457 propter
1441 1418 1655 1449 tenuitatem.
1700 1418 1767 1448 Nec

1078 1465 1260 1506 Semeleius]
1286 1466 1360 1497 Nec
1377 1476 1396 1496 a
1413 1466 1489 1496 vino
1505 1471 1541 1496 et
1567 1465 1694 1505 poculis
1720 1465 1762 1497 ad

1079 1514 1166 1544 rixas
1193 1519 1228 1545 et
1251 1524 1342 1544 arma
1368 1515 1533 1554 venietur,
1558 1514 1646 1554 quod
1675 1524 1766 1555 saepe

1078 1565 1245 1604 contingit
1275 1565 1363 1595 inter
1386 1564 1535 1596 homines
1564 1563 1701 1596 bibaces
1732 1570 1767 1596 et

1078 1612 1240 1644 ebriosos.

1119 1664 1160 1692 23
1186 1662 1359 1699 Confundet
1385 1661 1557 1702 Thyoneus]
1593 1663 1679 1694 Sunt
1709 1663 1766 1704 qui

1081 1709 1203 1740 Bacchi
1219 1709 1281 1740 hoc
1303 1719 1487 1749 cognomen
1503 1719 1523 1741 a
1536 1711 1674 1751 Thyone
1693 1712 1765 1751 ejus

1078 1762 1199 1795 matre,
1214 1767 1288 1798 qnae
1304 1759 1434 1789 Semele
1446 1768 1579 1800 qnoque
1592 1760 1684 1791 dieta
1693 1759 1768 1791 fue-

1079 1806 1135 1844 rit,
1150 1806 1332 1837 deducant.
1367 1805 1435 1837 Alii
1452 1817 1471 1837 a
1486 1806 1547 1838 Θύω
1559 1807 1598 1838 τὸ
1611 1809 1767 1849 apozima,

1079 1855 1130 1886 vel
1152 1865 1171 1885 a
1192 1854 1251 1885 θύω
1271 1855 1309 1885 τὸ
1324 1856 1423 1896 ὁρμῶε
1452 1855 1548 1898 (θύειν
1563 1858 1651 1890 enim
1674 1859 1765 1899 apud

1079 1904 1215 1934 Graecos
1230 1908 1265 1935 et
1279 1904 1469 1936 sacrificare
1483 1911 1519 1936 et
1534 1915 1693 1947 proruere
1714 1911 1766 1939 at-

1078 1962 1143 1992 que
1165 1953 1292 1993 impetu
1312 1951 1392 1984 ferri
1415 1954 1624 1996 significat:)
1647 1963 1682 1988 et
1711 1957 1768 1988 ho-

1078 2009 1151 2030 rum
1174 2010 1266 2036 sane,
1282 2001 1334 2031 vel
1358 2002 1501 2034 Horatio
1523 2009 1672 2042 anctore,
1690 2015 1767 2044 pro-

1077 2049 1221 2081 babilior
1248 2053 1417 2082 sententia
1452 2053 1515 2083 est'.
1558 2054 1612 2083 Ad
1641 2055 1766 2086 Bacchi

1076 2099 1162 2128 enim
1178 2100 1383 2138 cognominis
1403 2100 1498 2140 hujus
1523 2103 1765 2141 proprietatem

1077 2148 1264 2187 respexisse
1292 2148 1434 2179 Poetam
1470 2149 1637 2182 existimo.
1681 2151 1766 2183 Tur-

1075 2195 1180 2226 nebus
1195 2196 1294 2226 aliter
1317 2195 1408 2226 illum
1433 2196 1541 2227 locum
1563 2197 1765 2237 interpreta-

1077 2249 1131 2274 tur
1143 2252 1210 2274 xn-
1223 2247 1252 2274 8.
1265 2249 1300 2274 et
1311 2253 1372 2275 xv.
1384 2247 1436 2276 22.
1461 2245 1603 2277 Torrent-
1629 2248 1766 2286 Confun-

1075 2291 1141 2331 det]
1154 2292 1388 2324 Commiscebit
1401 2293 1518 2333 praelia
1530 2294 1695 2336 Bacchus,
1705 2297 1765 2328 Se-

1075 2341 1178 2372 meles
1193 2341 1293 2373 tilius.

1117 2392 1158 2420 25
1175 2389 1338 2429 Suspecta]
1355 2389 1428 2421 Nec
1440 2394 1489 2428 tu,
1500 2393 1617 2431 acyro
1632 2402 1766 2434 suspec-

1077 2442 1111 2468 ta
1125 2444 1160 2468 et
1173 2438 1351 2468 observata
1366 2438 1454 2478 quod
1469 2439 1568 2470 alium
1580 2449 1682 2476 ames,
1698 2451 1767 2472 me·

1078 2491 1151 2517 tues
1167 2495 1260 2517 eum:
1284 2486 1349 2517 snit
1366 2487 1473 2526 Cyrus
1491 2487 1624 2519 Horatii
1641 2489 1767 2530 rivalis,

1076 2535 1130 2565 vel
1154 2534 1360 2575 Tyndaridis
1381 2526 1523 2567 maritus
1550 2538 1603 2568 vel
1628 2539 1766 2571 amicus.

1078 2585 1129 2614 Ne
1149 2584 1241 2624 male]
1275 2584 1328 2614 Ne
1353 2585 1518 2616 scelerate
1537 2586 1598 2618 tibi
1619 2587 1767 2620 imbecil-

1076 2632 1150 2663 liori
1167 2632 1358 2672 petulantes
1374 2642 1490 2664 manus
1508 2635 1646 2674 injiciat.

1118 2684 1160 2712 26
1177 2681 1415 2713 Ιηεοηιὶιιοηιεὶε
1423 2682 1548 2721 injiciat
1560 2683 1684 2723 manus]
1691 2685 1764 2715 Ma-

1077 2740 1134 2762 nus
1158 2730 1392 2761 incontinentes
1413 2735 1522 2768 vocat,
1543 2732 1600 2772 qni
1624 2732 1763 2763 inconti-

1076 2785 1211 2813 nentem
1221 2779 1348 2812 habent
1357 2780 1484 2813 herum.
1507 2782 1516 2798 ‘
1531 2781 1668 2812 Manum
1681 2779 1691 2795 '
1705 2790 1764 2813 au-
