1930 3204
646 281 856 312 HORATn
891 281 1035 314 Epon.
1068 282 1134 312 VI.

156 377 306 410 bendum
337 377 547 418 provocavit,
574 375 750 415 praecipue
787 373 856 406 lau-

157 428 295 460 dantur.
337 426 464 458 lambis
479 425 578 457 ambo
603 424 776 462 illustrem
797 424 856 455 sed

157 482 261 510 aetate
276 477 368 518 prior
385 475 603 508 Archilochus
619 473 713 515 puris
726 474 857 506 Trime-

156 529 229 565 tris.
245 528 304 568 qui
330 532 367 560 et
381 525 590 559 Archilochii
605 524 648 556 ab
675 533 716 555 eo
742 525 858 565 appel-

158 579 221 610 lati
245 579 338 611 s'uut.
385 577 569 617 Hipponax
585 578 712 614 autern,
727 575 858 606 Trime-

156 632 248 660 trum
266 627 515 660 Archilochium
538 625 572 656 iu
586 625 787 656 Scazontem
807 625 859 656 in-

161 676 272 716 flexit,
287 682 325 709 nt
339 677 478 709 ultimus
495 685 554 716 pes
569 674 762 715 Spoudaeus
778 675 858 706 feri·

158 733 215 760 ret
230 727 380 768 gravius,
396 735 437 758 ac
460 726 564 757 veluti
580 724 708 756 ferrum
731 726 765 757 in
787 726 859 757 vul-

156 786 240 808 nere
268 777 490 818 relinqueret.
537 776 650 812 Qualis
677 775 860 817 Lycambae]

154 827 246 860 Talia
262 826 419 859 nimirum
441 827 551 867 qualis
574 824 641 857 fuit
658 826 772 858 Poeta
796 826 860 858 Ar-

157 877 333 910 chilochus
370 877 564 909 lamborum
607 877 769 918 scriptor,
805 877 862 918 qui

158 927 321 960 carminis
347 929 398 960 sui
418 928 647 960 amaritudine
665 928 861 969 Lycamben

157 987 314 1010 socerum
338 978 462 1019 laqueo
485 978 590 1009 vitam
616 977 713 1009 finire
737 978 862 1020 coegit.

157 1027 335 1069 [Licanirae
347 1028 582 1060 Schoenborn.
598 1028 646 1068 2.]

200 1080 241 1110 14
263 1078 329 1110 Aue
341 1080 426 1120 acer]
443 1079 631 1118 Hipponax
643 1077 754 1110 Poeta
767 1088 860 1110 acer-

156 1129 275 1168 rimus,
298 1139 398 1171 quem
427 1130 547 1161 dicunt
571 1130 612 1161 ad
641 1130 861 1171 suspendium

155 1179 311 1220 adegisse
337 1180 509 1220 Bupalum
537 1180 715 1220 pictorem.
737 1180 862 1212 Junius

157 1228 339 1262 Animadv.
357 1239 382 1261 ι.
397 1233 447 1261 16.

199 1283 238 1312 15
262 1281 302 1313 δι’
316 1282 386 1322 quis
398 1285 469 1313 aero
482 1281 591 1321 dente]
612 1281 645 1312 Si
659 1281 733 1323 quis
746 1281 861 1322 lingua

155 1331 324 1364 virulenta
339 1342 392 1363 me
414 1333 597 1372 carpserit,
622 1341 676 1367 an,
699 1336 737 1362 ut
763 1341 859 1371 puer,

155 1382 197 1415 ad
229 1382 420 1422 lachrymas
449 1381 674 1420 confugiam?
710 1380 859 1421 *Nequa-

155 1442 266 1474 quam.
285 1433 295 1450 ‘
311 1433 373 1464 Est
390 1432 481 1464 enim
494 1432 590 1472 pueri
606 1431 747 1472 injurias
761 1430 858 1468 flere,

154 1483 218 1515 viri
236 1492 316 1515 vero
333 1482 475 1515 ulcisci)
518 1482 585 1514 sed
612 1482 677 1513 hoc
693 1486 787 1513 vetat
803 1482 859 1513 lex

153 1532 282 1565 divina.
335 1533 345 1550 ‘
365 1533 453 1564 Nam
485 1532 671 1563 vindictam
698 1532 791 1570 mihi,
823 1536 859 1564 et

153 1592 218 1624 ego
257 1582 459 1623 retribuam,
507 1582 615 1624 inquit
664 1582 858 1614 Dominus:

155 1631 239 1673 [Aut
253 1633 282 1664 si
295 1634 366 1674 quia
379 1633 613 1665 Schoeuborn.
630 1633 678 1674 2.]

167 1707 171 1710 -
198 1686 241 1716 1ss
262 1684 388 1716 Inuum
405 1683 532 1725 utflebo
552 1684 645 1724 puer]
684 1682 859 1723 Frequens

153 1738 207 1766 ert
225 1733 275 1765 his
291 1733 474 1773 generibus
486 1733 650 1773 loquendi
667 1732 857 1764 Homerus:

156 1791 223 1814 uon
249 1793 303 1814 me
327 1783 474 1815 terrebis
498 1787 536 1813 ut
560 1791 719 1823 puerum,
738 1791 804 1812 non
828 1787 862 1813 te

156 1832 376 1863 extimescam
391 1837 429 1863 ut
446 1841 542 1872 puer.
555 1831 700 1863 Lambin-
733 1831 861 1872 [Codd.

155 1881 309 1912 nonnulli
327 1890 383 1922 ap.
397 1881 522 1920 Jaeck,
536 1880 708 1921 austera]

156 1930 272 1963 1⁴:201).
291 1939 357 1963 vn.
382 1931 439 1963 An
454 1931 634 1964 Poeumxu
653 1931 862 1963 Romnum.

199 1982 385 2015 Execratio
418 1983 498 2014 belli
528 1983 639 2014 civilis
670 1983 757 2023 gesti
786 1983 863 2013 hinc

198 2032 310 2063 Bruto
326 2037 362 2063 et
385 2032 515 2071 Cassio,
537 2032 630 2064 illinc
656 2032 862 2067 Octaviano,

197 2082 251 2113 M.
266 2081 435 2121 Antonio,
450 2087 487 2114 et
502 2083 554 2114 M.
572 2083 707 2123 Lepido
723 2083 820 2114 Coss.

196 2131 320 2163 Placet
341 2132 562 2172 Epigraphe;
590 2131 632 2162 In
650 2132 741 2164 Pop,
764 2133 861 2164 RoM.

154 2185 191 2212 et
207 2181 330 2212 deiude
352 2181 549 2212 minusculis
571 2181 716 2220 litteris;
751 2182 862 2213 Primo

155 2231 232 2264 hello
247 2231 333 2263 civiti
346 2231 459 2274 Μία,
485 2235 522 2263 ut
544 2233 583 2263 ub
597 2232 672 2264 aliis
686 2232 862 2263 abstineant

155 2283 349 2322 deprecatur.
373 2282 526 2312 Primum
544 2287 656 2312 autem
674 2282 774 2312 civile
792 2282 860 2312 bel-

156 2331 239 2370 lum,
271 2341 338 2362 uon
375 2331 464 2372 qumi
501 2331 593 2362 inter
622 2331 792 2361 caesarem
827 2335 862 2362 et

156 2380 361 2422 Pompeium
378 2380 447 2411 fuit
463 2381 626 2420 intelligo,
641 2380 700 2411 sed
723 2389 789 2421 quo
805 2390 863 2410 ne-

157 2437 231 2461 cem
249 2430 357 2471 patris
373 2435 492 2461 contra
501 2430 647 2461 Brutum
661 2434 695 2460 et
707 2429 862 2460 Cassium

159 2481 249 2512 nutus
279 2485 334 2512 est
368 2480 555 2522 Augustus,
587 2486 707 2511 secuto
745 2485 862 2520 postea

159 2531 248 2562 bello
269 2530 386 2565 Siculo
407 2536 442 2561 et
460 2530 616 2561 Actiaco.
663 2528 862 2569 [Bamberg.

160 2581 202 2612 In
221 2581 260 2612 P.
283 2580 326 2612 R.
348 2581 523 2612 Detestatio
545 2580 688 2611 heum-um
709 2579 768 2610 civ.
791 2588 863 2618 ges-

163 2634 266 2662 torum
277 2630 349 2661 hinc
365 2630 467 2661 Bruto
481 2633 511 2660 et
530 2629 649 2664 Cassio,
665 2628 752 2659 illinc
767 2630 862 2659 Octa-

159 2681 264 2720 viano,
283 2681 332 2712 M.
348 2679 500 2719 Antonio,
523 2682 555 2710 et
575 2680 625 2710 M.
642 2679 759 2719 Lepido
778 2679 863 2710 duci-

162 2729 246 2770 hue-1

203 2783 220 2811 1
245 2780 374 2811 Scelesta·
398 2780 509 2821 ruitis]
539 2779 704 2817 Scelesti3
737 2778 770 2809 id
798 2781 864 2815 est,

160 2830 256 2872 impii
286 2834 365 2862 sunt
390 2830 424 2861 iu
451 2828 612 2870 patriam,
640 2828 698 2860 ubi
729 2828 814 2859 civis
845 2838 864 2858 a

1499 272 1610 315 1551

907 376 984 408 cive
1002 376 1219 408 interficitur.
1239 375 1244 378 '

951 429 971 457 2
996 425 1142 466 Condiei]
1167 425 1237 456 Cur
1254 433 1353 455 enses
1368 423 1399 454 in
1418 423 1546 464 vaginis
1563 426 1613 456 in-

907 476 992 507 clusi
1003 475 1078 515 jam
1094 474 1368 514 distringantur?

950 528 970 557 3
996 526 1124 566 Campis
1133 526 1240 566 atque]
1262 526 1369 557 Terra
1385 524 1547 566 marique.

950 579 969 608 5
996 576 1070 607 Non
1084 579 1120 607 ut
1134 577 1282 617 superbas
1300 576 1432 617 invidae]
1467 576 1546 608 Non
1574 581 1613 607 ut

907 627 1081 659 Romanus
1108 628 1206 659 miles
1243 628 1498 667 Carthaginem,
1533 637 1611 668 quae

907 677 1042 718 imperii
1059 677 1205 709 Romani
1221 678 1276 709 diu
1290 678 1411 708 aemnla
1422 677 1502 716 fuit,
1518 686 1614 708 ever-

909 732 1002 760 teret
1031 733 1134 769 atque
1165 728 1390 767 incenderet3
1434 737 1544 769 neque
1576 731 1614 758 ut

909 778 1067 810 Britanni
1091 779 1241 809 nondum
1265 778 1397 815 domiti,
1422 778 1526 809 vincti
1552 787 1615 818 per

910 828 1117 870 triumphum
1133 828 1366 860 ducerentur:
1398 828 1459 859 sed
1483 833 1519 859 ut
1546 827 1614 858 Ro-

910 887 966 909 ma
980 888 1042 910 sua
1056 870 1156 910 rinann
1173 877 1387 910 labefactata
1405 877 1616 909 concideret.

909 927 1054 960 Lamiam,
1101 929 1240 969 Invidoe]
1280 929 1453 970 Carthago
1476 937 1614 968 semper

911 978 977 1011 fuit
993 979 1126 1020 imperii
1143 981 1240 1011 Rom.
1258 980 1392 1010 aemula.

953 1034 975 1062 6
998 1031 1173 1072 Romanus]
1199 1032 1370 1062 Romanus
1387 1030 1495 1061 miles.

954 1083 973 1111 7
999 1081 1143 1111 Intactas
1156 1084 1211 1111 aut
1227 1079 1420 1119 Britannus]
1453 1078 1615 1110 Tentavit

912 1130 1048 1171 quidem
1066 1131 1274 1161 Britanniam
1296 1131 1336 1161 C.
1356 1130 1469 1162 Julius
1484 1129 1615 1164 Caesar,

912 1188 988 1210 cum
1011 1180 1045 1210 in
1069 1180 1214 1211 insulam
1231 1180 1327 1211 illam
1350 1189 1393 1210 ex
1416 1179 1530 1210 Gallia
1547 1183 1616 1210 tra-

904 1229 1058 1270 jiceret;
1079 1230 1139 1261 sed
1163 1239 1270 1270 nsque
1298 1230 1338 1260 ad
1365 1229 1500 1260 Claudii
1523 1229 1618 1269 prin-

910 1280 997 1320 cipis
1034 1285 1189 1319 tempora
1234 1280 1364 1310 invicta
1403 1279 1587 1319 permansit
1606 1288 1615 1308 :

911 1334 1032 1361 auctor
1067 1330 1160 1361 Suet.
1229 1329 1388 1369 Intactas]
1427 1329 1615 1359 Britannus

911 1379 1000 1410 bello
1018 1379 1164 1410 nondum
1182 1379 1342 1410 domitus.

953 1431 973 1459 8
996 1428 1096 1460 Sacra
1111 1432 1273 1460 catenatus
1288 1427 1355 1468 via]
1379 1427 1388 1444 ‘
1400 1428 1507 1461 Sacra
1520 1425 1530 1439 ⁹
1545 1426 1616 1456 dic-

909 1482 944 1509 ta
959 1482 1012 1509 ent
1029 1479 1098 1517 via,
1112 1478 1203 1519 quod
1222 1488 1284 1519 per
1306 1488 1380 1509 eam
1398 1487 1496 1509 sacra
1518 1482 1618 1518 quot-

909 1534 992 1572 quot
1014 1530 1187 1561 mensibus
1213 1530 1386 1562 ferrentur
1414 1530 1448 1561 in
1481 1539 1615 1561 arcem:

910 1585 971 1612 aut
983 1581 1074 1622 quod
1092 1581 1124 1612 in
1143 1591 1184 1612 ea
1199 1580 1311 1612 faedns
1335 1582 1440 1611 ictum
1464 1580 1508 1610 sit
1526 1580 1618 1610 inter

910 1631 1091 1662 Romulum
1123 1635 1158 1661 et
1183 1631 1318 1661 Tatium
1351 1640 1480 1670 regem.
1517 1630 1616 1670 Cruq.

911 1681 1054 1711 Portam
1083 1680 1200 1712 Romae
1233 1680 1471 1719 triumphalem
1500 1678 1620 1718 fuisse,

912 1733 1049 1770 pontem
1062 1739 1196 1770 quoque
1209 1739 1250 1761 ac
1265 1730 1350 1760 viam
1364 1728 1618 1768 triumphalem,

911 1779 1068 1810 omnibus
1094 1784 1241 1810 constat.
1288 1780 1333 1810 Et
1363 1779 1500 1820 quidem
1530 1778 1618 1808 ultra

910 1828 1057 1859 Tiberim
1073 1828 1160 1859 hanc
1177 1828 1283 1859 fuisse
1296 1834 1428 1868 portam
1444 1837 1543 1858 nenio
1560 1837 1617 1858 ne-

912 1879 1058 1919 gaverit,
1069 1878 1235 1920 siquidem
1247 1883 1387 1919 pontem
1403 1878 1547 1909 transire
1560 1887 1619 1908 ne-

913 1938 1007 1960 cesse
1024 1933 1121 1960 erat:
1157 1928 1216 1959 sed
1243 1938 1310 1970 qno
1338 1929 1400 1960 loci
1423 1927 1529 1959 fuerit
1549 1937 1618 1959 non

911 1979 992 2010 satis
1009 1978 1138 2019 liquido
1154 1979 1319 2009 traditur:
1345 1979 1406 2009 hoc
1429 1977 1565 2009 interim
1583 1977 1618 2008 in

912 2028 1067 2060 confesso
1082 2033 1149 2067 est,
1170 2038 1227 2059 eos
1245 2029 1301 2069 qui
1325 2028 1535 2068 triumphant.
1550 2027 1618 2058 Ve-

912 2078 1043 2109 labrum
1061 2083 1323 2119 praetervectOS,
1340 2078 1417 2108 inde
1433 2086 1494 2118 per
1508 2076 1617 2107 forum

913 2128 1113 2166 Romanum,
1127 2136 1167 2158 ac
1182 2127 1269 2157 viam
1284 2127 1511 2166 Sacram‚qua
1529 2125 1619 2156 clivo

912 2177 1107 2217 Capitolino
1153 2176 1365 2212 adlraerebat,
1407 2177 1617 2216 Capitolium

911 2227 1117 2259 ascendisse.
1162 2227 1218 2258 De
1251 2227 1305 2258 via
1334 2227 1439 2258 Sacra
1464 2227 1618 2258 testimo-

911 2278 1003 2308 uium
1020 2277 1072 2308 hic
1092 2277 1226 2308 Horatii
1245 2277 1420 2309 habemus.
1461 2275 1618 2307 Accedat

911 2327 1001 2368 quod
1030 2327 1222 2358 notavimus
1249 2336 1300 2358 ιν.
1327 2327 1396 2359 Od.
1434 2330 1487 2358 ll.
1521 2327 1619 2358 ‘Per

910 2386 1044 2407 sacrum
1061 2376 1210 2408 clivum)
1256 2377 1355 2408 Sucro
1376 2380 1538 2408 catenatus
1550 2377 1618 2416 via]

914 2428 960 2458 Ut
977 2437 1037 2468 per
1061 2436 1192 2457 sacram
1216 2427 1302 2458 viam
1320 2427 1454 2458 vinctus
1474 2427 1618 2456 ducere-

912 2482 968 2507 tur
984 2478 1024 2508 ad
1040 2476 1247 2516 Capitolium
1264 2478 1299 2507 in
1318 2477 1501 2515 triumpho.

953 2529 974 2558 9
1002 2526 1081 2557 Vota
1098 2525 1306 2565 Parthorum]
1338 2525 1532 2556 Secundum
1555 2534 1620 2564 op-

912 2583 987 2608 tata
1014 2575 1220 2606 Parthorum
1248 2575 1461 2605 inimicorum
1489 2580 1618 2604 vestro-

911 2636 996 2658 rum.
1041 2624 1122 2664 Suu]
1146 2625 1215 2655 Sua
1231 2624 1365 2662 dextra,
1389 2623 1420 2654 id
1439 2628 1503 2663 est,
1521 2623 1619 2654 bellis

911 2677 1081 2708 civilibus.

956 2730 997 2758 12
1021 2726 1096 2757 Nisi
1111 2725 1144 2756 in
1159 2723 1375 2765 dispar-seris]
1401 2724 1477 2755 Nisi
1494 2724 1528 2754 in
1545 2724 1616 2755 ani-

913 2772 978 2808 mal
1009 2777 1149 2808 alterius
1179 2775 1334 2815 generis:
1372 2779 1485 2805 vestra
1510 2774 1616 2814 igitur

913 2826 1100 2858 crudelitas
1116 2831 1168 2857 est
1194 2826 1269 2865 plus
1293 2834 1393 2865 quam
1410 2822 1529 2856 ferina.
1576 2825 1615 2855 In
