1916 3262
506 292 716 325 noenu
747 293 1022 325 cARmNUM
1058 294 1154 325 ma.
1185 296 1216 324 ι.
1247 285 1319 327 12.

172 386 290 428 OEagri
306 386 451 419 fluminis
467 390 504 419 et
519 385 692 426 Calliopes
714 383 874 416 credere-

172 443 240 470 tur.
256 443 308 480 ut,
325 437 429 472 Ovid.
458 437 556 476 Eleg.
570 435 609 467 in·
626 434 729 467 ibin:
755 435 875 468 'Neve

171 493 342 520 venenato
373 488 480 520 levius
511 485 648 518 feriaris
677 485 722 517 ab
751 494 874 528 angue,

170 538 281 572 Quam
299 539 390 571 senis
403 537 534 580 OEagri,
552 536 794 579 Calliopesque
812 546 875 569 nu·

169 588 250 620 rus.'
274 589 428 629 Ratgen.

214 644 254 673 ll
291 641 451 673 Blandum
471 643 504 673 et
530 639 668 681 aurius]
719 640 765 672 Et
786 639 874 673 adeo

169 691 344 732 blandum,
365 696 405 725 ut
415 700 618 734 quocunque
631 692 780 725 voluerit
797 702 874 734 pos-

167 742 212 774 sit
242 741 372 774 ducere
401 750 548 784 quercus
576 742 716 782 auritas,
746 742 780 774 id
809 747 875 784 est,

166 802 269 825 sensu
283 792 444 825 audiendi
460 792 638 835 praeditas.
668 794 800 827 Fidibus
820 806 872 827 ca·

163 843 268 886 noris]
309 843 451 876 Cithara
475 853 614 876 canora.

207 896 248 926 13
274 894 360 931 Quid
381 895 473 936 prins
499 893 618 935 dicam]
667 895 754 927 Cum
781 895 871 928 enim

163 948 265 976 antea
282 954 302 977 a
318 946 392 977 Dea
406 945 594 987 quaesierit,
610 954 710 987 quem
723 945 783 977 illa
797 945 870 977 lau·

161 994 312 1028 dandum
326 995 391 1028 sibi
406 1001 557 1028 sumeret
569 1006 578 1036 3
600 1005 691 1028 nnnc
704 996 871 1037 apertius,

163 1045 263 1085 Quid,
289 1045 411 1088 inquit,
434 1046 526 1088 prius
549 1047 677 1078 dicam?
709 1051 747 1079 et
773 1046 869 1089 quasi

162 1103 278 1126 errare
293 1104 360 1127 non
373 1097 496 1138 possit,
507 1096 535 1128 si
548 1096 716 1138 majorum
725 1096 869 1138 vestigia

162 1148 335 1186 sequatur,
351 1146 418 1178 sibi
433 1147 508 1188 ipse
522 1145 734 1188 respondens
749 1146 868 1189 adjun-

160 1194 231 1235 git:
260 1195 374 1228 Soliti-³
405 1201 573 1238 parentam
606 1197 763 1240 laudibus,
791 1208 868 1230 eum

158 1244 222 1285 qui,
231 1247 285 1287 &a
298 1246 442 1288 perinde
452 1256 494 1279 ac
506 1247 534 1279 si
548 1246 867 1288 diceret,maj0rum

157 1304 252 1327 more
268 1306 288 1328 a
301 1296 390 1330 Jove
409 1306 445 1329 se
461 1297 689 1339 incepturum.
722 1299 866 1332 Tor-rene.

157 1345 244 1380 Quid
263 1345 353 1386 prius
372 1345 490 1386 dicam]
525 1347 625 1378 More
642 1347 807 1387 majorum
824 1348 867 1379 ab

155 1395 243 1428 Jove
259 1395 344 1436 Opt.
367 1396 463 1427 Max.
488 1395 609 1435 eoepit,
625 1404 644 1427 a
661 1405 729 1437 qno
745 1397 866 1427 solem-

152 1445 206 1476 nis
244 1443 475 1485 incipiebatur
518 1444 687 1485 precatio,
725 1454 744 1477 e
783 1446 864 1478 ritu.

152 1494 337 1526 Lambinus
354 1504 416 1536 pro
427 1498 593 1535 parentum
607 1495 696 1536 legit
709 1497 863 1536 parentis.

152 1544 302 1576 Turneb.
317 1552 424 1577 xxix.
437 1546 494 1577 29.
525 1544 624 1576 Prius
636 1544 753 1586 dicam]
769 1545 862 1579 Quid

152 1595 265 1636 potius
280 1595 407 1636 dicam,
422 1605 524 1638 quam
541 1596 659 1627 solitas
675 1599 711 1627 et
726 1595 772 1628 ab
790 1606 861 1629 om·

150 1645 254 1678 nibus
268 1646 469 1680 decantatas
492 1646 612 1679 laudes
634 1647 800 1689 parentis,
825 1648 860 1681 id

151 1699 218 1736 est,
231 1696 331 1730 Jovis
345 1697 358 1728 ?

195 1749 238 1778 16
272 1746 449 1790 Temperat]
485 1745 606 1787 Regu,
632 1747 690 1778 vel
725 1750 860 1788 tempe-

151 1799 264 1828 ratum
297 1795 417 1829 efficit.
462 1796 580 1837 Horis]
603 1796 761 1829 Quatuor
781 1797 861 1828 anni

149 1846 376 1888 temporibus,
389 1846 495 1887 Vere,
510 1845 657 1887 AEstate,
674 1845 862 1884 Autumno,

151 1895 302 1937 Hyeme.
455 1907 457 1909 ’

195 1947 235 1977 17
273 1945 363 1977 Unde
382 1944 444 1986 nil]
468 1943 502 1977 A
516 1954 583 1987 quo
602 1944 694 1977 Deo.
752 1944 860 1985 qu‘as

147 1998 319 2035 generatur
345 1994 428 2035 ipso]
471 1994 562 2028 Quia
578 1994 675 2027 Deua
690 1998 741 2027 est
755 1995 858 2038 Opti·

148 2053 224 2076 mus
238 2045 424 2077 Maximus.

191 2096 233 2126 18
254 2091 445 2133 Secundum]
468 2092 650 2126 NihilJovi
665 2097 720 2125 est
734 2103 856 2126 secun·

144 2141 240 2182 dum,
249 2142 330 2185 quia
338 2142 451 2174 nullus
459 2142 543 2174 ordo
551 2151 628 2174 esse
637 2146 754 2185 potest
764 2143 856 2177 inter

143 2191 313 2225 infinitum
329 2198 366 2225 et
380 2192 526 2225 finitum.

187 2245 229 2275 16
245 2244 416 2276 Proximos
425 2243 490 2285 iai]
513 2243 593 2276 Non
604 2242 712 2277 refert
723 2249 852 2286 quanto

143 2293 324 2325 intervallo
354 2293 532 2336 praecedat
566 2292 720 2334 Jupiter,
751 2293 852 2326 modo

144 2342 235 2375 inter
262 2343 374 2385 ipsum
400 2347 438 2375 et
465 2342 645 2375 Palladem
673 2353 776 2376 nemo
805 2345 852 2377 sit

144 2391 289 2424 medius.
332 2393 410 2425 Nec
436 2393 559 2425 mirum
584 2392 744 2434 praeferri
773 2403 850 2426 eam

144 2440 374 2483 caeteri-,qum
386 2441 459 2474 sine
470 2445 578 2474 matre
590 2451 632 2474 ex
641 2443 664 2476 J
667 2443 739 2475 ovis
754 2453 851 2476 cere-

144 2489 205 2520 bro
229 2494 311 2521 nata
335 2490 393 2530 sit,
420 2500 461 2523 ac
486 2491 582 2533 virgo
610 2494 850 2533 permanserit.

145 2539 277 2571 Postea
291 2538 329 2571 in
342 2539 522 2573 laudandis
539 2541 614 2573 aliis
630 2542 706 2574 Diis
721 2542 849 2576 nullum

143 2590 300 2622 ordinem
325 2595 450 2626 servat,
490 2590 572 2631 quia
604 2591 781 2624 Bacchum
812 2597 849 2626 et

143 2643 292 2674 Dianam
308 2641 462 2683 Apollini
477 2645 678 2683 anteponat.
706 2644 847 2678 Torreat.

142 2691 214 2723 Pro
228 2692 402 2733 occupavit,
426 2690 588 2723 Heinsius
609 2691 742 2729 scribit,
760 2702 849 2725 occu-

135 2742 237 2783 pabit.
283 2742 452 2774 Proximos
465 2740 531 2782 illi]
563 2741 680 2774 Pallas
696 2743 850 2783 proxima

139 2797 195 2825 cst
203 2793 226 2826 J
229 2792 297 2833 ovi,
309 2791 368 2824 sed
380 2793 480 2834 longo
489 2791 672 2825 intervallo
683 2793 849 2834 proxima.

183 2844 227 2875 20
249 2843 360 2876 Pallas
373 2842 518 2884 honores]
553 2842 724 2876 Minervae
746 2852 814 2876 uon
829 2852 848 2877 e

1520 289 1635 332 1359

925 385 1070 417 muliere
1085 390 1268 427 concepta,
1293 386 1354 418 sed
1371 387 1469 420 Jovis
1490 392 1634 426 cerebro

925 439 1021 475 nata,
1035 445 1118 467 vera
1132 440 1170 468 et
1184 436 1300 468 divina
1312 436 1493 478 sapientia.

968 488 1008 518 21
1027 486 1159 527 Audax]
1180 487 1338 519 Bacchus
1355 489 1366 505 ‘
1377 487 1419 519 ad
1431 489 1551 530 praelia
1564 496 1634 524 tru-

922 536 978 569 dit
1007 537 1181 570 inermes.’
1241 538 1365 571 Dictus
1393 539 1513 582 Liber,
1543 544 1634 584 quod

925 587 1074 618 animum
1091 588 1180 620 curis
1195 588 1334 622 liberat.

966 639 1010 669 22
1038 637 1153 679 Virgo]
1176 638 1289 671 Diana
1300 640 1470 673 venatrix.

966 690 1008 719 23
1035 688 1150 729 Certa]
1172 687 1272 721 Adeo
1283 694 1379 722 certa
1394 695 1460 732 est,
1479 690 1635 724 etinevi-

924 737 1040 770 tabilis
1062 738 1188 771 Phoebi
1215 740 1354 781 sagitta,
1375 746 1414 773 ut
1434 750 1572 784 semper
1597 741 1634 774 id

922 787 1040 828 t'eriat,
1056 788 1148 830 qnod
1167 790 1266 830 petit.

965 840 1007 870 26
1042 838 1192 881 Alciden]
1233 839 1421 873 Herculem
1457 841 1557 875 Jovis
1598 847 1635 875 et

922 887 1100 922 Alcmenae
1131 889 1248 923 filium.
1307 891 1490 934 Puerosque
1519 892 1632 934 Leda]

921 937 971 971 Ut
998 940 1111 972 παῖδας
1132 939 1259 981 Graeci,
1284 940 1333 972 sic
1363 941 1478 974 Latini
1506 951 1632 984 pueros

921 987 1028 1021 etiam
1058 999 1120 1031 pro
1148 989 1227 1022 tiliis
1259 990 1393 1023 dicunt.
1430 992 1478 1024 Et
1500 1002 1586 1035 quos
1611 1003 1633 1026 a

921 1043 1020 1079 patre
1036 1039 1153 1072 Graeci
1167 1038 1375 1082 δωσκούρους,
1398 1041 1470 1083 ipse
1484 1052 1504 1073 a
1519 1047 1630 1076 matre

920 1089 1024 1122 Ledae
1042 1100 1166 1132 pueros
1181 1091 1348 1132 appellat.
1376 1092 1524 1126 Torreat.
1564 1093 1630 1126 Pu-

919 1149 1047 1181 erosque
1061 1140 1176 1182 Ledoe]
1199 1141 1303 1173 Filios
1319 1141 1436 1175 Ledae.

961 1193 1006 1223 26
1028 1191 1127 1225 Hunc
1150 1191 1252 1233 equis]
1290 1193 1426 1234 Nempe
1449 1193 1629 1226 Castorem

919 1243 1074 1282 equestri
1109 1243 1229 1283 praelio
1256 1241 1488 1275 nobilitatum·
1530 1243 1630 1276 Illam

917 1291 1080 1333 superare]
1110 1293 1157 1325 Et
1172 1292 1354 1325 Pollucem
1369 1303 1485 1335 pugna
1505 1293 1627 1336 pedes·

919 1341 964 1372 tri
979 1341 1160 1381 insignem.
1423 1356 1429 1359 ¹

959 1393 1002 1421 27
1039 1391 1180 1426 Quorum
1200 1391 1310 1432 simul]
1342 1392 1497 1425 Quorum
1525 1395 1628 1427 stella

916 1448 1040 1472 serena
1062 1441 1161 1472 simul
1189 1445 1293 1483 atque
1319 1443 1435 1474 nautis
1453 1445 1628 1484 apparuit.

915 1490 1018 1523 Siniul
1031 1490 1103 1523 alba
1116 1492 1225 1533 stella]
1260 1493 1387 1524 Stellas
1405 1493 1558 1534 geminas
1574 1494 1626 1526 in-

915 1541 1043 1582 tellige.
1072 1542 1242 1574 Solitariae
1260 1543 1362 1583 enim,
1378 1544 1470 1586 quod
1495 1545 1574 1578 Ode
1590 1548 1625 1577 3.

911 1591 1120 1635 notavimus,
1135 1593 1271 1626 obsunt.
1328 1593 1421 1626 Hinc
1437 1604 1519 1636 ergo
1532 1595 1626 1628 inter

912 1643 1082 1675 salutares
1104 1643 1212 1684 Deos,
1234 1654 1319 1686 quos
1336 1645 1480 1685 σωτῆρας
1498 1651 1624 1679 vocant

912 1692 1044 1731 Graeci,
1059 1693 1185 1726 merito
1202 1699 1436 1727 recensentur.

954 1745 998 1774 29
1011 1742 1138 1784 Deflait
1147 1743 1252 1784 saxis]
1267 1743 1352 1779 Pro,
1362 1742 1469 1775 fluere
1485 1743 1624 1784 desinit,

912 1796 950 1822 ut
966 1792 1078 1832 Epist.
1096 1792 1138 1823 ad
1155 1793 1300 1824 Lollium
1317 1802 1343 1825 1.
1358 1794 1368 1810 ‘
1382 1793 1546 1826 Rusticus
1561 1803 1623 1827 ex-

910 1845 1050 1881 spectat
1075 1841 1157 1873 dum
1186 1840 1316 1874 defluat
1336 1842 1468 1874 amnis!
1503 1843 1622 1877 Simile

911 1889 998 1922 illud
1021 1890 1128 1923 Ovid.
1165 1891 1260 1924 Fast.
1286 1900 1345 1924 111.
1371 1892 1492 1933 ‘potui
1513 1893 1621 1926 dedo·

908 1936 1013 1972 luisse
1035 1940 1143 1973 semel
1155 1939 1178 1972 ε’
1208 1946 1246 1974 ut
1270 1941 1306 1972 in
1327 1946 1503 1983 posterum
1530 1943 1622 1976 ultra

908 1999 975 2022 non
991 1990 1164 2023 dolerem:
1189 1996 1226 2022 et
1242 1991 1343 2031 plura
1365 1992 1442 2024 alia.
1475 1993 1621 2027 Torreat.

907 2039 1035 2081 Destuit
1060 2039 1165 2081 mis]
1197 2040 1292 2073 Fluit
1316 2041 1360 2072 de
1384 2042 1475 2074 saxis
1497 2043 1619 2077 humor

904 2099 948 2121 ex
963 2091 1041 2122 nive
1057 2090 1179 2132 geluve
1196 2090 1230 2122 in
1246 2101 1369 2132 aquam
1386 2093 1570 2126 resolutus.

948 2143 990 2172 30
1015 2141 1194 2173 Concidant
1208 2140 1311 2182 venti]
1333 2141 1438 2173 Venti
1453 2141 1618 2176 desinunt

903 2188 1000 2223 flare.
1046 2191 1196 2232 Fugiunt
1226 2190 1337 2232 nabes]
1375 2192 1494 2224 Nubes
1511 2193 1545 2225 in
1562 2192 1614 2225 fu-

901 2251 981 2283 gam
994 2247 1184 2275 vertuntur.

944 2295 984 2324 31
1023 2292 1158 2334 Minox]
1208 2291 1311 2325 Unda
1336 2293 1453 2325 nautis
1480 2293 1614 2326 minans

900 2342 1130 2384 naufragium,
1143 2343 1305 2385 quiescit,
1318 2353 1393 2386 quae
1410 2349 1513 2376 vento
1522 2345 1615 2377 intu-

899 2397 1048 2425 muerat.
1081 2392 1137 2424 Sic
1153 2393 1201 2425 Di
1214 2393 1353 2434 voluere]
1385 2395 1537 2435 Vulgata
1552 2405 1613 2426 ex·

900 2443 1067 2484 emplaria
1092 2443 1262 2485 scribunt,
1296 2446 1378 2485 quod
1405 2445 1452 2477 sic
1474 2446 1611 2478 voluere.

901 2493 1022 2526 Codex
1044 2494 1195 2535 optimus
1212 2494 1477 2530 Laurentianus,
1500 2495 1549 2526 Di
1564 2495 1611 2527 sie

898 2544 1031 2575 voluere.
1072 2543 1218 2584 Vulnere]
1242 2543 1320 2576 Filii
1345 2544 1464 2584 Ledae,
1481 2545 1608 2576 Castor

898 2597 935 2625 et
951 2592 1088 2628 Pollux,
1103 2592 1153 2624 sic
1168 2593 1319 2624 voluere.

941 2645 982 2675 33
1006 2642 1174 2674 Romulum
1186 2641 1274 2682 poet]
1307 2641 1428 2673 Romae
1454 2641 1609 2675 condito·

898 2701 984 2724 rem.
1030 2691 1194 2731 Quietum]
1223 2691 1339 2723 Numa
1362 2691 1564 2733 Pompilius,
1586 2703 1607 2726 a

898 2742 1046 2775 Romulo
1063 2740 1234 2773 secundus
1261 2740 1492 2775 Romanorum
1516 2741 1606 2779 Rex,

897 2802 1054 2834 regnum.
1078 2791 1181 2824 armis
1206 2797 1378 2833 paratum,
1407 2792 1606 2835 Religione,

898 2844 919 2878 J
924 2843 1055 2885 ustitia,
1065 2847 1102 2876 et
1113 2843 1212 2877 bonis
1226 2842 1387 2886 operibus
1401 2843 1582 2877 stabilivit.
