1930 3204
458 301 664 334 uoRA'ru
700 302 970 333 cARMiNuM
1010 304 1101 336 uiui.
1138 304 1201 333 iv.
1235 294 1301 334 123,

162 394 306 427 vidimus
322 405 378 428 ιιι.
391 396 458 428 Οὐ.
476 400 526 428 10.
560 396 657 430 Quod
672 404 755 435 ergo
772 399 854 427 tunc

163 445 268 476 iratus
281 446 311 477 ei
324 446 573 487 imprecabatur
585 445 704 486 Poeta,
717 444 750 476 id
765 453 854 475 nunc

162 495 314 526 evenisse
329 496 469 535 gaudet.
495 497 637 528 Torreat.

205 547 226 575 2
250 545 308 576 Fis
320 546 416 587 anus]
442 546 527 577 Haec
550 550 701 576 votorum
719 543 855 576 Horatii

163 604 292 628 summa
307 602 393 637 erat,
405 603 443 629 ut
457 596 666 637 contemptui
685 601 775 628 esset
791 596 855 637 liis,

162 653 246 684 quos
263 646 338 687 ipsa
349 653 428 678 ante
442 650 707 687 contempserat,
718 656 780 677 nec
797 647 854 677 de-

161 694 346 728 linimentis
360 698 537 739 quicquam
560 696 753 737 proficeret,
776 705 813 728 ut
836 706 856 728 a

163 754 328 786 quoquam
346 752 532 787 peteretur.
558 747 696 778 Tor-rent.

204 796 224 826 3
253 795 454 834 Vissormosa
467 796 581 836 videri]
608 797 786 828 peculiare
803 801 856 828 est

162 843 367 884 mulieribus,
389 851 439 883 ut,
456 846 544 887 quod
561 845 679 878 formae
697 857 758 888 per
774 851 853 877 aeta-

162 898 230 925 tem
243 894 388 934 decidit,
403 896 436 927 id
451 901 525 928 arte
542 902 577 928 et
595 898 766 929 blanditiis
782 907 855 928 cor-

158 943 270 984 rigere
285 945 458 986 studeant,
473 945 610 978 frustra.
637 948 779 978 Torrent.

200 995 222 1025 4
242 994 402 1035 Ludi-sque
416 998 448 1026 et
463 995 541 1026 bibis
556 995 732 1036 impudens]
758 995 855 1026 Adeo

158 1050 195 1073 es
207 1043 386 1083 impudens
403 1049 441 1075 ut
456 1045 552 1076 ludas
567 1051 602 1076 et
616 1045 724 1076 bibas.
746 1045 856 1086 Steph'.

161 1092 332 1135 nudisque]
354 1095 404 1125 Τιι
429 1094 517 1126 ludis
543 1096 637 1127 ludos
664 1096 858 1132 amatorios,

161 1147 197 1174 et
214 1143 325 1175 vinum
343 1144 429 1176 bibis
444 1145 670 1186 impudenter.

204 1196 224 1224 5
248 1194 293 1225 Et
312 1197 406 1226 cantu
422 1196 551 1226 tremulo
570 1199 644 1235 pota
662 1195 860 1236 Cupidinem]

163 1243 338 1275 Falluntnr
350 1245 476 1276 eruditi
493 1246 570 1284 viri,
585 1246 641 1286 qui
655 1247 665 1263 ‘
679 1247 857 1277 tremulum

147 1296 298 1325 'cantum
311 1293 321 1308 '
360 1294 633 1334 interpretantur
668 1296 678 1313 ‘
701 1295 821 1326 anilem
835 1295 858 1326 :'

162 1343 309 1375 lascivia!
326 1345 414 1375 enim
429 1354 491 1374 vox
508 1345 564 1374 illa
575 1344 856 1383 significationem

160 1393 286 1424 habet:
310 1393 405 1433 cujus
422 1393 713 1433 interpretationis
731 1398 857 1425 testem

160 1443 322 1475 babemus
349 1449 496 1475 veterem
525 1444 759 1484 interpretem.
801 1445 858 1476 Sic

159 1492 315 1534 κλαδαρὸν
334 1493 451 1525 Graeci
477 1503 539 1535 pro
565 1494 679 1527 las-ciro
704 1504 743 1525 ac
762 1494 859 1533 molli,

160 1549 196 1576 et
211 1543 361 1584 κλαδαρὸς
374 1544 463 1575 idem
480 1554 520 1575 uc
538 1545 697 1576 tremulus.
730 1545 857 1576 Casan-

121 1603 129 1607 *
159 1593 238 1626 bon.
282 1595 327 1626 Et
349 1592 459 1632 cantu]
493 1594 691 1625 Vetularum
719 1604 781 1625 vox
805 1604 856 1626 se-

161 1650 302 1676 nectute
315 1644 528 1676 intremiscit.
558 1645 643 1676 Pota
661 1645 859 1686 Cupidinem]

160 1695 210 1726 Tu
233 1699 315 1736 pota
336 1695 463 1726 lentam
479 1695 610 1727 excitas
626 1696 747 1726 amoris
762 1694 857 1726 flam·

162 1753 250 1776 mam
266 1745 300 1775 in
314 1749 348 1776 te
365 1754 451 1784 pene
468 1749 667 1784 emortuam,
685 1745 750 1783 vel,
766 1745 858 1775 exci-

163 1797 238 1824 tare
250 1794 300 1824 vis
313 1802 395 1834 erga
408 1799 440 1824 te
452 1802 600 1824 amorem
616 1794 648 1823 iu
662 1794 858 1824 adolescen-

165 1842 268 1878 tibus.
282 1852 422 1883 quorum
439 1851 531 1872 autor
544 1842 577 1872 in
594 1843 726 1872 vetulas
744 1841 859 1872 tardus

162 1899 230 1931 est,
243 1898 279 1924 et
295 1893 403 1933 piger.
441 1891 614 1932 [Cupidine
633 1892 860 1925 Schoenborn.

165 1943 212 1984 2.]
439 1974 442 1975 ⁷

205 1995 228 2024 6
260 1991 413 2032 Mum]
454 1991 581 2023 Eadem
612 1991 860 2031 significatione

164 2042 387 2084 Propertius:
413 2042 423 2059 ‘
440 2042 606 2073 Hostibus
620 2043 753 2073 eveniat
770 2043 860 2074 lenta

163 2092 278 2132 puella
307 2091 414 2123 meis.’
457 2092 515 2123 lue
543 2092 687 2134 eir-entis]
724 2093 859 2132 Cupido

163 2152 299 2183 semper
314 2142 433 2182 vigilat
447 2143 481 2173 in
500 2142 645 2182 pulchris
658 2143 751 2181 genis
763 2143 857 2174 Chiae

161 2193 283 2234 puellae
299 2198 403 2224 aetnte
417 2191 580 2232 florentis,
593 2197 629 2224 et
641 2193 786 2224 canendi
800 2203 857 2234 pe-

162 2244 252 2283 ritae‚
267 2253 342 2276 cum
359 2242 440 2273 in'te
456 2243 499 2274 sit
516 2244 656 2283 sopitus.

206 2296 228 2325 9
243 2294 440 2335 Importunas
454 2292 550 2332 enim]
570 2293 645 2324 Non
663 2293 860 2334 quiescens;

164 2345 213 2376 nie
239 2344 459 2383 ‘importuna
482 2343 687 2383 pauperies‚’
713 2353 768 2375 ιιι.
783 2344 861 2376 Ode

166 2396 220 2426 16.
262 2393 380 2425 Aridus
392 2391 536 2431 quereus]
565 2391 712 2432 Informe
728 2399 861 2433 specta-

165 2443 290 2482 culum,
312 2446 347 2472 et
370 2451 506 2482 prorsus
530 2442 731 2473 inamoenum
758 2448 862 2484 atque

166 2491 353 2523 horridum.
409 2490 527 2522 Codex
557 2496 711 2522 vetustus
729 2492 863 2529 frondes

167 2551 230 2583 pro
255 2549 384 2582 quercus
408 2539 523 2570 habet.
567 2540 635 2571 Sed
659 2543 861 2573 translatum

166 2591 322 2632 suspicor
347 2599 389 2621 ex
412 2589 564 2629 margine
591 2589 633 2620 ab
656 2591 781 2631 aliquo,
805 2592 863 2632 qui

167 2647 247 2672 ante
260 2640 380 2680 legisse
393 2639 609 2670 meminerat:
624 2640 761 2670 ‘Aridas
771 2639 863 2671 fron-

167 2692 230 2722 des
254 2689 386 2732 hyemis,
409 2688 515 2719 sodali
546 2689 695 2720 Dedicet
723 2689 864 2721 Hebro:

169 2741 313 2773 Tmene.
358 2739 492 2778 Aridus]
517 2739 671 2779 Vetulas,
686 2748 862 2781 consump-

169 2796 236 2826 tas.
251 2795 286 2821 et
303 2798 485 2830 exangues.

212 2843 254 2875 10
277 2839 406 2880 Lucridi]
430 2840 562 2871 Dentes
579 2838 692 2871 illuvie
707 2840 863 2883 squalidi.

1492 294 1603 335 1525

948 398 988 426 12
1007 395 1223 443 Tur1mne1'1'e
1240 394 1425 426 deformem
1443 394 1602 427 reddunt.

904 445 1020 486 Nives]
1041 446 1162 485 Nives,
1178 456 1239 486 pro
1257 445 1402 477 Canitie-

947 498 986 526 13
1011 495 1081 526 Nec
1110 495 1199 536 Coae]
1232 495 1342 527 ‘eoas
1368 494 1558 535 purpuras'
1585 504 1604 525 a

904 546 1017 586 patria
1039 546 1267 585 commendat,
1293 549 1331 576 ut
1356 544 1436 576 alibi
1457 545 1466 562 ‘
1484 544 1605 585 'l'yrias

903 595 1115 628 Laconicas.’
1130 605 1241 636 neque
1257 594 1346 626 enim
1363 595 1406 626 de
1423 598 1517 626 certo
1530 603 1604 625 ves-

905 645 1002 681 tium,
1019 655 1102 686 quas
1122 650 1131 663 ‘
1149 645 1253 676 Coas’
1272 645 1453 684 vocabant,
1477 653 1603 683 genere

905 695 957 726 uic
973 695 1063 736 loqui
1078 694 1220 726 Poetam
1238 694 1459 727 crediderim:
1477 693 1520 725 de
1531 694 1605 735 qui-

906 745 967 776 bus
985 755 1009 777 ι.
1021 747 1091 778 Sat.
1105 749 1137 778 2.
1159 747 1322 778 dicemus.
1368 746 1442 778 Illae
1459 756 1606 788 namque

905 795 1112 827 tenuissima?
1129 805 1168 827 ac
1183 806 1282 836 paene
1299 796 1479 836 pellucidae
1494 795 1605 827 fuere.

909 846 1000 877 Torr.
1044 847 1113 877 Nec
1137 846 1225 886 Cooe]
1251 847 1327 877 Nec
1345 846 1516 887 elegantia
1533 856 1605 877 ves-

906 896 1002 935 tium,
1014 905 1078 927 nec
1094 906 1235 937 gemmae
1259 896 1420 937 pretiosae
1437 895 1607 927 reducent

906 945 969 976 tibi
992 950 1147 986 tempora
1171 946 1360 986 praeterita,
1387 946 1420 976 id
1445 950 1510 986 est,
1532 946 1605 986 pul-

906 996 1131 1027 chritudinem
1148 997 1312 1027 amissam.
1350 996 1393 1027 In
1410 996 1516 1026 insula
1533 996 1606 1027 Coo

907 1045 1114 1077 tenuissimae
1131 1050 1242 1077 vestes
1262 1055 1304 1076 ex
1329 1045 1495 1086 bombyce
1511 1048 1605 1082 texea

906 1095 1044 1136 bantur,
1059 1102 1096 1128 et
1110 1097 1239 1137 optima
1262 1105 1414 1137 purpura
1429 1096 1606 1137 tingeban-

907 1151 974 1177 tur.

951 1197 990 1226 14
1017 1196 1105 1227 Clari
1127 1195 1260 1236 lapides]
1297 1196 1381 1227 Duo
1405 1195 1526 1236 optimi
1553 1205 1607 1227 co-

908 1245 1002 1276 dices
1016 1246 1082 1277 cari
1097 1246 1235 1285 habent,
1250 1245 1340 1286 quod
1358 1255 1438 1277 sane
1456 1255 1523 1278 non
1539 1240 1618 1278 dis?

909 1296 1025 1336 plicet.
1080 1297 1168 1328 Nam
1199 1297 1339 1337 gemmis
1369 1301 1405 1328 et
1433 1296 1606 1337 lapidibus

906 1346 1081 1385 convenit,
1111 1346 1189 1377 clari
1216 1355 1282 1376 uon
1314 1346 1376 1377 ita.
1437 1347 1604 1388 Tempora]

907 1396 1094 1426 Praeterita
1103 1401 1256 1435 tempora
1267 1404 1436 1436 nunquam
1450 1395 1608 1434 redeunt,

907 1444 968 1476 sed
995 1445 1142 1476 volucris
1169 1445 1253 1484 dies,
1273 1445 1306 1475 id
1334 1450 1401 1485 est,
1423 1444 1608 1476 decurrens

907 1499 1004 1533 aetas,
1018 1504 1058 1525 ea
1078 1503 1212 1534 semper
1227 1494 1378 1533 condita,
1393 1499 1429 1526 et
1445 1495 1479 1526 in
1496 1494 1607 1535 publi-

907 1543 956 1575 cis
971 1542 1069 1576 fastis
1096 1544 1288 1585 perscripta
1303 1545 1441 1578 inclusit
1458 1549 1493 1577 et
1509 1554 1608 1586 sepe·

906 1594 992 1626 livit.

952 1648 990 1676 15
1007 1646 1103 1677 Notis
1116 1646 1240 1677 condito
1247 1644 1363 1685 fastis]
1379 1644 1420 1675 Id
1438 1648 1503 1680 est,
1521 1654 1609 1686 prae·

903 1696 1023 1736 teriia,
1045 1700 1082 1726 ut
1106 1695 1208 1735 prisci
1232 1695 1440 1734 interpretes
1465 1698 1607 1724 annota-

907 1749 1006 1774 runt:
1025 1747 1119 1774 recte
1131 1752 1173 1773 ex
1193 1744 1416 1774 Romanorum
1430 1751 1535 1781 more,
1548 1742 1608 1782 qui

909 1797 1064 1833 tempora
1090 1791 1189 1824 fastis
1220 1792 1288 1823 suis
1319 1791 1464 1833 publicis
1494 1791 1610 1822 metiri

910 1843 1032 1873 solent.
1077 1842 1178 1873 Unde
1195 1847 1231 1874 et
1250 1852 1354 1874 annos
1369 1851 1388 1872 a
1405 1841 1608 1874 Consulibus

911 1892 1176 1932 computaban13
1209 1896 1313 1932 atque
1339 1891 1424 1923 adeo
1454 1896 1463 1910 ‘
1481 1892 1608 1924 Consu-

910 1940 994 1972 lem'
1012 1951 1072 1982 pro
1089 1951 1177 1972 anno
1191 1942 1303 1982 posuit
1319 1942 1490 1973 Martialis
1505 1942 1566 1974 lib.
1582 1950 1608 1973 1.

908 1992 918 2010 ‘
936 1992 1072 2032 Bisjam
1090 2001 1188 2032 paeue
1204 1991 1265 2023 tibi
1279 1992 1404 2023 Consul
1418 1992 1609 2024 tricesimus

909 2042 1040 2073 instat!
1076 2042 1218 2073 Torrent-
1278 2040 1402 2081 Fastis]
1438 2041 1480 2073 In
1510 2041 1609 2074 fastis

910 2092 1052 2123 Romani
1084 2101 1159 2122 cum
1187 2100 1241 2122 res
1268 2090 1352 2122 foris
1385 2096 1512 2132 gestas,
1537 2097 1609 2124 tum

910 2148 989 2174 acta
1020 2142 1151 2173 urbana
1194 2142 1402 2179 singulorum
1445 2151 1608 2174 annorum

910 2192 1058 2232 publicae
1089 2192 1260 2222 memoriae
1291 2201 1393 2223 causa
1420 2191 1608 2232 perscribe-

907 2241 1005 2273 bant.

954 2294 992 2323 17
1031 2291 1151 2332 Venus]
1198 2291 1274 2323 Quo
1312 2289 1400 2332 fugit
1434 2295 1608 2330 venustas,

911 2351 1009 2382 quam
1025 2342 1103 2372 olim
1120 2341 1269 2373 habebas
1286 2341 1402 2381 Lyce?
1439 2341 1530 2382 Heu]
1546 2341 1609 2372 Est

910 2391 1037 2422 Ironia.

954 2443 994 2471 18
1011 2439 1136 2480 IlIotus]
1154 2439 1298 2479 Agilitas
1312 2439 1477 2479 corporis,
1493 2443 1529 2470 et
1545 2440 1609 2470 sal-

911 2481 1027 2521 tatio(
1057 2490 1142 2525 Quid
1161 2490 1252 2520 habes
1272 2490 1373 2529 uuus]
1394 2489 1484 2521 Quid
1503 2489 1607 2520 habes

910 2540 1001 2571 illius
1015 2540 1136 2579 Lycas,
1148 2549 1222 2579 qua²
1238 2539 1315 2569 olim
1330 2538 1394 2569 fuit
1407 2538 1521 2578 puella
1534 2539 1608 2578 pul·

911 2589 1100 2621 cherrima?
1120 2589 1200 2618 nihil
1216 2589 1364 2619 omnino.

955 2642 996 2671 19
1020 2640 1099 2674 Qua:
1113 2638 1252 2678 spirabat
1266 2637 1399 2677 amores]
1418 2638 1504 2670 Quae
1522 2637 1608 2670 adeo

910 2690 1057 2721 formosa
1073 2687 1151 2725 fuit,
1169 2691 1205 2718 ut
1219 2696 1349 2718 amores
1364 2687 1549 2727 expiraret.

954 2743 996 2772 20
1018 2740 1073 2770 Me
1087 2740 1250 2778 surpuerat
1264 2737 1356 2778 mihi]
1378 2738 1452 2769 Nec
1468 2738 1606 2778 mirum;

913 2791 1025 2822 anima
1047 2788 1136 2820 enim
1156 2793 1209 2818 est
1223 2788 1329 2818 artrica
1346 2787 1498 2818 amantis.
1540 2788 1606 2819 Vel

913 2850 986 2883 qnae
1003 2849 1056 2870 me
1072 2839 1180 2879 ipsum
1202 2842 1238 2869 et
1259 2837 1422 2878 optimam
1444 2836 1509 2868 mei
1530 2846 1607 2879 par-
