1890 3230
368 293 478 335 1724
532 276 538 283 '

367 404 432 430 mo,
477 395 567 427 Ante
593 394 751 430 ostendit,
774 395 940 435 quomodo
964 405 1049 426 mar-

367 449 500 475 centem
521 443 675 480 reficere;
693 444 763 482 jam
781 452 872 482 vero,
888 444 1050 483 quomodo

362 492 511 532 jejunum
528 492 684 531 excipere
698 495 865 530 oporteat.
890 492 1050 524 Heinsius.

367 541 509 579 Flagitat
520 541 554 570 in
563 550 680 571 morsus
692 540 793 581 refici]
811 541 961 571 Conviva
972 549 1051 571 nau·

367 598 464 620 seans
482 589 553 619 vult
568 588 674 629 retici,
689 591 753 621 &m

406 640 447 668 62
471 637 612 678 Popim‘s]
634 638 663 668 E
688 638 831 678 popinis,
851 647 924 679 quae
941 638 1051 670 solent

367 695 441 716 esse
457 686 646 718 immundae.

407 737 447 765 63
474 735 619 775 Duplicis
643 745 819 775 pernoscere
835 737 920 774 juris
946 736 1049 766 Nutu-

365 783 447 824 ram]
471 784 760 823 Istiusmodijuris
778 785 962 824 descriptio
980 786 1050 815 Sat.

370 841 451 863 vui.
475 833 484 849 ‘
502 832 564 863 His
588 833 718 863 mistum
737 833 793 872 jus
818 833 895 864 est.'
936 834 1050 864 Verba

367 885 479 912 autem
509 881 575 916 illa,
605 882 746 921 Simplex
773 892 789 912 e
821 883 902 913 dulci
929 886 1049 914 constat

366 930 458 970 olivo,
479 931 670 969 parenthesi
693 931 816 961 includi
840 932 958 962 velim:
984 942 1049 971 quo

367 979 514 1017 apertius
539 979 594 1018 sit,
615 979 758 1018 simplex
771 980 833 1019 'jus
855 989 943 1020 esse,
962 983 1047 1019 quod

366 1035 465 1056 unum
483 1031 634 1065 tantum;
658 1027 782 1067 duplex
801 1028 890 1068 quod
912 1030 1048 1060 mixtum

366 1084 405 1104 ac
421 1075 557 1106 varium.
585 1075 652 1107 Qui
663 1076 759 1115 plura
775 1077 868 1115 velit,
883 1077 1049 1107 Platinam

366 1124 518 1154 consulat
542 1125 563 1155 Ι.
579 1133 629 1156 vt.
672 1125 727 1155 De
749 1125 900 1155 Honesta
923 1125 1050 1165 Volup-

367 1176 449 1203 tate.
475 1173 614 1204 Torrent.

407 1223 448 1252 64
469 1221 608 1261 Simplex
620 1231 636 1253 e
650 1222 746 1262 dulci]
766 1223 914 1262 Simplex
926 1223 993 1262 jus.

408 1274 450 1302 66
467 1272 537 1302 Non
550 1272 612 1303 alia
626 1281 714 1312 quam
729 1272 811 1312 quoe]
837 1272 911 1319 Nop
927 1272 1050 1312 quaevis

367 1321 483 1360 muria,
496 1321 555 1352 sed
572 1331 613 1352 ea
629 1331 717 1362 quae,
732 1325 794 1352 &c.
826 1321 983 1361 Byzantia
995 1332 1050 1360 pu-

366 1370 443 1400 truit
464 1369 548 1408 orca]
571 1370 611 1401 In
636 1371 755 1401 nostris
778 1380 875 1410 poene
900 1372 1051 1402 omnibus

366 1418 459 1449 libris
477 1419 598 1459 legitur
608 1419 724 1458 putuit,
740 1423 774 1449 et
789 1419 881 1450 orcha
897 1429 956 1459 pro
968 1429 1050 1452 orca.

366 1467 432 1498 Sed
451 1468 571 1508 putruit
597 1477 731 1498 servare
753 1467 865 1503 debet,
882 1468 939 1508 qui
957 1469 1053 1500 Lam·

367 1515 435 1546 bini
456 1516 767 1554 interpretationem
784 1520 936 1547 tueatur:
961 1517 1049 1548 aliud

367 1564 455 1595 enim
470 1567 479 1581 ‘
497 1564 640 1604 putere‚'
657 1564 698 1594 de
710 1574 775 1605 quo
790 1565 912 1605 Satyra
926 1574 1050 1605 praece·

367 1613 481 1643 dente.
526 1613 579 1642 De
595 1617 603 1631 ⁸
620 1613 715 1643 orca’
734 1622 813 1644 vero
828 1614 940 1644 bellua
955 1615 1052 1645 mari-

367 1671 410 1692 na
431 1661 575 1700 ingentis
591 1661 842 1700 magnitudinis,
853 1671 870 1692 a
887 1662 974 1692 vasis
986 1663 1053 1692 ole—

367 1710 426 1740 arii
452 1718 512 1740 seu
529 1709 658 1748 vinarii,
674 1714 728 1740 aut
746 1710 876 1750 aquarii
901 1710 1052 1741 similitu-

367 1759 447 1790 dine
471 1758 518 1789 sic
542 1758 645 1797 dicta,
663 1758 800 1789 balaenis
823 1758 957 1798 infesta,
981 1760 1051 1799 pul-

369 1807 510 1839 cerrime
536 1808 664 1838 Plinius
695 1817 748 1839 lx.
770 1811 801 1839 6.
853 1809 920 1840 Cur
942 1813 1051 1840 antem

368 1858 507 1888 muriam
535 1866 577 1888 ex
611 1857 668 1888 tali
697 1862 843 1888 monstro
869 1857 1052 1898 liquefacto

372 1905 533 1946 praeferat
559 1906 688 1941 Catius,
720 1906 809 1937 nulla
839 1906 905 1937 alia
932 1907 1053 1938 idonea

369 1965 445 1987 meo
469 1956 599 1996 judicio
636 1966 754 1987 caussa
791 1956 886 1988 reddi
925 1963 1053 1998 posset,

370 2014 468 2044 quam
499 2009 536 2035 ut
563 2008 657 2036 tanto
691 2005 794 2044 magis
825 2005 956 2037 auditor
985 2011 1053 2038 stu-

371 2058 469 2093 peat:
494 2054 556 2084 nisi
574 2054 645 2094 quis
665 2053 750 2085 forte
766 2065 867 2085 orcam
883 2065 943 2095 pro
961 2057 1054 2086 thun-

370 2111 413 2131 no
438 2102 515 2140 poni
538 2103 721 2134 existimet.
764 2104 836 2143 Ego
860 2113 936 2134 vero
953 2114 1054 2135 orcam

371 2158 430 2188 pro
446 2150 501 2180 illo
525 2151 596 2189 ipso
617 2160 695 2182 vase
717 2155 879 2191 testaceo,
903 2161 967 2182 non
992 2162 1053 2191 pro

371 2197 483 2229 bellua
505 2198 547 2229 ad
571 2199 644 2238 ejus
675 2199 924 2229 similitudinem
950 2198 1053 2238 dicta,

371 2246 515 2285 accipio,
529 2255 604 2286 quae
621 2250 714 2276 recte
728 2246 738 2263 ‘
754 2251 873 2286 putere
887 2246 896 2259 '
911 2247 1053 2284 dicitur;

372 2295 484 2334 gravis
496 2295 583 2324 enim
595 2295 711 2324 muriae
723 2298 757 2325 et
772 2296 840 2333 gari
853 2305 893 2325 ex
907 2296 1054 2335 piscibus

372 2342 560 2382 praesertim
581 2347 633 2372 est
653 2343 745 2373 odor.
772 2343 912 2375 Torrent.
957 2343 1055 2383 Orco]

372 2390 466 2422 Orca
488 2395 540 2421 est
560 2399 618 2421 vas
635 2389 739 2421 fictile
755 2390 1055 2431 Constantinopoli-

372 2443 487 2470 tanum
503 2439 725 2470 ventricosum
742 2444 778 2470 et
793 2449 850 2471 ore
865 2445 1018 2480 angusto.

414 2491 455 2518 67
471 2488 542 2519 Hoc
551 2488 604 2519 ubi
615 2487 786 2527 confusum]
802 2488 922 2519 Vinum
935 2489 1056 2529 pingue

373 2546 448 2567 cum
464 2537 583 2568 muria.
627 2536 726 2567 Sectis
746 2536 909 2576 inferbuit]
933 2537 1055 2569 Herbis

373 2586 523 2617 minutim
536 2585 677 2617 concisis
692 2590 727 2616 et
742 2585 890 2616 incoctis.

415 2638 457 2667 68
475 2634 659 2675 Corycioque
673 2643 756 2664 croco
767 2633 921 2674 sparsum]
937 2634 1056 2666 Cilicio

375 2694 472 2716 croco
501 2685 547 2716 sic
571 2685 662 2715 dicto
687 2694 707 2716 a
729 2689 843 2715 monte
866 2685 997 2725 Coryco
1023 2685 1056 2715 in

377 2733 503 2764 Cilicia.
569 2733 714 2773 Sparsum
741 2732 844 2772 stetit]
881 2733 1057 2772 Ingeniose

375 2780 549 2814 Turnebus
574 2791 599 2813 1.
617 2783 669 2813 24.
689 2782 698 2799 ‘
716 2781 830 2821 Ante,'
854 2781 974 2822 inquit,
997 2786 1005 2799 ‘
1019 2781 1057 2812 li-

824 305 963 334 NOTAE
997 305 1253 335 VARIORUM
1288 307 1336 335 IN

1098 397 1245 436 quidum,
1257 402 1432 438 postquam
1445 399 1692 439 coqnendojam
1701 405 1778 432 eon·

1099 446 1281 476 cretionem
1298 447 1438 487 aliquam
1455 448 1613 487 adeptum
1629 454 1692 487 est,
1707 458 1790 480 rect

1099 498 1132 526 te
1154 501 1244 526 stare
1267 496 1412 527 dicitur!
1455 498 1527 536 Ego
1542 507 1622 528 vero
1642 498 1675 528 id
1691 498 1780 538 quod

1093 545 1166 583 Jam
1181 549 1373 575 concretum
1390 545 1432 575 sit
1436 546 1510 585 ‚jus
1526 551 1617 576 recte
1632 546 1698 577 dici
1715 556 1779 578 non

1099 592 1263 623 existimo.
1306 593 1480 632 Liquidum
1496 594 1582 624 enim
1597 604 1670 625 esse
1682 604 1783 635 opor-

1099 643 1161 675 tet,
1176 641 1208 670 in
1225 650 1289 681 quo
1302 647 1417 671 natare
1433 642 1582 674 ficedulae
1598 647 1656 674 aut
1672 644 1780 690 pisces

1099 689 1239 728 possint,
1262 695 1300 720 ut
1322 691 1440 730 passim
1464 692 1644 732 loquuntur
1665 697 1782 724 aucto-

1099 748 1161 769 r.es
1204 739 1342 771 ‘Stare’
1365 750 1445 781 ergo
1461 742 1543 773 dicit
1559 742 1678 780 Poeta,
1691 743 1780 783 quod

1097 787 1265 818 incoctum
1284 789 1470 828 herbisjam
1485 789 1676 823 deferbuit:
1701 795 1781 821 tunc

1097 837 1183 866 enim
1195 837 1306 876 spargi
1316 837 1533 877 crocojubet,
1541 842 1575 868 et
1585 847 1662 869 mox
1672 838 1779 869 oleum

1099 884 1187 914 addi.
1211 884 1323 924 Atque
1336 887 1384 916 ita
1395 887 1576 926 Virgiliusz
1593 889 1602 904 ‘
1615 888 1698 918 Cum
1710 888 1781 928 pla·

1098 932 1208 962 cidum
1244 933 1349 963 ventis
1378 939 1483 964 staret
1511 935 1623 966 mare.'
1681 936 1781 966 Post-

1099 990 1196 1020 quam
1220 982 1350 1012 scilicet
1371 982 1443 1021 jam
1466 981 1597 1013 fervere
1622 982 1782 1016 desierat.

1098 1029 1138 1059 In
1155 1030 1215 1060 hac
1227 1030 1432 1070 autemjuris
1443 1029 1682 1070 compositione
1693 1030 1782 1071 quod

1101 1079 1198 1109 dulce
1228 1079 1350 1108 olivum
1379 1078 1494 1118 pingui
1524 1078 1662 1110 miscere
1690 1086 1782 1110 mero

1100 1127 1253 1166 praecipit
1270 1137 1278 1165 ;
1295 1136 1394 1167 quum
1410 1127 1506 1159 dulce
1521 1127 1645 1167 vinum,
1659 1127 1782 1167 pingue

1100 1176 1232 1212 olivum,
1261 1176 1371 1216 aptius
1398 1175 1560 1214 dixisset;
1593 1175 1628 1207 id
1659 1176 1710 1206 vel
1739 1175 1782 1206 ad

1099 1226 1357 1256 ostentationem
1373 1223 1598 1263 referendum,
1611 1232 1654 1254 ne
1670 1224 1783 1264 vulga-

1100 1274 1149 1304 ria
1171 1275 1265 1315 sequi
1281 1273 1446 1309 videatur,
1471 1273 1523 1303 vel
1543 1271 1584 1304 ad
1602 1278 1708 1303 artem
1724 1281 1783 1312 po-

1100 1324 1183 1354 tius:
1217 1323 1340 1363 pingue
1368 1322 1456 1353 enim
1482 1321 1606 1360 vinum,
1631 1321 1694 1351 hoc
1721 1325 1784 1359 est,

1100 1381 1260 1410 crassum,
1282 1381 1348 1402 non
1370 1369 1584 1409 defoecatum,
1602 1378 1666 1400 non
1683 1378 1782 1400 sacco

1100 1421 1258 1458 colatum,
1286 1421 1392 1460 magis
1425 1419 1594 1450 convenit.
1645 1418 1783 1450 Tou-rent.

1101 1469 1214 1508 Stetit]
1238 1468 1482 1508 Propemodum
1504 1468 1685 1498 concrevit.
1730 1467 1783 1498 In-

1099 1526 1188 1556 super
1198 1517 1306 1556 addes]
1320 1515 1586 1556 Superinfundes
1600 1517 1706 1547 oleum
1719 1515 1783 1546 Ve-

1100 1565 1286 1596 nafrauum.

1141 1615 1182 1644 70
1205 1613 1344 1653 Picenis]
1387 1613 1484 1646 Quod
1512 1622 1598 1644 nunc
1621 1613 1784 1654 sequitur,

1102 1660 1144 1690 ad
1160 1661 1337 1690 secundam
1360 1670 1506 1691 mensam
1531 1666 1683 1701 spectum
1709 1672 1781 1703 quae

1102 1718 1285 1749 pomorum,
1316 1713 1399 1740 teste
1429 1709 1556 1748 Servio,
1583 1709 1781 1742 dicebatur·

1102 1763 1203 1798 atque
1219 1758 1267 1788 ita
1279 1757 1454 1789 Turnebus
1469 1757 1671 1797 observavit,
1674 1768 1783 1814 quem

1102 1815 1233 1847 sequor.
1280 1807 1331 1836 De
1349 1806 1475 1837 Picenis
1491 1811 1601 1837 autem
1612 1816 1710 1860 pomis
1723 1809 1784 1838 eti-

1103 1865 1154 1886 am
1172 1856 1242 1887 Sat.
1263 1856 1479 1894 praecedente
1500 1854 1538 1886 fit
1559 1856 1704 1886 mentio:
1728 1865 1785 1887 no-

1102 1914 1178 1935 men
1201 1904 1325 1936 habent
1348 1915 1367 1935 a
1391 1904 1510 1944 patria,
1526 1909 1563 1935 ut
1581 1905 1590 1921 ‘
1608 1904 1787 1936 Amerina'

1102 1959 1138 1984 et
1163 1956 1172 1970 ‘
1189 1953 1380 1986 Graecula:’
1415 1954 1480 1984 alia
1509 1953 1550 1984 ab
1577 1953 1784 1984 inventorum

1101 2002 1249 2042 familiis,
1277 2009 1314 2034 ut
1347 2004 1357 2020 ‘
1377 2002 1549 2042 Matiana,’
1579 2002 1786 2042 ‘seminum'

1102 2053 1112 2069 ‘
1135 2051 1330 2087 Manliana,’
1358 2054 1422 2083 &c.
1478 2051 1607 2083 Plinius
1642 2060 1702 2082 xv.
1734 2053 1785 2083 14.

1105 2101 1244 2132 Torrent.
1288 2101 1427 2141 Picenis]
1449 2100 1576 2132 Picena
1600 2101 1685 2132 mala
1709 2106 1787 2132 sunt

1102 2149 1252 2179 dulciora
1275 2149 1479 2179 Tiburtinis:
1513 2148 1629 2179 eadem
1658 2154 1740 2188 puto
1766 2158 1786 2180 a

1103 2196 1283 2227 Nasidieno
1318 2196 1480 2226 nominari
1517 2197 1526 2212 ‘
1544 2195 1732 2236 melimela,’
1765 2207 1784 2226 a

1102 2246 1222 2275 melleo
1251 2254 1393 2284 sapore:
1439 2244 1448 2261 ‘
1467 2243 1621 2277 Musten’
1651 2244 1785 2283 Catoni,

1103 2293 1263 2331 Varroni,
1287 2292 1492 2331 Columellas,
1506 2293 1593 2324 inter
1616 2293 1786 2326 conditiva

1103 2347 1288 2372 numerata.
1309 2341 1405 2381 Cruq.
1452 2340 1591 2373 Tiburtia
1602 2341 1704 2382 succo]
1721 2342 1784 2374 Po-

1104 2399 1158 2421 ma
1172 2391 1297 2421 Tibure
1312 2395 1400 2421 nata.

1146 2441 1185 2469 71
1212 2439 1304 2470 Facie
1325 2439 1491 2478 prestant]
1529 2438 1787 2471 pulchritudine

1105 2493 1279 2528 praestant.
1329 2487 1493 2526 Venucula]
1518 2487 1574 2518 Sic
1589 2488 1694 2518 nostri
1709 2498 1784 2529 quo-

1106 2547 1169 2577 que
1194 2537 1346 2570 meliores
1368 2536 1515 2576 codices,
1530 2545 1595 2567 non
1611 2539 1789 2573 venunculo,

1106 2584 1152 2615 At
1170 2585 1297 2616 Plinius
1311 2593 1386 2615 xlv.
1399 2586 1430 2615 2.
1452 2583 1479 2615 si
1499 2584 1668 2625 scriptura
1683 2585 1788 2626 proba

1105 2639 1171 2672 est,
1191 2635 1200 2651 ‘
1215 2631 1418 2664 veniculam'
1441 2637 1550 2672 vocat,
1572 2633 1645 2664 ollis
1665 2633 1720 2674 (ut
1741 2635 1787 2666 in·

1106 2682 1194 2723 quit)
1210 2682 1427 2724 aptissimam.
1463 2681 1554 2713 Hine
1570 2692 1667 2724 porro
1678 2685 1788 2715 ollam

1105 2741 1183 2771 uvoe,
1209 2737 1244 2763 et
1266 2732 1298 2762 in
1324 2731 1430 2763 veteri
1456 2731 1591 2772 Lexico,
1612 2731 1786 2773 βοτρυόνες,

1104 2782 1216 2814 racemi
1237 2781 1402 2814 conditilii.
1429 2781 1460 2812 Τ
1461 2787 1586 2814 orrent.
1634 2783 1783 2816 Venucula
