1904 3216
500 285 708 318 noRA'ru
741 285 1018 327 SBRMQNUM
1052 285 1147 317 mn.
1178 286 1211 316 1.
1239 275 1282 316 6.

164 384 224 419 lud
248 382 392 417 AEmiliae
418 383 531 425 gentis
550 390 750 424 cognomen.
771 384 864 413 utra-

164 442 232 475 que
257 432 462 466 nobilissima
491 432 559 466 fuit
589 433 693 465 etiam
727 431 865 463 Horatii

165 482 388 525 temporibus,
402 491 585 525 omnesque
598 482 742 514 bonores
759 481 864 523 adep-

164 537 200 565 ta
214 535 280 565 est.
305 531 448 564 Torreat.

205 585 250 615 48
269 582 435 623 Plaustra]
457 580 589 614 Probus
610 580 863 614 Grammaticus

160 633 304 674 planura
317 631 360 664 ab
371 631 538 674 imperitis
552 630 619 663 dici
631 631 694 670 ait,
707 639 784 663 cum
795 632 863 672 plo-

163 687 234 716 stra
250 683 367 716 dicere
385 682 550 714 deberent
562 692 572 712 ε
602 681 693 714 unde
707 685 745 714 et
767 681 778 701 ‘
789 682 863 723 plo·

162 732 323 766 stellam!
345 732 486 764 Torreat.

204 785 247 816 43
276 783 401 822 Magno
434 781 572 824 ambit]
605 782 735 815 Vocem
771 782 864 824 edet,

161 841 238 874 qum
253 841 386 865 ornnem
401 831 582 873 strepitum
597 831 726 865 vincat.

202 883 247 914 44
284 881 410 913 Cornua
444 882 526 922 quoa
559 881 722 923 vincatque
758 880 864 922 tubas]

161 932 243 964 Duo
262 931 319 964 bic
334 932 378 965 ad
399 932 614 974 antiquitatis
635 932 864 974 cognitionem

161 981 388 1023 observanda,
403 986 440 1014 et
457 981 546 1024 quod
558 981 635 1021 sor-o
657 983 730 1015 duci
746 982 864 1022 sunem

163 1031 226 1068 ait,
249 1035 287 1064 et
309 1032 402 1074 quod
419 1041 535 1064 cornua
548 1042 589 1064 ac
604 1032 696 1065 tubus
710 1033 863 1065 adhibet.

163 1081 255 1114 Foro
281 1086 398 1114 antem
431 1081 560 1114 deferri
595 1084 720 1120 solere,
757 1084 865 1116 Plinii

163 1139 299 1173 quoqne
315 1132 410 1164 loeus
425 1132 575 1165 ostendit
587 1141 654 1166 vu.
667 1137 721 1166 52.
751 1134 763 1152 ‘
776 1133 865 1165 Var-

164 1190 204 1213 ro
218 1185 341 1214 auctor
356 1186 411 1215 est
424 1191 445 1215 e
460 1191 527 1215 xx.
547 1183 630 1216 viris
646 1182 766 1226 agrum
780 1183 865 1216 divi-

162 1230 302 1264 dentem
314 1232 444 1274 Capnae
457 1233 651 1275 quemdam,
658 1235 717 1276 qui
727 1233 865 1267 efferre·

164 1285 221 1312 tur
244 1280 332 1322 foro,
354 1282 492 1315 domurn
507 1294 680 1316 remeasse
695 1284 866 1326 pedibus!

161 1331 215 1363 De
232 1331 323 1364 tubis
339 1342 422 1365 vero
446 1334 610 1376 tibiisque
632 1339 670 1368 et
690 1335 864 1374 cornibus,

161 1389 217 1412 res
229 1382 384 1415 omnibns
396 1387 491 1416 nota.
522 1384 686 1426 Propert.
701 1394 753 1417 ιν.
768 1387 863 1417 11.9.

161 1431 171 1450 ‘
182 1431 241 1464 Sic
257 1437 388 1465 moestae
402 1434 559 1466 cecinere
570 1434 678 1475 tubae,
693 1443 771 1467 cum
785 1434 864 1466 snb·

159 1480 237 1513 dita
263 1487 419 1515 nostrum
450 1483 662 1516 Detraheret
684 1484 777 1516 lecto
803 1482 864 1516 fax

158 1530 297 1564 inimica
331 1531 462 1574 eaput!
516 1533 658 1565 Persius
692 1533 768 1566 Sat.
802 1541 863 1566 ιιι.

157 1580 169 1599 ⁸
187 1579 283 1613 Hinc
317 1581 415 1618 tuba.
452 1581 620 1623 candelae,
655 1582 863 1625 tandemque

157 1628 316 1663 beatulus
325 1631 396 1664 alto
405 1631 623 1674 Compositus
634 1633 748 1666 lecto·'
761 1632 865 1669 ovid.

157 1679 264 1713 Trist.
290 1690 326 1713 v.
349 1681 471 1713 ‘Tibia
494 1681 673 1714 funeribus
704 1683 865 1715 convenit

158 1728 226 1762 ista
239 1729 347 1762 meis.’
389 1730 552 1773 Denique
574 1731 584 1749 ‘
596 1731 750 1764 siticines
761 1732 770 1746 '
786 1732 865 1764 olim

161 1779 364 1819 appellatos,
378 1779 437 1821 qui
452 1780 542 1821 apud
554 1778 652 1821 sitos,
664 1780 700 1812 id
715 1785 782 1820 est,
792 1781 867 1812 vita

161 1826 298 1860 functos
328 1837 452 1860 canere
481 1829 571 1860 soliti
598 1834 725 1871 essent,
748 1835 867 1862 auctor

162 1881 216 1909 est
224 1877 359 1910 Gellius
373 1886 440 1910 xx.
457 1881 510 1910 11.
533 1877 670 1911 Addam
679 1883 867 1922 postremo,

162 1931 202 1958 ut
227 1926 264 1959 in
289 1927 472 1960 lautiorum
499 1926 621 1960 funere
640 1928 789 1962 ‘tubas'
825 1940 866 1962 ac

160 1977 309 2010 ‘cornua
331 1977 526 2020 tibiasque,'
549 1978 599 2011 sic
622 1978 657 2010 in
673 1979 865 2012 tenuiorum

159 2026 398 2060 ‘arundinem’
420 2033 619 2069 usurpatam
633 2027 751 2061 fuisse.
780 2029 866 2061 Pro·

161 2082 254 2119 pert.
283 2085 335 2110 tv.
364 2080 398 2109 7.
428 2078 526 2111 ‘Nec
549 2079 684 2120 crepuit
706 2078 787 2110 fissa
808 2088 861 2111 me

162 2130 307 2168 propter
329 2126 494 2159 arundine
514 2127 653 2160 custos.'
699 2129 865 2171 Loquitur

160 2180 275 2208 autem
300 2176 343 2208 de
363 2177 510 2219 sepulcri
532 2178 686 2214 custode,
710 2185 864 2210 veterum

158 2234 264 2260 more.
298 2228 396 2260 Tenet
408 2228 466 2260 hoc
478 2228 550 2269 nos]
571 2229 666 2261 Salse
681 2229 863 2263 admodum

159 2281 197 2310 et
226 2281 369 2310 venuste
405 2287 449 2310 ex
479 2287 627 2319 persona
656 2280 761 2321 vulgi,
797 2289 864 2312 non

159 2327 244 2360 alios
266 2327 378 2367 magis
391 2325 602 2367 admirantis,
617 2337 718 2369 qnam
734 2329 792 2370 qui
808 2339 865 2361 vo·

159 2376 338 2410 ciferando
352 2376 523 2416 imperitae
540 2376 652 2408 tnrbae
667 2386 704 2408 se
716 2378 867 2419 jactant,

162 2431 336 2467 tamqnam
347 2425 500 2456 vindices
511 2425 696 2458 libertatis.
721 2426 864 2461 Torreat.

164 2475 287 2508 Saltem
300 2477 385 2506 tenet
399 2474 456 2506 hoc
466 2474 537 2515 nos]
558 2473 636 2507 Hoc
649 2478 715 2516 est,
728 2476 802 2517 ejus
812 2478 864 2509 in-

163 2525 294 2565 signem
309 2523 540 2563 vocalitatem,
554 2523 583 2555 si
597 2523 680 2556 nibil
696 2525 787 2557 aliud
802 2536 865 2559 nos

163 2573 382 2614 admiramur,
397 2573 602 2614 dignamque
616 2573 810 2614 judicamus
825 2586 866 2609 eo

163 2623 284 2656 ordine
313 2627 351 2655 et
375 2622 494 2664 gradu.
539 2622 652 2656 Quam
677 2623 792 2664 lepide
807 2634 867 2658 no-

164 2679 218 2707 tat
233 2673 399 2709 Horatius
425 2673 588 2714 populum
603 2673 736 2705 eximiae
759 2677 867 2716 stupi.

164 2724 297 2762 ditatis,
310 2724 382 2765 qui,
397 2724 533 2755 coeteris
555 2727 617 2755 ant
637 2733 704 2756 non
720 2726 866 2766 cognitis

165 2774 268 2807 animi
283 2773 394 2814 bonis,
407 2777 466 2805 aut
485 2773 667 2814 neglectis,
682 2774 725 2806 ad
742 2784 783 2807 ea
798 2775 868 2808 fer-

165 2829 222 2858 tur
235 2823 430 2867 plurimum,
449 2832 526 2866 quae
546 2823 758 2858 extrinsecus
778 2825 866 2859 inso-

1496 275 1610 319 1643

914 381 978 414 lita
1009 381 1153 424 quadam
1186 381 1267 414 boni
1311 379 1428 423 specie
1463 380 1609 421 gratiam

913 435 950 463 et
965 433 1164 474 applausum
1183 430 1308 464 mereri
1322 429 1492 463 videntur.
1515 430 1614 470 Gruq.

913 481 1034 514 Saltem
1059 482 1160 524 tenet]
1181 482 1268 516 Quae
1291 481 1384 514 vocis
1409 479 1612 522 magnitudo

911 529 995 564 facit
1022 541 1083 565 nos
1112 531 1279 564 sustinere
1314 530 1389 572 ejus
1421 529 1613 572 ignobilita-

913 584 996 614 tem.

954 632 998 663 46
1020 631 1153 663 Rodunt
1179 631 1299 672 omnes]
1322 630 1451 663 Omnes
1477 629 1615 662 clancu-

911 680 980 711 lum
996 679 1168 713 mordent.
1210 680 1372 712 uomina
1384 682 1476 721 patre
1489 679 1613 720 natum]

913 727 1032 760 Codex
1079 738 1166 761 unus
1200 733 1434 770 pervetustus,
1469 728 1614 771 libertino

907 781 1001 819 patre
1024 781 1131 820 notas,
1155 782 1195 810 ut
1219 787 1296 810 cum
1319 787 1422 809 versu
1446 783 1614 819 sequente

913 827 1170 869 conjungatur3
1207 836 1308 869 quam
1332 827 1517 860 lectionem
1547 836 1614 859 non

913 886 1050 919 possum
1064 887 1132 910 non
1147 876 1321 919 amplecti.
1364 877 1531 910 Ostendit
1555 887 1614 909 au·

911 931 982 960 tem
996 926 1109 960 Poeta
1122 936 1183 959 suo
1197 927 1302 969 ipsius
1324 927 1496 968 exemplo,
1508 925 1617 959 fortu-

912 985 967 1011 uae
996 976 1156 1009 comitem
1186 985 1263 1008 esse
1294 975 1468 1008 invidiam.
1498 985 1615 1018 qnam-

913 1037 1013 1070 quam
1028 1027 1209 1069 distinguit
1219 1027 1306 1069 ipse,
1316 1036 1440 1059 casuue
1453 1031 1488 1059 et
1500 1035 1616 1060 errore

913 1077 1040 1119 aliquid
1057 1077 1236 1117 acciderit,
1250 1087 1292 1110 an
1312 1077 1446 1120 jndicio
1470 1087 1513 1110 an
1537 1086 1618 1109 con·

913 1128 1016 1160 sulto.
1059 1127 1128 1160 Sed
1157 1127 1315 1170 profecto
1341 1127 1385 1160 ad
1409 1125 1616 1160 ‘invidiam'

914 1177 1005 1219 quod
1020 1177 1160 1217 attinet,
1174 1187 1216 1210 ea
1231 1178 1314 1210 nulli
1331 1177 1456 1220 parcit,
1468 1176 1538 1218 ipsi
1552 1176 1617 1208 vir-

916 1227 982 1259 tuti
998 1227 1054 1259 vel
1065 1227 1211 1260 maxime
1226 1226 1366 1260 infesta.
1383 1226 1393 1244 ‘
1404 1227 1600 1268 Indignatio
1609 1225 1618 1239 ’

915 1285 999 1309 vero
1022 1281 1105 1309 tunc
1129 1276 1268 1318 proprie
1281 1276 1393 1308 locum
1408 1275 1525 1312 habet,
1539 1285 1617 1308 cum

913 1327 1055 1368 indigno
1074 1331 1111 1359 et
1134 1326 1328 1360 immerenti
1351 1326 1539 1360 obveniunt
1560 1326 1617 1358 bo-

913 1388 970 1411 na.
997 1379 1140 1410 Torreat.

955 1430 999 1460 47
1023 1428 1135 1469 Nunc]
1159 1427 1262 1460 Nunc
1275 1436 1319 1459 ne
1333 1427 1506 1460 mordent.
1539 1426 1619 1458 Sum

914 1476 974 1508 tibi
994 1476 1167 1517 convictor]
1189 1478 1273 1509 Sum
1295 1476 1360 1510 tibi
1382 1476 1560 1510 familiaris
1582 1481 1619 1509 et

914 1527 1070 1560 conviva.
1102 1526 1150 1560 At
1163 1527 1252 1568 olim]
1276 1527 1369 1560 Olim
1384 1526 1599 1560 mordebant.

955 1579 999 1609 48
1023 1577 1115 1614 Quod
1138 1577 1228 1619 milri,
1250 1577 1322 1620 φη]
1343 1577 1433 1612 Quia
1459 1577 1617 1610 tribunus

913 1627 1058 1659 militum
1075 1627 1136 1660 fui.

956 1680 1000 1709 49
1022 1678 1189 1709 Dissimile
1202 1678 1258 1709 hoc
1280 1678 1331 1709 illi
1355 1676 1418 1717 est]
1442 1677 1619 1708 Dissimile

915 1731 970 1759 est
986 1726 1160 1758 tribunum
1185 1727 1332 1758 militum
1354 1727 1434 1758 olim
1455 1725 1570 1765 fuisse,
1584 1730 1622 1757 et

916 1776 980 1808 tibi
1006 1775 1107 1809 hodie
1136 1775 1335 1808 familiarem
1368 1785 1453 1808 esse.
1497 1776 1622 1817 For-sit]

915 1826 1089 1859 Fortasse.
1134 1826 1310 1867 Honorem]
1332 1826 1453 1859 Honor
1466 1835 1620 1858 nonnun-

916 1885 1017 1918 quam
1033 1875 1216 1909 mandatur
1231 1876 1390 1918 indignis.

958 1928 1000 1958 5⁰
1023 1926 1172 1959 Insideat
1185 1926 1304 1968 quivis]
1326 1926 1487 1959 Invidere
1499 1925 1621 1968 possit.

915 1975 1076 2016 Amicum]
1104 1976 1179 2008 Tuo
1207 1975 1341 2018 judicio
1377 1976 1525 2009 electum
1553 1985 1620 2008 non

914 2025 1072 2058 fortuito.

957 2079 999 2109 ⁵1
1025 2077 1177 2119 cautum]
1202 2077 1476 2110 Consideratum.

958 2129 1001 2158 52
1025 2126 1100 2158 Non
1118 2127 1188 2167 hoc,
1208 2127 1279 2169 ξω]
1300 2127 1378 2160 Non
1399 2128 1477 2167 hoc,
1495 2126 1530 2158 id
1552 2131 1619 2165 est,

912 2176 1042 2209 idcirco
1070 2177 1197 2218 possim
1225 2187 1281 2209 me
1318 2177 1434 2209 dicere
1470 2176 1620 2212 felicem,

913 2226 1006 2270 quod
1033 2236 1115 2259 casu
1139 2232 1176 2260 te
1198 2227 1262 2260 sim
1286 2228 1430 2260 sortitus
1453 2228 1620 2260 amicum:

913 2276 1004 2319 quod
1027 2282 1124 2309 recte
1146 2277 1195 2309 ita
1220 2276 1351 2310 facturn
1376 2287 1444 2310 non
1461 2282 1526 2318 est,
1541 2287 1619 2309 nam

913 2336 981 2358 non
996 2336 1095 2359 casus
1107 2332 1167 2359 ant
1181 2327 1316 2360 fortuna
1331 2337 1386 2360 me
1399 2328 1462 2360 tibi
1475 2328 1619 2360 amicum

913 2376 1122 2415 conciliavit,
1147 2376 1208 2408 sed
1231 2378 1303 2408 sola
1322 2387 1397 2409 mea
1418 2379 1536 2418 virtus,
1552 2379 1618 2408 ὅτε.

917 2425 1014 2465 Cruq.
1059 2426 1131 2456 Non
1151 2426 1224 2467 hoc]
1249 2427 1328 2458 Non
1350 2427 1414 2458 hac
1430 2432 1524 2458 sorte
1539 2435 1618 2467 pos-

913 2484 986 2506 sum
1003 2474 1196 2515 praedicare
1208 2485 1262 2506 me
1278 2475 1426 2507 felicem.

958 2528 999 2557 53
1023 2525 1165 2556 Sortitus
1190 2526 1338 2566 anticum]
1372 2525 1473 2559 Quod
1499 2531 1620 2559 nactus

916 2576 978 2607 sim
995 2580 1031 2607 te
1046 2575 1203 2606 amicum.

958 2627 1000 2656 54
1024 2624 1106 2656 Fors
1134 2622 1263 2663 obtulit]
1294 2622 1381 2655 Sora
1400 2624 1433 2655 in
1464 2624 1618 2666 pluribus

915 2676 1023 2707 multo
1038 2674 1288 2715 exemplaribus
1309 2674 1475 2715 scriptum
1497 2685 1619 2717 reppe-

916 2726 957 2759 ri.
982 2726 1126 2757 Tor-rent.

957 2780 999 2808 55
1027 2775 1157 2817 Varius]
1180 2774 1262 2807 Tres
1276 2774 1355 2806 libri
1374 2774 1484 2807 Varus.
1529 2776 1615 2808 Lec-

917 2831 970 2860 tor
985 2826 1103 2868 eligat.
1147 2826 1235 2859 Quae
1257 2824 1301 2858 de
1320 2825 1507 2860 Quinctilio
1522 2826 1614 2858 Varo
