1916 3262
541 274 889 306 BP18TOLARUM
927 276 1022 306 mn.
1052 274 1104 308 11.
1132 266 1174 307 2.
1466 270 1578 311 1247

132 367 295 409 Tibure
313 367 386 410 vel
407 367 576 418 Gabiis,
596 373 640 408 et
659 371 803 409 tecum
822 369 886 409 sic
903 375 1008 422 agat
1026 383 1035 411 :
1069 370 1161 412 Hic
1181 374 1224 411 et

130 434 373 484 Candidus,
390 439 437 475 et
455 435 573 476 talos
595 448 623 477 a
642 436 808 476 vertice
827 436 1008 489 pulcher
1027 438 1083 478 ad
1106 439 1234 488 imos,

133 501 231 544 Fiet
251 502 418 556 eritque
439 505 539 542 tuus
558 515 827 543 nummorum
847 502 1040 545 millibus
1063 510 1190 555 oct03
1458 521 1460 525 ¹
1549 509 1577 548 5

129 567 282 610 Verna
300 568 553 609 ministeriis
575 568 632 609 ad
651 573 780 610 nutus
801 575 934 623 aptus
954 569 1136 623 heriles3

128 632 332 676 Literulis
351 633 523 676 Graecis
544 635 752 686 imbutus,
773 636 959 677 idoneus
979 637 1061 678 arti

129 700 347 753 Cuilibet3
377 702 532 755 argilla
550 702 728 756 quidvis
748 703 986 745 imitaberis
1006 704 1123 756 uda3

129 766 245 818 Quin
262 768 393 810 etiam
416 774 546 812 canet
565 770 804 820 indoctum,
823 770 901 812 sed
921 770 1047 812 dulce
1067 771 1259 812 bibenti:

127 832 274 875 Multa
292 834 423 876 fidem
443 837 665 889 promissa
685 838 848 888 levant,
870 838 944 880 ubi
962 838 1133 892 plenius
1155 851 1288 891 aequo
1522 842 1575 883 10

125 899 297 942 Laudat
315 902 508 950 venales,
530 903 605 956 qui
623 903 716 944 vult
734 903 974 954 extrudere,
994 917 1190 946 merces:

125 965 219 1008 Res
237 973 366 1021 urget
385 982 455 1010 me
474 970 622 1021 nulla3
652 982 750 1012 meo
770 977 866 1013 sum
885 983 1054 1026 pauper
1075 972 1117 1013 in
1138 984 1248 1014 aere:

122 1109 197 1140 dare
209 1118 327 1141 servum
340 1110 453 1143 Tibure
464 1115 520 1143 aut
538 1111 653 1143 Gabiis
666 1111 829 1144 oriundum
839 1122 852 1149 ‚·
873 1114 963 1152 atque
979 1112 1038 1143 tibi
1051 1112 1096 1143 sic
1111 1112 1272 1152 loquatur:
1295 1111 1363 1143 Iste
1377 1112 1526 1152 sincerus,
1542 1116 1573 1144 et

123 1150 245 1190 integer
258 1162 278 1182 a
290 1153 392 1192 capite
406 1154 446 1184 ad
460 1155 585 1194 calcem,
600 1154 658 1185 tibi
671 1155 819 1186 vendetur
831 1160 900 1185 octo
912 1155 1047 1185 millibus
1061 1164 1265 1192 nummorum,
1280 1153 1422 1191 samalus
1434 1157 1575 1194 promtus

123 1191 246 1234 obsequi
258 1194 385 1232 nutibus
397 1195 464 1226 heri
473 1207 486 1233 ;
508 1196 610 1227 licerii
627 1196 750 1228 Groecis
763 1196 914 1233 eruditus,
937 1196 1036 1227 omnis
1058 1196 1232 1236 disciplinae
1252 1205 1371 1235 capax:
1394 1196 1473 1226 ‘tunc
1491 1196 1573 1227 velut

122 1235 212 1266 molle
225 1235 324 1267 lutum
338 1239 374 1267 ut
388 1237 515 1269 libuerit
527 1238 653 1279 finges.-
676 1237 815 1270 cantabit
839 1238 932 1269 etiam
948 1239 1014 1269 sine
1027 1241 1107 1276 arte,
1122 1239 1202 1277 quod
1217 1237 1388 1277 jucundum
1402 1236 1485 1269 inter
1499 1247 1573 1278 epu-

121 1276 178 1307 lan.
223 1277 343 1309 Nimiae
362 1279 600 1319 pollicitationes
613 1280 759 1311 minuunt
769 1279 881 1321 fldem,
902 1280 1023 1319 quando
1044 1281 1215 1319 plusculum
1229 1280 1333 1310 laudat
1348 1289 1464 1310 merces
1479 1288 1571 1311 vena-

121 1318 165 1349 les
176 1319 231 1359 qui
245 1321 330 1360 cupit
346 1330 399 1352 eas
415 1321 477 1352 cito
491 1322 640 1352 vendere.-
661 1324 695 1355 at
708 1322 793 1352 nulla
807 1331 856 1352 me
870 1321 1037 1352 necessitas
1050 1322 1185 1360 premit:
1206 1321 1240 1351 in
1259 1321 1396 1360 propriis
1410 1321 1497 1352 bonis
1510 1330 1573 1351 mo·
1639 1345 1642 1348 .

724 1422 838 1434 000000
843 1421 961 1434 ‘moe

118 1488 138 1518 3
161 1486 258 1518 Vnt.
279 1488 330 1518 10.
352 1488 405 1517 19.
426 1486 477 1517 hic
505 1489 629 1518 est—8
652 1487 738 1518 Exc.
767 1487 848 1518 Sax.
871 1486 1053 1518 mutabitur.
1098 1487 1179 1518 Vnt.
1200 1487 1298 1518 Rom.
1314 1490 1346 1518 5.
1367 1487 1571 1519 imitabimur.

117 1528 244 1561 venet.
261 1530 357 1561 1546.
377 1528 555 1561 mirabitur.
596 1530 664 1562 sex
680 1528 781 1561 codd.
797 1529 888 1568 Feae,
902 1529 1098 1565 imitaberis:
1114 1529 1162 1561 ita
1177 1530 1233 1561 alii
1248 1530 1333 1560 Mss.
1349 1530 1439 1569 apud
1452 1529 1572 1561 Lamb.

118 1570 222 1613 Cruq.
235 1571 334 1603 Torr.
347 1571 446 1603 Talb.
491 1571 608 1603 Ceteri
622 1571 707 1603 Mss.
723 1572 802 1603 Feae
819 1576 855 1603 et
871 1571 1026 1612 aliorum,
1042 1571 1229 1603 imitabitur.
1272 1572 1485 1603 Varietatem
1501 1573 1570 1603 lec-

117 1612 218 1644 tionis
235 1612 308 1654 jam
326 1617 508 1645 notaverat
523 1614 637 1646 Acron
660 1613 746 1654 ipse,
760 1614 818 1655 qui
836 1623 898 1655 pro
923 1613 1095 1645 imitaberis
1110 1618 1190 1650 stat,
1207 1620 1242 1646 et
1258 1614 1419 1655 exponit:
1444 1614 1454 1631 ‘
1470 1615 1570 1645 Tanti

117 1655 244 1696 ingenii
269 1664 318 1695 es,
343 1660 382 1687 nt
407 1654 528 1687 flectas
549 1665 639 1694 eum,
661 1665 727 1697 quo
744 1655 841 1694 velis,
857 1660 1017 1698 tanquam
1034 1656 1188 1696 argillam
1205 1655 1328 1687 udam!
1370 1656 1411 1687 In
1427 1655 1570 1687 eandem

117 1697 319 1729 sententium
335 1703 581 1729 concesserunt
595 1699 755 1730 Britann.
772 1701 867 1729 1520.
893 1698 1008 1730 Lamb.
1025 1702 1060 1728 et
1075 1698 1148 1737 ejus
1173 1697 1394 1738 argumentis,
1408 1698 1441 1728 in
1467 1707 1569 1729 sensu

117 1738 276 1778 Act-onis,
301 1739 443 1771 abducti
470 1739 515 1771 H.
537 1741 657 1780 Steph.
684 1740 787 1780 Cruq.
813 1739 926 1770 Pulm.
949 1739 1056 1770 eliab.
1079 1740 1174 1770 Torr.
1199 1741 1245 1772 D.
1262 1740 1380 1770 Heius.
1400 1740 1570 1780 Desprez,

117 1781 229 1822 nond,
253 1781 380 1812 Dncer.
405 1781 508 1813 Baxt.
525 1781 639 1813 Bentl.
657 1789 844 1820 anonymus
857 1781 948 1821 Traj.
966 1780 1009 1811 ad
1026 1781 1135 1812 Rhen.
1153 1783 1249 1812 1713.
1285 1781 1429 1821 Cuning.
1444 1781 1569 1813 Sanad.

117 1823 230 1854 Merv.
243 1823 348 1854 Gesn.
361 1823 512 1863 Sandby,
525 1823 614 1854 Phil.
630 1824 726 1854 Bait.
738 1823 815 1854 Val.
832 1822 973 1863 Dorigh·
986 1822 1143 1853 Oberlin.
1156 1822 1298 1858 Combe,
1310 1822 1448 1853 Wakef.
1460 1822 1567 1855 Wetz.

118 1864 227 1896 Zenn.
247 1865 387 1904 Bipont.
413 1864 561 1904 Bodoni,
587 1864 691 1896 Kidd.
714 1869 749 1896 et
774 1864 928 1904 Doering.
951 1864 1130 1896 imitabitur
1151 1865 1255 1896 etiam
1280 1865 1361 1903 Fen,
1386 1865 1509 1901 Bothe,
1533 1868 1570 1896 et

116 1905 324 1938 Jaeck.—1o
346 1906 504 1947 Angelic.
519 1908 551 1939 3.
574 1907 677 1938 levant
694 1906 847 1947 promissa
859 1906 972 1947 fidem.
1017 1906 1095 1937 Vat.
1116 1909 1145 1937 1.
1169 1916 1188 1937 a
1203 1916 1246 1937 m.
1272 1916 1324 1946 pr.
1346 1906 1400 1937 ubi
1414 1906 1568 1938 lenius.—

118 1951 156 1979 11
181 1948 278 1980 Harl.
294 1951 326 1979 4.
337 1951 370 1980 6.
393 1948 625 1980 Schoenborn.
639 1952 670 1980 2.
687 1948 808 1989 viginti
825 1948 891 1979 duo
907 1958 961 1988 ap.
979 1948 1094 1984 Feam,
1110 1948 1166 1979 alii
1181 1958 1236 1989 ap.
1251 1947 1369 1979 Lamb.
1386 1950 1545 1980 excludere
1554 1960 1567 1986 ;

118 1989 246 2022 refutat
268 1989 387 2022 Lamb.
415 1990 593 2030 adoptavit
620 1990 762 2029 Cuning.
785 1991 951 2022 extrudere
975 1990 1081 2022 ceteri
1104 1990 1203 2021 codd.
1218 1991 1312 2028 Feae,
1329 1989 1424 2020 Harl.
1438 1992 1471 2021 2.
1488 1993 1518 2021 3.
1534 1993 1567 2023 7.

117 2031 234 2064 Zarot.
257 2032 399 2063 Mediol.
415 2035 510 2064 1476.
543 2033 669 2064 Venet.
689 2034 784 2064 1478.
800 2034 895 2064 1479.
909 2034 1005 2063 1481.
1022 2034 1117 2063 1483.
1135 2034 1229 2063 1486.
1245 2034 1340 2063 1490.
1358 2034 1452 2063 1492.
1471 2035 1566 2064 1495.

117 2076 211 2105 1509-
227 2076 320 2106 1546.
334 2076 429 2105 1552.
464 2074 557 2114 Lips:
574 2077 670 2106 1499.
700 2073 804 2105 Aldd.
819 2076 849 2105 1.
865 2075 895 2105 2.
911 2075 942 2105 3.
964 2074 1060 2107 Jnnt.
1075 2076 1171 2105 1503.
1193 2073 1278 2104 Bad.
1289 2073 1432 2105 Ascens.
1449 2074 1566 2106 Basili.

116 2117 146 2148 1.
165 2119 196 2148 2.
211 2118 244 2148 8.
268 2116 370 2148 Dion.
395 2116 438 2147 ab
464 2116 589 2148 Har-sio
617 2116 727 2156 Lugd.
754 2118 849 2148 1⁵38.
872 2116 914 2147 R.
930 2116 1047 2157 Stepll.
1065 2119 1160 2147 1544.
1184 2116 1300 2148 Lamb.
1316 2116 1444 2148 Mutet.
1461 2121 1497 2148 et
1514 2126 1567 2149 re-

115 2163 221 2191 centt.
247 2167 314 2190 nno
343 2162 489 2199 excepto
519 2158 664 2200 Cuniug.
695 2158 861 2190 extendere
886 2158 1114 2190 Schoenborn.
1143 2162 1177 2190 4.
1214 2167 1331 2190 menses
1359 2168 1421 2200 pro
1451 2168 1568 2191 merces

771 2265 914 2297 NOTAE

155 2340 176 2368 3
202 2337 326 2379 Tibure]
347 2337 427 2369 Vid.
452 2346 477 2369 1.
501 2337 570 2369 Od.
592 2340 625 2370 ⁷.
650 2342 684 2370 et
708 2341 757 2370 18.
774 2343 810 2370 et
863 2337 959 2377 teris,
992 2336 1047 2371 fac
1075 2338 1108 2369 iu
1139 2338 1310 2378 palaestra‚
1337 2337 1370 2368 in
1401 2337 1563 2368 musicis:

116 2395 158 2419 ιι.
175 2386 244 2419 od.
258 2390 290 2420 6.
863 2387 1022 2418 solertem
1036 2387 1149 2418 dabo?

160 2435 288 2476 Gabiis]
309 2437 388 2468 vid.
403 2446 428 2469 1.
444 2438 553 2478 Epist.
572 2440 624 2470 11.
639 2442 673 2469 et
689 2440 740 2470 15.
907 2439 948 2468 10
970 2436 1181 2478 Multafidem
1188 2437 1341 2477 promissa
1350 2436 1466 2476 levant]
1478 2437 1563 2468 Sub-

157 2485 224 2517 Hic
237 2489 268 2517 et
285 2486 459 2527 Candidus]
483 2487 599 2519 Verba
623 2492 703 2520 sunt
719 2497 809 2520 man·
863 2485 958 2517 dolus
976 2486 1170 2526 negotiator
1187 2486 1258 2517 vult
1274 2486 1380 2516 videri
1398 2495 1462 2516 non
1479 2485 1562 2516 dare

116 2537 226 2578 gonis,
241 2546 346 2578 usque
362 2536 404 2567 ad
417 2546 550 2569 versum
566 2541 620 2570 17.
862 2536 981 2574 verba,
997 2545 1072 2567 cum
1088 2537 1230 2567 maxime
1244 2535 1348 2566 verba
1363 2535 1434 2565 dat.

157 2589 179 2618 6
205 2586 324 2627 Vena]
349 2586 475 2618 Servus
497 2595 540 2617 ex
565 2586 689 2619 ancilla
711 2592 810 2619 natus
906 2586 946 2616 12
969 2585 1042 2616 Meo
1058 2593 1125 2615 sum
1140 2594 1257 2624 pauper
1272 2584 1306 2614 in
1320 2583 1396 2622 aere]
1421 2582 1561 2614 Nullum

116 2636 219 2669 domi.
863 2643 910 2665 ωε
934 2633 1080 2664 alienum
1107 2633 1232 2670 liabe03
1257 2631 1340 2662 nihil
1362 2630 1470 2662 debeo
1495 2631 1563 2662 cui-

157 2689 177 2718 7
199 2684 351 2718 Literulis
367 2684 488 2716 Groecis
501 2684 652 2724 imbutus]
689 2684 810 2715 Erudi-
862 2692 975 2725 qnam.
1020 2682 1092 2713 Cic.
1128 2690 1188 2721 pro
1221 2680 1346 2711 Roscio
1382 2680 1557 2712 comoedo:

114 2735 353 2774 «abnuemus,
368 2733 519 2775 utpluris
531 2733 732 2765 venderent.
747 2733 810 2764 Te·
861 2733 871 2750 ‘
895 2731 1062 2772 Locuples
1093 2735 1190 2762 erat:
1214 2730 1297 2761 nihil
1327 2730 1499 2763 debebat:
1523 2731 1558 2762 in

115 2790 203 2817 tent.
230 2783 382 2816 Eunuch·
405 2787 414 2801 ‘
428 2783 495 2816 Fac
517 2782 704 2825 periculum
720 2782 754 2813 in
771 2783 808 2814 li·
863 2781 930 2813 suis
943 2780 1087 2812 nummis
1102 2779 1325 2812 versabatur!
