1916 3262
353 256 463 298 1352

352 359 514 398 Minervae
538 357 765 400 incipiendum
788 366 904 393 esset.-
927 362 1035 403 Cycli-

350 417 408 439 cus
421 417 502 448 ergo
519 407 639 447 Poeta,
655 409 709 440 cni
727 418 825 441 unum
837 419 921 450 opus
933 415 1035 449 esset,

350 457 496 488 carmine
513 461 677 497 perpetuo
688 457 838 490 Athenas
850 459 1034 499 celebrare,

350 506 456 537 oleam
471 515 538 536 non
553 506 652 538 modo
675 516 772 548 equo,
795 518 910 540 verum
931 509 1035 540 omni-

350 554 413 586 bus
449 556 558 595 potius
589 556 763 587 arboribus
792 566 831 588 ac
861 556 1035 588 frondibus

350 602 550 643 praeferret;
566 604 731 636 Minervae
746 614 848 636 causa
859 615 989 647 nempe,
1001 610 1036 637 et

349 652 442 683 urbis
481 662 557 693 quae
587 653 630 684 ab
660 663 700 684 ea
731 663 852 685 nomen
889 654 1035 694 accepit.

350 701 383 732 F
382 710 453 732 rom
463 702 606 742 decerpta
622 703 764 743 undique,
779 707 832 735 est
845 703 946 735 ὁτιοῦν
959 702 1036 743 φύλ-

350 756 418 787 λον,
430 752 524 789 frons
539 753 692 792 quaelibet,
707 753 740 783 id
755 758 818 793 est,
833 755 931 786 arbor
944 765 1035 796 quae·

351 801 412 830 vis.
457 801 544 832 Vide
560 801 734 833 Heinsinm
750 803 783 833 in
799 804 902 843 notis,
917 804 959 835 de
975 804 1037 834 bac

350 858 388 880 re
402 849 554 889 pluribus
567 850 797 882 disserentem.
831 852 944 884 Fronti
956 861 1036 892 proe·

345 897 473 938 ponere]
498 898 567 929 Per
589 899 786 939 decerptam
808 901 955 941 undique
977 900 1037 931 oli-

352 954 439 986 vam,
450 947 615 987 Cruquius
627 949 735 979 notari
748 949 870 990 credit,
882 959 1038 981 coronam

350 995 538 1035 oleaginum
551 995 743 1027 detonsam:
757 1003 795 1028 ut.
806 998 900 1039 Virg.
911 999 1039 1039 Georg.

351 1051 409 1074 ιιι.
429 1044 439 1059 ‘
457 1043 535 1083 Ipse
553 1049 657 1084 caput
677 1050 782 1077 tonsae
799 1046 887 1078 foliis
903 1053 1040 1079 ornatus

352 1092 450 1123 olivae
466 1093 566 1123 Dona
581 1091 709 1132 feram,’
726 1097 790 1125 ἃς.
834 1096 941 1127 Erant
953 1098 1040 1128 enim

352 1140 442 1180 apud
471 1146 604 1172 veteres
629 1151 760 1174 coronae
787 1145 938 1184 tonsiles,
960 1156 1041 1187 quas

350 1188 406 1220 hic
422 1189 531 1220 Poeta
546 1194 672 1226 noster,
689 1192 868 1233 decerptas
883 1195 1042 1236 undique,

351 1237 388 1269 id
403 1243 467 1278 est,
479 1240 636 1271 detonsas
648 1241 865 1275 circumcirca
879 1249 990 1280 vocat,
1005 1250 1043 1277 ut

353 1292 467 1318 essent
493 1287 584 1319 foliis
615 1289 834 1327 brevioribus,
869 1294 1042 1325 ornatiori·

353 1335 494 1376 busque.
544 1338 645 1370 Quod
682 1345 794 1370 autem
825 1342 975 1380 pertinet
998 1342 1042 1373 ad

352 1393 475 1416 novum
506 1386 664 1427 loquendi
700 1397 816 1428 genus,
845 1399 1042 1430 praeponere

352 1433 469 1475 fronti,
490 1435 526 1466 id
552 1440 617 1476 est,
640 1436 723 1468 dare
746 1447 877 1469 omnem
905 1449 1042 1480 operam

354 1483 533 1516 scribendo
555 1489 591 1516 ut
605 1484 709 1516 fronti
732 1491 961 1527 praeponatur,
981 1489 1042 1520 hoc

355 1536 419 1572 est,
442 1538 479 1564 ut
504 1533 596 1565 frons
620 1540 802 1566 coronetur
827 1541 1042 1578 orneturque,

353 1582 630 1622 synecdochicos,
646 1593 721 1623 pars
744 1594 805 1624 pro
828 1589 911 1617 toto.
947 1587 1042 1627 Cruq.

356 1631 470 1662 Fronti
482 1633 674 1672 proeponere]
695 1634 854 1675 Veteres,
875 1635 933 1675 qui
955 1635 1043 1667 Poe-

353 1684 446 1711 mats
467 1690 502 1711 se
531 1682 679 1713 scribere
710 1683 969 1724 profitebantur,
993 1690 1045 1717 ut-

354 1732 437 1767 pote
452 1729 559 1760 Musis
574 1731 672 1770 sacri,
686 1740 826 1762 coronas
842 1741 975 1771 semper
986 1733 1046 1763 ali-

354 1786 452 1818 quas,
480 1781 637 1820 tauquam
665 1780 810 1820 insignia
842 1781 895 1812 sui
931 1782 1047 1823 studii,

353 1825 518 1865 praeferre
548 1828 714 1860 solebant.
755 1829 814 1860 Sic
834 1834 871 1861 et
894 1839 966 1871 eos,
990 1832 1046 1872 qui

356 1875 503 1906 carmine
526 1875 677 1908 Athenas
703 1878 839 1910 laudare
862 1880 999 1921 vellent,
1013 1881 1046 1912 in

355 1922 517 1955 honorem
549 1925 701 1956 Palladis
729 1927 831 1958 fronti
859 1928 1046 1961 obtendere

356 1972 479 2003 olivam
501 1973 602 2004 dicit:
626 1978 663 2005 et
683 1975 816 2015 quidem
839 1977 970 2016 undt'que
993 1979 1046 2009 de-

354 2025 488 2061 cerptam
499 2033 510 2052 .-
533 2023 715 2055 ostendens
731 2034 793 2064 per
806 2025 883 2062 hoe,
898 2035 941 2057 ex
956 2027 1045 2057 omni

356 2077 414 2100 eos
437 2070 511 2101 loco
532 2079 572 2102 ac
597 2073 739 2103 materia
760 2074 933 2113 colligere,
953 2075 1043 2115 quod

357 2116 399 2147 ad
416 2117 498 2148 Deae
518 2122 619 2159 atque
642 2120 732 2151 urbis
755 2121 842 2152 illius
857 2123 990 2154 laudem
1005 2133 1045 2155 ac

354 2166 532 2198 materiam
551 2173 763 2201 convertant.
791 2172 931 2204 Torrent.
979 2173 1044 2204 Un-

355 2215 447 2255 dique
459 2216 645 2259 decerptam]
661 2218 820 2250 Frontem
833 2220 934 2252 Oliva
947 2231 1045 2253 coro-

355 2272 450 2301 nare,
465 2265 562 2305 cnjus
576 2264 656 2297 folia
677 2267 834 2309 undique,
850 2268 884 2299 id
902 2274 965 2304 est,
981 2271 1045 2301 cir-

356 2321 433 2344 cum
447 2314 537 2345 circa
552 2315 705 2356 detonsa,
718 2321 754 2348 et
773 2317 927 2350 breviora
943 2318 1047 2360 facta,

357 2362 517 2402 majorem
534 2363 664 2395 addunt
677 2369 845 2398 ornatum.
881 2367 966 2399 Aliis
981 2369 1047 2400 alia

356 2410 460 2442 lectio
475 2412 581 2452 magis
607 2413 747 2454 arridet,
762 2424 809 2447 sc.
836 2415 974 2457 Undique
993 2419 1046 2449 de-

354 2463 468 2500 cerptae
476 2461 589 2498 frondi
608 2470 785 2503 praeponere
802 2465 937 2507 Olivam,
951 2470 989 2498 ut
1004 2467 1048 2499 sit

358 2517 498 2540 sensus:
531 2509 698 2541 Omnibus
727 2512 873 2544 omnium
899 2515 1047 2547 locorum

357 2561 395 2589 et
420 2562 585 2590 terrarum
601 2557 775 2592 frondibus
797 2562 929 2594 Olivam
953 2569 1047 2596 ante·

357 2616 495 2647 ponere,
511 2617 585 2648 quae
601 2608 749 2641 Palladis
765 2615 818 2642 est
831 2613 979 2653 propria.

400 2658 421 2686 8
444 2657 615 2699 Plurimus]
639 2657 793 2701 Plurimi,
813 2661 848 2692 id
865 2667 929 2700 est,
947 2663 1047 2695 multi

356 2702 488 2735 dicunt.

401 2754 423 2784 9
443 2751 560 2793 Aptum
574 2755 657 2796 equis
670 2754 788 2798 Argos]
812 2756 973 2793 Historiae
992 2759 1047 2794 hie

740 290 745 293 »
805 269 943 301 ΝΟΤΛΞ
976 270 1243 309 νΑΒΙΟΙζυΜ,
1269 273 1321 302 ΙΝ

1085 363 1305 404 recordemur,
1321 374 1395 406 quae
1412 364 1625 405 Diomedem,
1649 364 1682 397 io
1697 364 1767 399 Ita-

1084 412 1161 443 liam
1190 413 1393 453 venientem‚
1421 414 1468 445 ibi
1497 423 1631 455 quoque
1661 414 1770 455 Argos

1087 461 1260 501 Hippiam,
1280 463 1399 502 patriae
1423 463 1671 503 recordatione,
1690 473 1770 495 oon-

1085 509 1209 540 didisse
1230 516 1362 543 narrat:
1387 521 1491 552 eaque
1513 512 1720 552 Argyrippa,
1733 515 1772 543 et

1085 562 1205 597 postea
1217 558 1301 600 Arpi
1314 560 1405 591 dicta
1416 560 1492 591 fuit.
1510 561 1649 592 Torreat.
1673 561 1773 601 Equis

1083 606 1200 647 Argos]
1234 607 1342 647 Argos
1366 609 1461 650 equis
1490 609 1675 640 nutriendis
1702 608 1774 639 ido-

1085 664 1204 687 neum:
1236 658 1326 689 unde
1347 658 1514 689 Homerus
1535 659 1686 698 appellat
1700 657 1774 698 Ἄρ-

1084 714 1141 743 γος
1153 704 1332 740 ἱππόβοτον.
1368 708 1532 748 Mycenas]
1545 707 1672 739 Urbem
1689 715 1772 747 opu-

1084 753 1223 793 lentam,
1234 754 1266 785 in
1279 764 1343 795 qna
1357 757 1513 795 regnavit
1525 755 1773 796 Agamemnon;

1085 811 1106 832 a
1121 802 1269 842 Mycena
1279 803 1437 844 Nympha
1451 805 1499 835 sic
1515 805 1733 845 appellatam.

1129 853 1168 881 lo
1209 851 1336 883 Patiens
1367 853 1582 894 Lacedaemon]
1612 852 1770 884 Lacedae-

1087 908 1164 930 mon
1179 899 1304 931 dieitur
1321 902 1451 941 patiens
1475 903 1518 933 ob
1539 911 1690 933 severam
1707 901 1775 932 dis·

1087 947 1256 987 ciplinam,
1280 949 1336 980 ubi
1362 951 1458 989 pueri
1481 950 1522 981 ad
1550 950 1668 981 Dianae
1682 946 1775 980 aram

1078 997 1166 1029 ,loris
1189 996 1362 1038 flagellati,
1395 1009 1497 1041 nsque
1530 999 1609 1030 dum
1639 999 1775 1039 sangnis

1089 1046 1270 1077 visceribus
1281 1047 1401 1088 exiret,
1410 1057 1452 1080 ne
1464 1048 1696 1088 ingemuerunt
1706 1046 1778 1088 qui·

1090 1094 1179 1125 dem.

1094 1167 1097 1169 ,
1133 1146 1171 1174 11
1196 1143 1332 1175 Larissa
1345 1146 1466 1186 opimoe]
1486 1145 1704 1187 Ἐριβῶλακος,
1721 1143 1779 1185 &pc-

1090 1190 1207 1226 βώλου.
1238 1193 1320 1224 Cum
1337 1202 1416 1224 vero
1432 1195 1543 1234 plures
1557 1194 1692 1225 Larisae
1706 1193 1778 1225 fue·

1090 1241 1170 1280 rint,
1181 1241 1294 1282 placet
1303 1251 1377 1273 eam
1389 1242 1533 1284 intelligi
1545 1253 1620 1284 quae
1631 1243 1664 1274 in
1676 1242 1779 1273 Thes·

1090 1291 1174 1321 salia
1185 1289 1269 1329 fuit;
1291 1301 1357 1322 non
1374 1295 1443 1323 tam
1457 1292 1500 1323 ob
1514 1291 1604 1323 urbis
1619 1296 1782 1332 praestan·

1089 1339 1182 1374 tiam.
1197 1349 1294 1379 quam
1319 1340 1362 1370 ob
1384 1341 1493 1380 campi
1518 1340 1779 1381 circumquaque

1089 1387 1279 1419 ubertatem
1304 1392 1406 1428 atque
1428 1389 1652 1420 amoenitatem
1669 1389 1777 1428 regio-

1090 1437 1153 1468 nis.
1196 1437 1283 1468 Tum
1310 1437 1435 1478 aliquid
1470 1446 1625 1478 magnum
1662 1436 1777 1468 dicere

1091 1478 1198 1515 voluit
1225 1485 1398 1520 Horatius,
1422 1495 1497 1516 cum
1522 1494 1717 1526 percussum
1741 1494 1777 1516 se

1091 1534 1140 1565 ait
1168 1535 1278 1575 campi
1309 1535 1398 1565 illius
1423 1535 1656 1574 admiratione,
1679 1538 1717 1565 ut
1742 1538 1779 1565 et

1092 1583 1343 1622 Lacedaemonis
1356 1584 1532 1624 patientia.
1557 1584 1698 1616 Torrent.
1719 1584 1782 1614 La-

1090 1633 1192 1672 rissoe]
1217 1633 1350 1663 Larissa
1375 1637 1427 1664 est
1448 1633 1526 1664 urbs
1548 1634 1581 1664 in
1596 1634 1779 1669 Thessalia.

1092 1691 1113 1712 a
1136 1690 1203 1722 qna
1225 1686 1261 1712 et
1287 1681 1434 1713 Achilles
1461 1683 1644 1713 Larissaeus
1668 1683 1779 1714 dictus

1087 1735 1154 1761 est.
1196 1731 1369 1771 Percussit]
1395 1732 1580 1771 Permovit,
1592 1731 1718 1764 affecit.

1137 1782 1177 1810 12
1200 1780 1320 1810 Domus
1334 1780 1497 1820 Albuneoe]
1518 1777 1646 1812 Nemus
1667 1782 1780 1813 delec-

1095 1829 1199 1860 tabile
1229 1829 1394 1860 Albuneae
1419 1830 1587 1870 Nymphae
1613 1839 1678 1861 una
1705 1839 1781 1862 enm

1092 1877 1190 1910 fonte
1206 1882 1448 1910 consecratum.
1467 1878 1629 1918 Albuneoe]
1651 1880 1706 1911 De
1721 1879 1782 1911 Al·

1094 1927 1183 1958 buna
1207 1926 1365 1957 Lactant.
1389 1935 1414 1958 1.
1435 1929 1468 1959 6.
1491 1928 1536 1959 Et
1551 1932 1646 1959 recte
1661 1929 1780 1969 virgil.

1094 1975 1228 2006 AEneid.
1243 1983 1308 2005 vu.
1325 1975 1398 2014 ejus
1412 1976 1550 2006 oracula
1562 1976 1718 2007 latinum
1729 1986 1780 2008 re-

1091 2032 1171 2062 gem
1211 2022 1440 2054 consulentem
1467 2022 1574 2054 facit:
1611 2032 1685 2054 cnm
1720 2024 1781 2063 ait,

1093 2070 1105 2088 ‘
1117 2071 1296 2110 Lucosque
1322 2070 1386 2101 sub
1405 2071 1474 2101 alta
1502 2071 1656 2103 Consulit
1675 2070 1781 2103 Albu-

1092 2119 1182 2158 nea,’
1199 2121 1263 2150 &c.
1288 2119 1429 2150 Torreat.

1138 2171 1177 2199 13
1203 2169 1247 2198 Et
1272 2167 1423 2208 praeceps]
1458 2167 1593 2200 Fluvios
1620 2167 1709 2202 Anio
1738 2169 1781 2202 de

1093 2218 1184 2250 celso
1198 2217 1335 2257 scopulo
1347 2218 1484 2248 multam
1497 2227 1614 2259 aquam
1626 2219 1781 2251 deorsum

1094 2266 1280 2299 effundens.
1326 2267 1369 2297 Et
1389 2266 1518 2298 Tiburni
1539 2268 1638 2308 lucus]
1671 2267 1782 2300 Multa

1095 2315 1300 2356 exemplaria
1325 2314 1447 2346 Tiburti
1474 2315 1603 2355 legunt.
1635 2316 1781 2348 Turneb.

1097 2374 1149 2397 x1.
1173 2367 1226 2396 26.
1248 2369 1284 2396 et
1300 2373 1396 2396 xxn.
1413 2367 1444 2396 3.
1468 2370 1643 2405 utramque
1663 2365 1783 2397 lectio-

1096 2423 1172 2446 nem
1197 2413 1363 2445 defendit.
1406 2414 1533 2444 Lucum
1557 2423 1636 2454 ergo
1658 2413 1783 2446 intelli·

1097 2473 1152 2504 go,
1167 2463 1201 2494 in
1223 2462 1367 2494 Tiburni
1389 2462 1511 2493 Herois
1532 2463 1725 2494 memoriam
1740 2464 1783 2495 de

1096 2520 1189 2542 more
1203 2514 1444 2549 consecratum,
1458 2519 1502 2541 ex
1517 2510 1674 2551 Papinio.
1707 2511 1783 2543 Tor-

1094 2565 1176 2593 rent.
1226 2559 1370 2600 Tiburni]
1388 2559 1553 2591 Tiburnus
1578 2559 1702 2600 primus
1726 2560 1782 2593 'ri-

1097 2611 1189 2643 buris
1205 2609 1360 2641 conditor
1375 2608 1563 2640 dicebatur.

1139 2662 1180 2694 14
1203 2658 1387 2699 Mobilibus]
1411 2657 1570 2690 Pomaria.
1594 2654 1780 2690 discurren-

1098 2709 1190 2742 tibus
1205 2709 1284 2740 rivis
1300 2707 1436 2748 irrigua.

1140 2762 1179 2792 15
1205 2757 1303 2791 Albus
1324 2760 1360 2789 ut
1383 2753 1522 2796 obscuro]
1551 2755 1780 2789 Leuconotmn
