1916 3262
419 291 528 333 1460

418 393 488 424 les:
511 391 598 423 idem
615 392 703 433 quod
720 392 820 423 remis
839 392 998 433 velisque,
1015 396 1051 423 ut
1067 392 1100 422 in

418 440 596 480 proverbio
610 445 672 471 est.
714 439 825 480 Δανα]
848 441 963 472 Venti.

460 492 502 520 50
525 489 612 520 Dum
626 489 715 527 favet
730 488 805 528 nox]
830 489 882 520 Ab
903 488 1101 529 opportuni-

419 541 489 568 tate
512 538 682 577 temporis.
727 537 824 568 Favet
852 537 968 577 Venus]
1000 536 1101 567 Amor

418 587 452 617 in
467 590 502 616 te
515 595 620 616 meus.

461 638 502 666 52
524 635 632 674 Sculpe
645 635 812 675 querelam]
836 635 939 674 Libri,
954 643 1036 675 quos
1051 634 1097 665 vi-

420 683 467 722 di,
479 693 604 723 omnes,
619 683 728 723 scalpe
743 683 879 723 habent,
895 693 958 714 non
970 683 1097 722 Sculpe:

418 741 528 772 neque
544 732 641 763 aliter
657 733 773 772 legunt
793 732 921 773 antiqui
937 733 1099 771 interpre-

419 787 484 814 tes.
530 782 721 822 Lambinus,
744 782 821 823 quia
845 781 1040 822 ‘scalpere‚’
1064 785 1101 812 ut

420 831 467 862 ait
495 830 505 848 ‘
519 829 636 862 fodere
648 830 656 843 ¹
690 830 867 870 significat,
902 830 991 870 quod
1026 830 1102 860 huic

419 879 495 909 loco
526 887 645 918 parum
671 878 837 913 convenit,
861 878 973 917 Sculpe
1007 877 1100 907 resti-

420 926 497 957 tuit.
540 926 643 958 Quasi
665 935 745 956 vero
771 934 837 956 non
867 925 967 956 etiam
993 925 1100 963 ‘gem-

419 984 506 1006 mam
523 975 674 1014 scalpere
686 973 696 988 ’
718 974 877 1013 dicamus,
895 978 934 1004 ut
949 972 1101 1003 ‘infabre

421 1023 597 1064 scalptum'
611 1032 651 1054 11.
663 1023 734 1054 Sat.
746 1026 778 1054 3.
792 1023 878 1054 dixit
893 1023 1015 1054 Horat.
1057 1023 1102 1053 Et

419 1071 543 1113 alioqui
565 1071 680 1112 quovis
701 1070 801 1101 modo
824 1075 956 1102 exstare
977 1071 1037 1101 viri
1059 1071 1101 1101 de

419 1119 547 1159 pietate
562 1128 622 1150 sua
638 1118 863 1149 testimonium
878 1118 1014 1149 mandat
1030 1119 1101 1158 Hy-

419 1172 643 1208 per-mnemia,
658 1167 789 1199 etiamsi
805 1166 971 1207 unguibus
987 1167 1031 1198 sit
1046 1177 1102 1198 ex-

419 1216 592 1248 arandum.
633 1217 744 1247 Taceo
767 1215 961 1247 Diomedem
984 1215 1103 1247 Gram-

419 1265 591 1303 maticum,
603 1265 660 1304 qui
681 1264 691 1281 ‘
700 1263 821 1303 Scalpo
832 1263 840 1276 ’
855 1273 921 1294 uon
942 1263 952 1281 ‘
963 1263 1102 1303 Sculpo'

421 1313 488 1343 dici
511 1312 638 1343 debere
664 1312 818 1344 tradidit.
854 1313 942 1342 Tor-r.
995 1311 1104 1351 sculpe

419 1359 584 1399 querelam]
607 1360 652 1390 Et
668 1359 778 1390 scribe
802 1359 1031 1399 Epitaphium,
1046 1369 1103 1390 cu-

417 1408 474 1446 jus
500 1407 669 1445 memoria,
690 1407 734 1437 ob
756 1407 855 1438 vitam
879 1411 969 1437 tuam
991 1416 1103 1438 serva·

419 1459 501 1490 tam.
513 1455 560 1485 sit
575 1455 792 1494 sempiterna.

422 1502 503 1534 One
521 1511 587 1534 xu.
618 1501 830 1542 Παραινετική.
874 1501 932 1533 An
958 1501 1101 1533 Nnonu-

463 1559 545 1582 nnn.
588 1551 744 1583 Neobule
759 1551 869 1582 Hebri
881 1551 1102 1582 adolescentis

460 1608 574 1630 amore
598 1603 711 1639 capta,
726 1599 828 1630 vitam
853 1599 924 1639 agit
946 1599 1101 1639 inertem,

465 1651 502 1677 et
517 1646 729 1678 desidiosam.

467 1693 770 1733 [Vanderburgius,
785 1694 903 1724 Latina
916 1698 1024 1724 metro
1043 1704 1102 1725 suo

421 1742 674 1782 Francogallico
687 1747 888 1782 aequaturus,
899 1742 985 1773 hanc
1003 1742 1101 1773 Oden

421 1792 455 1822 in
475 1791 697 1832 quadraginta
716 1791 896 1821 versiculos
912 1790 1103 1831 descripsit,

421 1845 460 1871 ut
483 1844 563 1871 ante
586 1838 716 1870 fecerat
737 1839 976 1870 Praedicowius
996 1840 1028 1870 in
1051 1840 1104 1870 ed·

422 1889 568 1926 Horatii,
583 1889 691 1928 18⁰6]

467 1940 484 1967 1
509 1937 699 1969 Miserarum
711 1938 772 1977 est]
795 1937 825 1968 Ο
842 1938 995 1968 Neobule
1007 1937 1103 1967 mise-

422 1995 532 2016 rarum
545 1991 610 2024 est,
625 1986 658 2016 id
674 1991 739 2023 est,
759 1986 890 2016 miserae
912 1988 989 2015 sunt
1012 1985 1103 2014 muli-

423 2042 510 2072 eres,
524 2043 596 2073 quse
624 2034 657 2063 in
673 2043 785 2064 amore
804 2042 870 2064 non
895 2032 1032 2072 capiunt
1047 2042 1102 2063 vo-

422 2082 600 2120 luptatem,
625 2090 732 2121 neque
753 2081 827 2111 vino
843 2081 891 2111 sic
906 2081 1103 2118 hilarantur,

421 2134 460 2160 ut
487 2138 507 2159 a
534 2138 568 2159 se
591 2129 719 2168 pellant
742 2137 851 2166 curas,
865 2132 899 2158 et
921 2137 994 2167 quae
1010 2132 1102 2157 metu

422 2177 653 2208 exanimantur
674 2180 811 2216 propter
825 2175 936 2215 patrui
947 2174 1104 2214 objurga-

422 2227 550 2256 tiones:
587 2225 674 2255 solet
704 2224 791 2255 enim
818 2227 955 2263 patruus
991 2221 1126 2265 fratris„

422 2274 545 2305 liberos
561 2273 710 2304 severius
726 2271 984 2312 reprehendere,
1005 2280 1104 2311 quam

423 2327 521 2362 pater
537 2322 621 2361 ipse.
665 2321 771 2360 Neque
792 2319 903 2358 amori]
927 2320 1047 2359 Neque
1070 2319 1104 2349 iu

423 2380 535 2402 amore
553 2369 720 2400 colludere
733 2369 786 2399 vel
801 2368 903 2399 amori
919 2368 1104 2408 indulgere.

424 2419 500 2451 Vid.
515 2420 617 2450 Turn.
635 2427 738 2450 xxiv.
751 2421 802 2449 ll.

466 2472 486 2500 2
509 2469 602 2500 Dulci
623 2467 718 2507 mala]
739 2467 872 2498 Amoris
885 2468 972 2498 mala
986 2468 1105 2499 intelli-

424 2527 564 2558 go,quae
584 2517 659 2547 vino
684 2517 847 2548 eluantur.
892 2516 1021 2556 Lawere,
1035 2517 1105 2557 aue]

425 2566 565 2598 Diluere
597 2574 705 2605 curas,
729 2574 748 2595 a
782 2565 890 2603 ‘lavo‚
915 2565 966 2604 is,'
998 2566 1104 2596 tertiae

424 2614 681 2654 conjugationis,
747 2614 948 2654 Exunimari]
995 2615 1103 2645 Vehe-

422 2668 554 2693 menter
568 2662 720 2694 cruciari.

467 2713 486 2739 3
525 2711 723 2750 Exanimari]
759 2710 835 2742 Hoc
867 2714 933 2750 est,
968 2710 1105 2750 perinde

427 2758 582 2797 cruciari,
600 2768 637 2790 ac
653 2761 679 2790 si
695 2759 822 2791 tristior
836 2759 954 2800 aliquis
967 2764 1105 2800 patruus

875 303 1012 333 NO'rAE
1045 300 1300 332 VARIORUM
1334 301 1384 331 ΙΝ

1150 391 1248 422 saevis
1273 389 1557 431 objurgationibus
1575 393 1739 430 perpetuo
1761 401 1827 424 mo·

1148 440 1253 471 lestus
1265 441 1320 471 sit.
1346 440 1485 470 Torrent.
1515 440 1686 471 Metuentes
1695 442 1826 480 palme,

1148 489 1216 528 ξω]
1233 489 1391 519 Miserum
1404 493 1466 527 est,
1476 497 1534 519 vos
1547 488 1684 528 puellas,
1699 492 1825 528 patrae

1150 545 1278 576 asperae
1288 540 1323 567 et
1335 536 1567 576 objurgatoria
1577 537 1698 576 liuguae
1709 545 1826 576 paren-

1150 590 1220 615 turn
1237 586 1288 617 vel
1303 586 1668 626 patruorum,verbera,
1685 584 1826 626 castiga-

1150 635 1257 665 tiones
1272 638 1308 665 et
1327 634 1587 674 objurgationes,
1609 633 1742 665 nimium
1759 642 1828 665 me·

1151 686 1294 721 tuentes,
1309 683 1498 722 perturbari
1521 688 1556 714 et
1581 683 1698 714 timore
1718 691 1826 722 prope

1150 731 1340 766 exanimari.
1374 731 1485 764 Lubin.
1542 733 1671 763 Putmoe
1701 731 1830 771 lingue]

1150 779 1349 813 Patruorum
1365 782 1399 813 in
1415 781 1552 812 fratrum
1567 779 1653 811 filios
1667 779 1827 810 severitas

1151 828 1238 867 apud
1249 830 1412 861 Romanos
1425 829 1602 870 proverbio
1613 828 1805 859 celebratur
1817 837 1827 865 ;

1150 880 1189 907 ut
1203 877 1255 908 hic
1264 882 1374 918 patrna
1385 879 1504 918 lingua,
1513 887 1573 918 pro
1587 878 1701 917 lingua
1714 875 1827 916 objur-

1151 925 1300 964 gatrice:
1323 930 1359 957 et
1373 926 1460 966 quod
1477 927 1536 963 ait,
1554 934 1594 957 ιι.
1606 926 1679 956 Sat.
1693 927 1726 956 8.
1747 925 1756 942 ‘
1772 924 1828 956 Ne

1150 973 1194 1003 sis
1209 977 1347 1012 patruus
1362 973 1465 1013 mihi,'
1487 983 1548 1012 pro
1563 979 1606 1004 ne·
1621 973 1778 1012 magister
1794 977 1830 1003 et

1150 1029 1267 1052 censor
1292 1021 1444 1053 accedas.
1480 1021 1619 1052 Tor-rent.
1669 1020 1828 1060 [Schoen-

1150 1068 1246 1100 born.
1273 1072 1304 1100 2.
1342 1069 1523 1101 examinari.
1560 1067 1706 1107 Guelph.
1734 1071 1830 1099 metu·

1148 1117 1253 1156 entim]
1767 1126 1769 1130 ⁴

1191 1167 1212 1196 4
1237 1165 1305 1197 Tibi
1318 1167 1455 1207 qua1um]
1476 1167 1618 1198 Tantum
1639 1164 1757 1197 abesse
1779 1174 1831 1196 os-

1152 1214 1275 1253 tendit,
1290 1220 1329 1246 ut
1344 1216 1497 1246 Neobule
1521 1213 1687 1246 interdum
1710 1214 1830 1245 amoris

1151 1263 1382 1303 aegritudinem
1399 1264 1451 1294 vel
1467 1263 1542 1294 vino
1557 1263 1611 1294 vel
1626 1263 1704 1294 ludo
1729 1263 1831 1302 levet,

1151 1316 1188 1341 ut
1204 1320 1245 1342 ne
1261 1313 1413 1344 consueti
1429 1312 1563 1352 quidem
1579 1311 1690 1352 operis
1705 1311 1830 1352 aliquid

1151 1363 1302 1398 praestet,
1315 1365 1460 1390 mentem
1476 1361 1511 1391 in
1526 1360 1644 1391 Hebro
1665 1359 1763 1391 fixam
1776 1368 1832 1400 ge·

1151 1417 1238 1438 rens.
1281 1409 1290 1424 ‘
1309 1408 1436 1440 Qualns
1449 1408 1578 1439 'alitem
1594 1409 1728 1438 viminei
1745 1408 1830 1438 vasis

1151 1466 1267 1496 genus,
1295 1456 1338 1487 ad
1371 1457 1549 1488 multarum
1575 1466 1686 1488 rerum
1714 1466 1829 1495 nsum;

1151 1514 1218 1545 quo
1232 1505 1394 1536 vocabulo
1411 1515 1471 1544 pro
1482 1506 1609 1536 cistella
1625 1515 1683 1536 seu
1699 1506 1830 1536 calatho

1150 1552 1191 1582 ad
1207 1551 1401 1584 feminarum
1417 1563 1521 1593 pensa
1535 1553 1641 1584 utitur
1653 1553 1707 1584 hic
1723 1553 1834 1584 Hora·

1151 1602 1228 1631 tius.
1273 1602 1404 1636 Qualum
1425 1602 1584 1642 Cytherea
1611 1601 1701 1641 puer]
1735 1602 1832 1633 Cala-

1151 1648 1241 1678 thum
1259 1658 1319 1688 pro
1332 1649 1484 1680 lanificio.
1511 1649 1599 1689 Ales]
1621 1649 1752 1689 Cupido
1764 1650 1831 1680 ala-

1151 1700 1204 1726 tus
1218 1695 1305 1726 filius
1327 1697 1480 1736 Veneris,
1500 1707 1574 1737 quae
1597 1707 1616 1728 a
1638 1703 1750 1729 monte
1765 1697 1830 1738 Cy-

1153 1743 1247 1774 thero
1263 1744 1353 1775 dicta
1367 1749 1419 1774 est
1434 1745 1614 1784 Cytherea.

1195 1795 1214 1821 5
1239 1791 1311 1822 Tibi
1334 1793 1423 1831 telas,
1449 1792 1519 1832 elsa]
1559 1793 1690 1833 Cupido
1717 1803 1830 1825 omnes

1154 1839 1330 1876 virginales
1346 1849 1474 1880 operas,
1489 1840 1611 1880 studia,
1621 1845 1656 1872 et
1670 1842 1833 1872 exercitia

1154 1886 1216 1918 tibi
1229 1886 1337 1918 aufert
1353 1898 1361 1919 ε
1385 1887 1460 1926 tibi,
1471 1898 1491 1919 o
1515 1888 1678 1929 Neobule,
1692 1890 1832 1921 eximius

1154 1936 1209 1966 ille
1230 1936 1320 1966 nitor
1341 1940 1375 1967 et
1391 1937 1602 1976 pulchritudo
1617 1937 1726 1969 Hebri
1737 1938 1833 1978 juve·

1154 1984 1217 2023 nis,
1230 1994 1272 2015 ex
1280 1984 1412 2024 Lypara
1423 1986 1528 2016 insula
1543 1986 1685 2024 oriundi,
1697 1988 1833 2026 qualum

1154 2037 1189 2062 et
1213 2031 1407 2071 lanificium,
1436 2034 1500 2064 tibi
1526 2034 1610 2064 telas
1634 2039 1670 2065 et
1694 2035 1830 2064 texendi

1153 2081 1364 2118 exercitium,
1380 2089 1528 2120 operosae
1541 2081 1629 2112 illius
1650 2090 1690 2112 ae
1705 2081 1831 2114 sedulae

1153 2127 1330 2166 Minervae,
1346 2128 1474 2167 adimit,
1489 2128 1615 2168 tibique
1638 2139 1658 2160 e
1679 2129 1829 2162 manibus

1153 2175 1300 2206 excutit:
1344 2175 1440 2206 simul
1475 2177 1641 2216 speciosos
1677 2177 1830 2210 humeros

1154 2232 1243 2262 suos,
1266 2223 1339 2254 oleo
1361 2229 1491 2263 unctos,
1517 2225 1549 2255 in
1566 2226 1664 2257 vicini
1685 2225 1830 2258 fluminis

1153 2271 1264 2311 undis,
1278 2277 1355 2312 post
1371 2273 1547 2312 exercitia,
1557 2273 1675 2309 abluit,
1687 2277 1750 2306 διο.
1760 2275 1830 2306 Lu-

1153 2320 1249 2352 binus.
1291 2322 1301 2338 ‘
1314 2320 1520 2361 Operosam'
1545 2331 1622 2352 vero
1644 2322 1832 2354 Minervam

1154 2370 1314 2409 appellat,
1325 2378 1392 2400 non
1408 2370 1456 2400 uti
1473 2371 1565 2410 operi
1581 2370 1757 2410 intentam,
1771 2371 1832 2402 sed

1153 2417 1358 2448 diversarum
1387 2418 1508 2449 artium
1543 2417 1760 2457 effectricem,
1795 2424 1831 2450 et

1154 2466 1362 2497 nihilominus
1390 2467 1469 2497 belli
1491 2467 1666 2498 dominam.
1691 2466 1830 2499 Tor-rent.

1155 2515 1316 2555 [Guelph.
1330 2515 1388 2547 tibi
1401 2515 1511 2555 tedas]

1196 2566 1216 2594 ὃ
1233 2564 1377 2595 Studium
1391 2564 1504 2604 aufert]
1515 2564 1668 2595 Studium
1684 2564 1827 2603 lanificii,

1155 2613 1208 2643 cui
1244 2613 1383 2643 maxime
1422 2617 1542 2652 pra²est
1570 2613 1724 2643 Minerva
1759 2612 1829 2642 Dea

1155 2670 1307 2701 operosa.
1351 2660 1496 2700 Lyparoei
1516 2660 1598 2692 nitor
1622 2659 1736 2699 Hebri]
1751 2659 1826 2690 ‘Pro

1154 2710 1292 2742 Hebrus
1314 2709 1400 2749 ipse,
1421 2709 1530 2749 patria
1544 2709 1725 2749 Liparoeus,
1745 2718 1826 2745 περι·

1155 2761 1338 2800 φραστικῶς,
1354 2764 1390 2790 ut
1411 2759 1533 2799 passim
1551 2759 1727 2798 loquuntur
1742 2755 1827 2787 Poe-
