1930 3204
354 298 463 338 1500

354 396 484 437 quoties
501 396 647 427 Deorum
665 401 701 427 et
726 404 841 435 regum
865 396 954 426 canit
968 396 1035 426 lan-

353 445 425 484 des,
441 455 501 476 sua
516 444 709 485 eloquentia
723 443 871 475 sublimis
887 444 988 484 volat,
1001 449 1036 476 et

352 494 500 526 suaviter
515 496 621 525 canit.

353 567 356 569 .
392 544 434 573 27
458 542 596 572 Nubt’um
617 541 749 581 tractus]
773 541 813 572 In
836 550 908 572 eam
931 549 1036 582 usque

351 591 521 631 regionem
537 591 626 630 coeli,
642 591 697 621 ubi
713 591 819 621 nubes
833 590 1037 622 condensan-

348 644 416 678 tur,
431 639 464 669 id
481 644 546 678 est,
561 639 594 669 in
618 640 720 670 coelos
742 640 842 679 ipsos.
886 640 956 676 Ego
971 640 1038 678 apis

350 687 499 726 Matinae]
517 689 601 728 Ego,
615 692 652 719 ut
668 689 739 728 apis
755 687 896 719 Calabra
910 687 943 717 in
964 688 1036 718 Ma-

349 737 419 768 tino
434 743 547 769 monte
558 747 710 778 pascens,
722 747 930 778 carpensque
941 743 1036 778 grata

350 786 477 827 thyma,
492 787 524 817 id
545 791 608 823 est,
623 787 770 818 scribens
782 787 953 826 depresse,
963 796 1037 817 sua·

349 835 382 865 vi
410 840 518 867 tamen
549 837 637 876 stylo
666 835 755 875 fingo
784 836 943 872 carmina,
971 836 1035 865 ἀεὶ.

349 883 428 923 Apis
440 885 588 924 Matinae]
606 885 688 925 Apis
705 890 815 916 autem
831 885 923 915 circa
937 882 1036 914 flores

350 933 508 972 studium,
530 940 567 965 et
591 935 624 964 in
640 933 853 973 congerendo
869 934 967 964 melle
987 942 1036 963 se-

349 982 484 1022 dulitas,
499 983 619 1013 merito
635 992 710 1013 cum
733 982 904 1023 poetarum
928 987 1036 1013 orato-

350 1039 486 1070 rumque
503 1031 701 1070 eloquentiae
723 1031 889 1062 suavitate
903 1040 1037 1070 compa-

352 1082 455 1108 ratur.
509 1078 619 1110 Quare
649 1084 684 1108 et
712 1079 746 1108 in
773 1071 913 1109 Pindari
943 1084 978 1109 et
1004 1079 1037 1109 in

350 1127 503 1159 Platonis
527 1127 630 1158 labris
652 1136 733 1166 apes
757 1127 947 1158 consedisse
970 1135 1039 1158 me-

349 1180 546 1214 morantur3
572 1180 701 1206 certum
724 1175 846 1207 futurae
871 1175 1038 1207 facundiae

349 1224 544 1264 auspicium.
569 1224 672 1255 Plura
684 1225 837 1256 Muretus
850 1225 933 1256 Var.
945 1225 1039 1256 Lect-

350 1282 430 1305 vm.
448 1277 476 1306 1.
506 1275 649 1306 Torrent.

391 1326 432 1354 30
473 1323 568 1354 Uvidi
605 1323 744 1363 Tiburis]
784 1323 918 1355 Tiburis
954 1332 1041 1364 aqua

350 1371 560 1402 abundantis.

391 1423 429 1451 31
448 1421 584 1460 operosa
595 1419 746 1459 carmina]
761 1421 846 1453 Quae
860 1421 1038 1461 plurimum

350 1478 461 1509 operae
479 1474 579 1509 atque
595 1469 767 1500 industriae
785 1470 975 1510 requirant:
1000 1475 1037 1501 ut

347 1518 526 1558 ‘operosas
539 1518 696 1556 divitias:
718 1518 837 1558 quibus
860 1523 895 1550 et
917 1528 1038 1559 paran·

350 1568 401 1598 dis
427 1573 462 1598 et
489 1567 726 1598 conservandis
753 1567 895 1606 plurimo
923 1567 1037 1598 labore

351 1626 436 1656 opus
462 1618 516 1647 sit.
561 1617 640 1647 Vid.
667 1625 722 1647 ιιι.
751 1616 821 1647 Od.
840 1620 870 1648 1.
895 1617 1037 1648 Torreat.

349 1665 513 1705 [Guelph.
527 1665 663 1705 parvis]

391 1717 432 1745 32
457 1715 603 1744 Carmina
619 1714 728 1754 fingo]
761 1713 920 1745 Carmina
948 1723 1037 1745 com-

350 1772 438 1803 pono
455 1763 631 1802 laboriosa,
649 1763 797 1793 existens
813 1771 948 1802 parvus.

389 1814 430 1842 33
443 1811 592 1842 concines
603 1811 717 1850 majore
724 1812 854 1852 plectro]
872 1811 903 1843 Ο
916 1810 1038 1850 Poeta,

348 1864 384 1890 tu
397 1869 495 1890 canes
512 1859 679 1890 Caesarem
695 1860 785 1900 stylo
797 1860 991 1900 grandiore,
1003 1860 1038 1892 id

348 1912 414 1946 est,
428 1909 577 1939 carmine
602 1909 747 1940 heroico.

391 1960 432 1990 34
465 1958 652 1997 Quandoque
673 1956 791 1997 trahet]
813 1957 1039 1990 Quandocun·

350 2016 415 2047 que
444 2007 571 2045 Caesar,
598 2006 721 2037 merita
749 2006 865 2038 laurea
886 2006 1039 2046 decorus,

350 2056 460 2085 trahet
482 2063 542 2093 per
563 2063 694 2085 sacrum
715 2055 836 2085 clivum
853 2055 1036 2092 Sicambros,

347 2103 382 2134 id
397 2107 462 2142 est,
472 2102 663 2134 Germaniae
679 2103 832 2142 populos,
844 2113 926 2143 quos
937 2104 1037 2135 hodie

353 2151 559 2182 Gheldrenses
575 2150 792 2190 appellamus.

391 2202 432 2230 85
455 2199 521 2230 Per
536 2207 656 2229 sacrum
669 2197 795 2237 clivum]
818 2198 895 2230 Non
908 2198 1037 2238 dubito,

350 2250 432 2290 quin
454 2249 599 2279 ‘clivum
617 2247 864 2287 Capitolinum’
888 2249 950 2279 viae
976 2249 1036 2280 Sa·

350 2309 414 2330 cra?
437 2298 662 2330 adliaerentem
685 2296 864 2337 significet.
907 2298 1038 2329 Trium-

349 2349 492 2388 phantes
518 2347 606 2378 enim
633 2347 773 2386 ingressi
801 2346 914 2378 urbem
941 2352 1038 2387 porta

352 2396 571 2438 Triumphali,
587 2405 646 2436 per
661 2395 844 2426 Velabrum
859 2400 894 2427 et
905 2396 1039 2435 Forum,

351 2446 394 2477 ab
417 2446 489 2476 aede
505 2445 642 2476 Saturni
661 2444 761 2484 juxta
783 2444 980 2476 Concordiae
1003 2449 1038 2476 et

350 2495 445 2528 Jovis
464 2493 636 2528 Tonantis,
664 2503 728 2533 qua
750 2493 802 2524 via
823 2494 926 2525 Sacra
951 2494 1039 2526 clivo

352 2543 507 2584 proxima
522 2548 609 2582 erat,
624 2543 659 2574 in
675 2542 880 2582 Capitolium
901 2543 1039 2575 adscen-

353 2592 491 2624 debant.
517 2591 660 2623 Torrent.
703 2591 769 2622 Per
786 2600 906 2622 mmm
918 2592 1040 2632 clivum,

351 2641 421 2680 ὁκκ]
447 2640 515 2671 Per
537 2648 666 2671 sacram
693 2639 781 2671 viam
795 2640 1038 2681 triumphantes

353 2689 386 2718 in
403 2688 605 2727 Capitolium
620 2688 842 2721 vehebantur.

395 2738 437 2766 86
458 2735 646 2776 Sicambros]
669 2737 742 2769 Hos
763 2737 774 2754 ‘
786 2737 878 2769 caede
898 2737 1041 2778 gauden-

355 2783 425 2817 tes'
460 2788 558 2815 vocat
586 2793 637 2816 ιν.
665 2785 732 2817 Od.
761 2788 814 2819 14.
858 2787 968 2820 Rheni
997 2787 1039 2820 ab

806 305 944 335 No'rAE
979 305 1236 336 VARlORUM
1269 306 1319 335 ΙΝ

1085 399 1224 436 utraque
1242 402 1336 437 parte
1360 397 1480 427 accolae
1505 396 1662 436 fuerunt3
1684 406 1764 438 qum

1086 444 1214 475 Drusus
1229 445 1346 475 eodem
1359 454 1424 485 quo
1440 445 1624 477 Cheruscos
1639 450 1675 477 et
1685 447 1767 482 Suet

1084 503 1142 523 vos
1155 499 1281 524 terrore
1295 494 1447 533 subegit;
1463 494 1632 532 Augustus
1646 501 1767 535 postea

1084 541 1173 580 ipsos
1186 551 1224 573 ac
1239 543 1364 574 Suevos
1390 543 1422 573 in
1443 543 1587 574 Galliam
1605 543 1766 576 traduxit.

1085 591 1202 621 Florus
1213 591 1273 622 lib.
1289 600 1338 623 iv.
1374 592 1465 622 Libri
1481 592 1607 631 aliquot
1623 601 1767 623 mannas.

1083 639 1261 678 Sigambros
1275 641 1402 680 legunt.
1427 641 1568 671 Tor-rent.

1125 691 1165 719 37
1190 689 1256 723 Quo
1271 689 1363 728 nihil]
1385 690 1460 721 Quo
1476 690 1623 720 Caesare.

1126 739 1167 767 38
1189 738 1328 777 Bonique
1341 738 1421 778 divi]
1444 738 1522 768 Divi
1538 739 1633 778 largi.

1126 788 1167 816 39
1179 786 1325 821 Quamvis
1335 787 1500 818 redeuntia
1509 787 1632 827 aarum]
1644 788 1768 820 Quam-

1085 834 1134 863 vis
1150 835 1287 865 redeant
1304 845 1403 866 aurea
1426 836 1559 870 saecula,
1583 835 1636 865 vel
1658 845 1767 866 aureae

1085 883 1197 918 aetatis
1232 893 1351 914 mores.
1421 884 1531 924 [Unus
1567 884 1677 914 Vand.
1710 894 1766 924 ap.

1086 931 1206 970 Bothe,
1222 933 1263 962 al.
1275 942 1328 971 ap.
1342 932 1463 971 Jaeck,
1476 934 1601 964 redeunt
1614 933 1648 964 in
1657 942 1767 964 oevum.

1086 979 1198 1010 Zurck
1220 979 1322 1010 etiam
1337 990 1447 1018 oevum,
1461 981 1519 1010 sed
1533 981 1566 1011 in
1578 982 1657 1014 Var.
1673 982 1768 1013 Lect.

1085 1028 1226 1068 urinum]

1127 1079 1167 1108 41
1186 1077 1333 1108 Concines
1347 1079 1489 1118 laetosque
1502 1078 1581 1118 dies]
1602 1079 1770 1110 Decanta-

1087 1125 1138 1156 bis
1154 1126 1253 1157 etiam
1266 1126 1370 1157 festos
1385 1126 1468 1166 dies,
1484 1130 1520 1157 et
1535 1126 1701 1166 publicam
1724 1126 1771 1157 ci·

1088 1176 1204 1207 vitatis
1224 1176 1374 1206 laetitiam
1391 1185 1449 1215 pro
1466 1175 1611 1216 Augusti
1625 1175 1736 1208 reditu
1751 1184 1769 1205 a

1088 1225 1161 1256 Diis
1173 1226 1352 1265 impetrato
1368 1230 1403 1256 et
1424 1234 1594 1257 concesso.

1129 1275 1171 1304 42
1188 1273 1288 1314 Super
1303 1274 1465 1314 impetrato
1479 1273 1596 1314 reditu]
1619 1273 1695 1304 Oda
1711 1273 1770 1304 lib.

1088 1323 1310 1362 precedentis
1334 1326 1385 1354 14.
1407 1323 1536 1354 laetitiae
1559 1323 1602 1354 ob
1627 1322 1773 1364 Augusti

1087 1371 1230 1402 reditum
1267 1381 1310 1401 ex
1345 1372 1510 1411 Hispania
1540 1377 1769 1412 argumentum

1087 1420 1249 1452 continet.
1285 1420 1352 1451 Sed
1370 1420 1456 1451 bello
1473 1421 1676 1452 Cantabrico
1686 1421 1768 1451 mul·

1086 1469 1130 1500 tis
1155 1469 1249 1500 annis
1274 1474 1439 1508 extracto,
1467 1470 1612 1510 repetita
1639 1470 1770 1500 interea

1086 1518 1262 1558 Hispania,
1295 1519 1416 1549 iterum
1442 1519 1664 1557 desideratus,
1693 1527 1768 1550 cum

1085 1567 1120 1598 S.
1136 1567 1177 1599 P.
1193 1567 1235 1599 Q.
1249 1568 1388 1598 Romani
1403 1567 1557 1606 precibus
1583 1566 1768 1598 rediturum

1085 1625 1120 1647 se
1157 1617 1327 1657 pollicitus
1353 1616 1485 1655 fuisset,
1513 1627 1575 1649 nec
1606 1623 1672 1649 tam
1701 1619 1769 1649 cito

1086 1674 1183 1705 quiam
1201 1666 1370 1706 pollicitus
1385 1665 1495 1697 fuerat
1515 1667 1680 1703 rediisset,
1694 1667 1768 1698 huic

1086 1723 1218 1754 quoque
1245 1715 1384 1745 carmini
1414 1715 1588 1746 materiam
1612 1716 1768 1756 praebuit.
1816 1730 1819 1733 1

1088 1761 1229 1793 Torrent.

1127 1811 1183 1851 [43
1205 1811 1431 1843 Sclioenborn.
1446 1814 1477 1843 2.
1495 1812 1659 1852 reditum]

1126 1863 1168 1892 44
1191 1861 1306 1892 Porum
1330 1861 1437 1892 litibus
1464 1862 1584 1902 orbum]
1615 1862 1671 1894 Ob
1698 1862 1770 1894 dies

1084 1909 1188 1941 festos
1212 1919 1252 1942 ac
1276 1910 1371 1942 ludos
1395 1911 1545 1951 publicos
1561 1913 1771 1944 cessantibus

1078 1959 1229 1999 judiciis.
1247 1959 1335 1991 Torr.
1366 1960 1489 1991 Litilms
1502 1960 1620 2002 orbum]
1636 1961 1680 1992 Et
1693 1971 1772 1993 can-

1087 2008 1174 2039 tabis
1198 2007 1306 2040 forum
1329 2010 1600 2041 contentionibus
1617 2019 1772 2047 vacuum,

1086 2062 1226 2098 propter
1237 2057 1348 2097 ferias,
1359 2067 1417 2089 seu
1426 2059 1537 2098 potius
1548 2063 1686 2099 propter
1695 2059 1770 2090 Cae-

1086 2107 1169 2136 saris
1208 2106 1416 2146 inquitatem.
1472 2107 1639 2146 Forumque
1666 2106 1770 2137 litibus

1084 2154 1202 2194 orbum]
1222 2155 1278 2186 De
1287 2155 1422 2195 justitio
1437 2151 1770 2196 hoc'intelligendum‚

1086 2204 1172 2244 quod
1180 2203 1341 2235 festorum
1351 2203 1492 2242 dierum,
1500 2203 1668 2243 ludorum,
1678 2214 1771 2246 pom-

1086 2261 1204 2292 parum
1230 2261 1270 2283 ac
1295 2252 1578 2293 supplicationum
1607 2258 1769 2294 tempore,

1087 2305 1183 2341 parta
1219 2300 1370 2338 victoria,
1393 2300 1561 2341 ductoque
1590 2302 1770 2342 triumpho,

1087 2350 1170 2381 nihil
1185 2349 1414 2390 judicabatur,
1429 2353 1646 2391 tacerentque
1661 2349 1771 2382 foren—

1087 2409 1140 2430 ses
1155 2408 1278 2438 causae,
1288 2397 1366 2428 dum
1380 2399 1559 2438 panegyris
1569 2399 1690 2440 agitur.
1717 2401 1771 2431 De

1089 2447 1222 2487 publica
1247 2456 1327 2487 ergo
1348 2447 1467 2478 laetitia
1481 2446 1604 2479 festum
1618 2448 1707 2480 diem
1720 2449 1769 2480 in-

1089 2496 1230 2536 telligas.
1276 2496 1323 2526 Ut
1349 2495 1435 2526 enim
1457 2496 1547 2527 inter
1566 2506 1657 2528 arma
1670 2497 1771 2529 silent

1088 2546 1192 2586 leges,
1217 2545 1264 2576 ita
1286 2545 1319 2576 in
1343 2544 1509 2576 communi
1536 2546 1640 2577 totius
1657 2547 1770 2587 populi

1090 2593 1213 2634 gaudio
1248 2593 1477 2634 triumphoque
1509 2592 1586 2624 lites
1620 2593 1770 2626 forenses

1090 2643 1259 2674 tacebant.
1281 2641 1402 2673 Schott.

1130 2694 1171 2722 45
1197 2691 1273 2722 Tum
1291 2699 1366 2721 meoe
1391 2690 1435 2731 (si
1455 2690 1528 2729 quid
1547 2690 1664 2731 loquar]
1685 2690 1767 2722 'rnm

1092 2748 1211 2779 inagna
1225 2739 1290 2770 mei
1304 2738 1460 2770 carminis
1470 2747 1547 2778 pars
1560 2739 1700 2770 addetur
1709 2734 1767 2768 tuo

1092 2788 1249 2830 poemati,
1265 2789 1292 2819 si
1308 2786 1387 2828 quid
1402 2786 1492 2827 loqui
1507 2795 1639 2826 possum
1651 2785 1768 2818 auditu
