1930 3204
449 285 557 326 1570

449 388 531 416 aetas
554 394 627 425 qnae
654 384 781 416 caedem
805 385 844 415 C.
861 384 1003 416 Caesaris
1017 393 1132 416 conse-

449 438 528 465 cuta
544 439 605 465 est.
650 434 774 464 Ter-itur
788 432 872 464 bellis
885 433 1026 465 civilibus
1039 434 1129 474 aetas]

448 483 663 514 Consumitur
687 481 783 512 bellis
812 481 978 522 civilibus,
1011 483 1129 523 quibus

447 530 621 570 Augustus
636 530 777 560 Brutum
793 533 828 560 et
840 530 990 562 Cassium
1001 531 1128 571 (caesa-

446 579 490 609 ris
506 577 755 617 interfectores)
769 579 1042 619 persequebatur.

489 626 524 665 [2
540 625 648 656 Codd.
665 635 719 665 ap.
728 626 847 665 Jaeck,
854 627 936 666 perit
950 636 1011 667 pro
1024 627 1118 667 ruia]

486 676 505 704 3
528 674 647 714 Illarsi]
668 674 798 706 Bellum
813 675 937 706 sociale
956 675 1127 715 iutelligit,

446 722 534 762 qnod
549 723 691 762 primum
705 733 723 753 a
738 723 859 761 Mafsis
874 723 958 755 duce
973 724 1128 764 Popedio

446 775 662 809 commotum,
687 771 825 802 Italicos
849 780 961 802 omues
982 772 1127 802 concita-

443 819 506 858 vit,
540 819 628 851 unde
656 822 666 838 ‘
691 820 892 852 Marsicum’
922 831 1064 862 quoqne,
1093 826 1129 852 et

442 868 451 884 ⁸
469 867 623 899 Italicum
635 868 644 881 '
661 870 866 908 appellatum
882 874 947 909 est,
961 880 1046 900 anno
1064 870 1126 900 Ur-

443 915 493 946 bis
509 919 583 947 662.
627 918 744 957 Marsi]
767 918 889 957 Populi
909 919 1018 950 ltaliae
1035 919 1126 950 belli-

444 973 525 995 cosi.

483 1015 504 1042 4
527 1013 663 1043 Minucio
678 1013 747 1052 aut]
763 1014 916 1045 Porsena
928 1015 995 1045 dux
1013 1016 1126 1046 Etrus-

445 1068 560 1090 corum
585 1060 777 1092 minabatur
804 1071 839 1092 se
871 1063 958 1093 velle
987 1065 1126 1094 Romam

442 1107 605 1146 demoliri,
637 1109 699 1138 nisi
733 1109 946 1149 Tarquinium
982 1112 1126 1151 ejectum

440 1156 582 1186 Romani
606 1157 638 1187 in
660 1157 773 1187 urbem
801 1159 1001 1197 reciperent.
1043 1160 1127 1190 Por-

440 1204 538 1243 senoe]
562 1205 636 1235 Lib.
661 1206 728 1236 Ms.
763 1206 943 1237 Porsenna».
987 1207 1127 1239 Constat

441 1257 554 1283 tamen
571 1262 682 1284 versus
697 1254 861 1284 secundos
877 1263 990 1285 omues
1007 1264 1049 1285 ex
1066 1265 1127 1295 pu-

440 1301 485 1332 ris
501 1301 627 1332 lambis
643 1310 729 1340 esse,
743 1306 777 1332 et
793 1302 915 1342 alioqui
931 1303 1040 1334 media
1061 1305 1126 1343 syl-

440 1349 518 1379 laba
542 1351 724 1381 communis
747 1355 810 1381 est.
842 1352 947 1382 Mart.
990 1354 999 1370 ‘
1018 1353 1126 1384 Urere

440 1406 538 1437 qnam
554 1399 664 1438 potuit
679 1404 873 1438 contempto
890 1401 1022 1432 Mucius
1038 1402 1126 1442 igue,

439 1446 541 1478 Hanc
564 1453 719 1487 spectare
737 1457 869 1479 manum
890 1449 1040 1480 Porsena
1057 1460 1124 1481 non

439 1495 572 1534 potnit!

481 1548 500 1574 5
525 1546 648 1575 AEmula
662 1554 715 1575 nec
725 1545 825 1575 virtus
845 1545 974 1585 Capuoe]
996 1545 1123 1585 Capua,

438 1596 477 1623 ut
491 1592 597 1632 inquit
612 1593 729 1623 Livius
747 1593 806 1623 lib.
831 1601 887 1624 ιιι.
904 1594 958 1624 vel
981 1593 1024 1624 ab
1038 1594 1123 1624 duce

439 1649 553 1670 eorum
570 1640 686 1678 Capye
701 1639 815 1670 AEneae
825 1640 933 1671 socio:
957 1641 1021 1675 vel,
1035 1641 1123 1680 quod

438 1687 577 1726 propius
600 1695 680 1717 vero
704 1691 769 1726 est,
792 1696 812 1717 a
840 1688 1022 1727 campestri
1044 1687 1124 1728 agro

438 1736 626 1775 appellata,
649 1744 715 1765 non
736 1735 840 1766 solum
856 1735 1049 1775 Campaniae
1071 1745 1125 1766 ur-

437 1783 528 1814 bium
552 1787 667 1823 caput,
691 1783 750 1814 sed
773 1787 809 1814 et
833 1783 944 1814 Italiae
968 1787 1046 1823 post
1063 1784 1125 1814 Ro-

438 1841 540 1871 mam,
558 1835 660 1872 atque
685 1831 769 1862 adeo
792 1832 896 1863 totius
914 1831 1004 1862 orbis
1019 1835 1123 1863 terra-

437 1890 523 1916 rum,
538 1881 565 1911 si
582 1880 815 1921 Carthaginem
837 1880 999 1921 excipias,
1019 1881 1123 1912 maxi-

437 1939 503 1969 ma,
518 1930 735 1970 Magistratu,
750 1930 889 1967 Senatu,
912 1933 948 1960 et
973 1929 1122 1968 consilio,

438 1978 640 2018 caeterisque
668 1978 812 2017 Reipub.
839 1977 1026 2017 insignibus
1053 1977 1123 2008 Ro·

437 2035 501 2056 mae
530 2027 669 2056 aemula:
706 2025 795 2056 bello
820 2025 949 2057 Punico
976 2026 1121 2057 secundo

437 2075 492 2104 vel
507 2074 550 2104 ob
566 2074 598 2104 id
615 2074 820 2113 potissimum
837 2073 996 2104 Annibali
1011 2074 1121 2104 adhae-

436 2122 491 2156 sit,
514 2121 601 2161 quod
624 2122 678 2151 ille
702 2122 790 2152 inter
810 2125 924 2152 cetera
945 2120 1121 2160 magnifica

436 2169 598 2209 promissa
612 2169 780 2208 pollicitus
804 2167 920 2199 fnisset
944 2177 980 2198 se
1004 2168 1119 2198 urbem

437 2226 512 2248 eam
547 2216 684 2257 reliquae
726 2216 834 2246 Italiae
871 2215 1118 2255 praefecturum.

438 2266 584 2305 Elegans
597 2274 678 2304 ergo
700 2263 913 2304 periphrasis,
927 2264 1049 2294 AEmula
1065 2273 1119 2294 nec

434 2315 539 2345 virtus
554 2314 677 2352 Capuoe,
692 2322 752 2352 pro
766 2312 838 2351 ipsa
849 2311 977 2351 Capua.
1012 2311 1118 2341 AEmu-

437 2364 469 2397 la
482 2371 536 2392 nec
547 2362 647 2392 virtus
663 2359 792 2400 Capuoe]
808 2359 876 2390 Cur
889 2359 1028 2389 aemnla?
1044 2359 1119 2399 quia

439 2410 555 2449 Capua
577 2410 612 2439 in
636 2417 730 2448 spem
751 2407 845 2439 venit
865 2406 1028 2447 eripiendi
1054 2407 1119 2438 Ro-

438 2457 544 2489 manis
561 2457 750 2497 imperium,
769 2459 849 2486 tunc
864 2455 1020 2495 temporis
1036 2465 1119 2495 prae-

437 2505 564 2542 sertim,
579 2515 655 2536 cnm
676 2505 846 2536 Hannibal
867 2509 1012 2536 vastaret
1026 2504 1119 2536 Itali-

439 2565 504 2586 am.
547 2554 715 2594 Spartacus
741 2553 826 2593 acer]
848 2553 915 2585 Hic
944 2563 1009 2594 qno
1033 2554 1119 2594 peri-

437 2603 549 2634 culum
571 2603 660 2634 illius
683 2602 763 2633 belli
791 2601 997 2633 manifestius
1018 2602 1118 2646 signi-

440 2651 574 2690 ficetur,
589 2650 763 2682 Claudiani
779 2651 886 2682 locum
902 2650 944 2681 de
955 2650 1042 2681 bello
1054 2650 1119 2681 Ge-

439 2699 507 2732 tico
527 2700 737 2732 adscribam:
759 2699 769 2716 ‘
784 2699 870 2730 Vilis
895 2708 968 2731 cnm
982 2698 1119 2739 Sparta-

439 2755 496 2780 cus
513 2755 607 2779 omne
624 2750 691 2781 Per
710 2748 796 2783 latus
811 2748 920 2780 Italiae
935 2746 1023 2782 ferro
1042 2747 1119 2780 bac-

892 296 1030 326 NOTAE
1062 295 1318 327 vARmRUM
1351 298 1401 327 IN

1181 387 1297 418 chatus
1317 392 1352 418 et
1366 387 1446 427 igni,
1460 388 1735 430 consulibusque¹
1747 393 1853 431 palam

1180 437 1279 468 toties
1286 446 1491 478 congressus,
1500 438 1623 470 inertes
1638 439 1777 472 Exuerit
1786 449 1857 472 cas-

1181 485 1241 515 tris
1257 485 1418 524 dominos,
1442 491 1477 516 et
1493 491 1605 526 strage
1619 487 1777 527 pudenda
1791 489 1857 519 Fu-

1179 531 1266 563 derit
1287 533 1436 564 imbelles
1462 534 1588 574 aquilas
1610 535 1784 579 servilibus
1805 545 1856 566 ar-

1178 579 1262 610 mis!
1295 581 1463 620 Spartacus
1473 582 1557 622 acer]
1579 583 1666 613 Belli
1680 583 1787 615 civilis
1801 592 1857 614 au-

1177 629 1254 661 thor
1267 634 1302 661 et
1316 631 1393 663 dux.
1422 632 1509 663 Vide
1526 641 1582 663 ιιι.
1597 632 1664 663 Od.
1682 635 1733 663 14.
1765 636 1767 638 ’
1855 655 1860 659 .

1217 681 1238 709 6
1261 679 1415 719 Novisque
1436 681 1524 711 rebus
1544 680 1679 720 infidelis
1691 681 1856 722 Allobrox]

1177 724 1386 768 Allobroges,
1411 738 1491 769 quos
1519 738 1606 760 nunc
1634 728 1789 760 Sabandos
1817 739 1858 761 ac

1177 775 1376 814 Delphinates
1397 782 1532 816 vocant,
1560 787 1642 817 gens
1668 778 1709 808 ad
1733 776 1857 809 flumen

1177 823 1385 863 Rhodanum,
1415 830 1625 866 tractumque
1658 825 1857 866 Lugdunen-

1177 881 1244 902 sem
1261 873 1337 908 sita,
1353 875 1404 904 vel
1417 879 1496 905 aute
1510 874 1598 905 bella
1610 874 1750 912 Punica,
1759 878 1797 904 ut
1809 874 1857 904 ait

1176 919 1291 952 Livius
1319 921 1402 951 libro
1429 925 1482 953 21.
1508 923 1598 953 nulla
1631 923 1695 953 alia
1723 922 1856 954 Gallica

1177 972 1279 1007 gente
1294 973 1353 999 aut
1372 969 1490 1007 opibus
1515 974 1574 1000 aut
1592 969 1682 1001 fama
1702 969 1855 1008 inferior,

1177 1020 1213 1046 nt
1227 1016 1337 1046 Italiae
1350 1017 1499 1055 proxima
1514 1021 1600 1055 erat,
1614 1017 1663 1048 sic
1676 1018 1776 1048 etiam
1795 1027 1855 1049 no-

1177 1063 1314 1098 tissima,
1331 1068 1367 1094 et
1384 1063 1540 1095 Romanis
1561 1073 1631 1104 prae
1653 1064 1774 1095 ceteris
1788 1075 1857 1096 me-

1176 1111 1310 1142 tuenda.
1353 1111 1459 1143 Porro
1484 1113 1570 1153 quod
1594 1121 1650 1143 eos
1670 1112 1758 1143 novis
1769 1112 1858 1144 rebus

1175 1159 1310 1199 infideles
1338 1164 1435 1191 vocat
1462 1160 1633 1196 Horatius,
1658 1160 1693 1190 id
1717 1165 1784 1191 tam
1813 1161 1856 1191 ad

1175 1208 1285 1246 gentis
1308 1208 1464 1245 indolem,
1493 1219 1591 1250 qnam
1618 1209 1660 1240 ad
1684 1209 1856 1240 historiam

1175 1255 1387 1287 referendum
1400 1267 1409 1294 3
1433 1262 1550 1288 natura
1560 1258 1645 1288 enim
1662 1257 1766 1288 habiti
1778 1258 1856 1288 olim

1174 1304 1277 1343 leves,
1290 1309 1326 1335 et
1338 1304 1503 1343 iracundi,
1512 1309 1547 1336 et
1557 1305 1672 1346 quavis
1683 1306 1856 1336 occasione

1173 1352 1352 1383 irritabiles
1360 1353 1448 1384 Galli
1457 1363 1580 1393 ornnes,
1587 1354 1728 1385 maxime
1737 1354 1857 1385 Trans-

1174 1402 1290 1441 alpini.
1336 1403 1434 1434 Unde
1454 1403 1660 1434 intidelitatis
1684 1407 1763 1434 nata
1785 1403 1856 1442 opi-

1173 1450 1229 1480 nio
1244 1455 1306 1482 est.
1349 1451 1502 1492 Denique
1524 1461 1590 1482 non
1614 1451 1779 1482 erraverit
1799 1451 1856 1491 qui

1172 1497 1391 1537 Allobrogum
1425 1500 1559 1530 nomine
1592 1499 1707 1529 Gallos
1743 1507 1855 1529 omnes

1172 1545 1361 1584 significare
1384 1546 1528 1576 voluisse
1551 1545 1729 1576 Horatium
1745 1546 1854 1577 credi-

1171 1592 1272 1624 derit.
1317 1594 1382 1624 Vel
1399 1595 1498 1625 Novis
1518 1594 1608 1625 rebus
1625 1594 1758 1635 infidelis
1771 1594 1853 1626 dici-

1172 1645 1240 1677 tur,
1253 1645 1289 1672 nt
1308 1651 1383 1672 cum
1406 1642 1548 1673 dicimus
1568 1642 1578 1659 ‘
1590 1642 1733 1674 infidelis
1749 1644 1853 1674 ambi-

1172 1689 1290 1728 tione,’
1302 1690 1366 1719 hoc
1381 1694 1446 1728 est,
1465 1694 1604 1730 propter
1625 1691 1853 1724 ambitionem.

1173 1737 1263 1775 Ergo
1288 1736 1421 1776 infidelis
1439 1738 1531 1768 novis·
1544 1738 1644 1777 rebus,
1658 1738 1855 1779 simpliciter

1171 1788 1233 1823 est,
1247 1784 1264 1813 ὁ
1279 1784 1470 1825 νεωτερίζων,
1493 1785 1549 1825 qui
1572 1794 1625 1826 res
1647 1795 1749 1817 novas
1763 1789 1856 1818 moli-

1172 1834 1228 1863 tur
1243 1837 1300 1864 aut
1315 1834 1478 1874 conjurat.
1511 1834 1637 1865 Merito
1652 1837 1762 1865 autem
1775 1844 1856 1874 gen.

1172 1884 1239 1910 tem
1254 1881 1344 1911 illam
1359 1882 1491 1913 nomine
1504 1881 1567 1912 hoc
1585 1881 1733 1914 traducit
1748 1882 1857 1914 Hora·

1172 1929 1247 1967 tius,
1285 1939 1372 1969 quae,
1397 1934 1434 1960 nt
1463 1930 1529 1961 alia
1557 1930 1722 1970 omittam,
1748 1931 1856 1963 tribus

1171 1985 1277 2016 prope
1301 1982 1360 2007 aut
1385 1982 1528 2018 quatuor
1555 1978 1720 2010 continuis
1749 1980 1855 2018 annis,

1171 2025 1266 2055 novis
1282 2025 1381 2056 rebus
1392 2026 1533 2065 studuit,
1545 2035 1742 2067 semperque
1754 2027 1854 2064 victa,

1172 2081 1274 2102 novas
1299 2073 1420 2103 iterum
1445 2073 1529 2112 reip.
1551 2073 1713 2104 bellorum
1735 2081 1852 2104 causas

1149 2119 1278 2150 -dedit.
1301 2120 1463 2151 Heinsius.
1508 2120 1671 2159 Allobrox]
1701 2119 1853 2151 Allobro-

1171 2174 1228 2204 ges
1243 2170 1320 2196 sunt
1336 2166 1449 2206 populi
1464 2166 1597 2206 Galliae,
1619 2166 1675 2206 qui
1696 2175 1758 2207 per
1776 2176 1852 2199 snos

1171 2214 1298 2252 legatos
1315 2213 1467 2244 Ciceroni
1483 2213 1745 2253 conjurationem
1761 2215 1853 2246 Cati-

1169 2259 1320 2290 linariam
1344 2260 1590 2300 patefecerunt,
1605 2261 1754 2300 quamvis
1776 2270 1850 2293 cum

1170 2308 1312 2338 Lentulo
1342 2309 1434 2347 prius
1465 2313 1701 2339 consenserant
1712 2319 1722 2339 ι
1757 2314 1851 2340 recte

1170 2355 1271 2394 igitur
1283 2355 1439 2386 dicuntur
1461 2355 1612 2386 infideles
1628 2356 1722 2395 novis
1737 2356 1850 2397 rebus,

1170 2403 1205 2434 id
1220 2409 1283 2442 est,
1300 2404 1357 2444 qui
1374 2404 1466 2434 novis
1485 2404 1584 2435 rebus
1599 2404 1789 2446 studebant.

1213 2455 1232 2482 7
1258 2451 1414 2491 Caerulea]
1436 2452 1487 2482 De
1503 2452 1677 2483 Germanis
1691 2453 1739 2484 sic
1753 2453 1850 2484 Taci-

1171 2504 1245 2532 tus:
1267 2502 1276 2517 ‘
1293 2501 1436 2532 Habitus
1449 2509 1636 2541 corporum,
1651 2510 1847 2542 quamquam

1171 2550 1204 2581 in
1221 2555 1317 2582 tanto
1333 2551 1497 2582 hominum
1513 2559 1661 2586 numero,
1676 2550 1763 2582 idem
1779 2559 1848 2582 om-

1170 2601 1282 2639 nibus;
1305 2605 1416 2631 truces
1430 2605 1467 2630 et
1480 2600 1594 2631 caeruli
1616 2599 1715 2638 oculi,
1739 2599 1847 2631 rutila

1170 2659 1285 2689 comae,
1299 2659 1421 2689 magna
1433 2647 1597 2688 corpora!
1633 2647 1708 2679 Hoc
1723 2652 1775 2679 est
1787 2647 1846 2687 igi-

1170 2702 1225 2729 tur
1252 2698 1340 2739 quod
1362 2697 1372 2714 ‘
1388 2697 1561 2728 coeruleam
1587 2695 1775 2728 Germaniae
1791 2695 1846 2734 ju-

1170 2746 1357 2779 ventutem‘
1381 2749 1478 2779 vocat
1500 2745 1623 2790 Borat.
1659 2744 1732 2776 Nec
1751 2741 1847 2774 dubi.
