1916 3262
337 263 451 306 1122
805 276 849 313 Q.
880 273 1089 304 HORA'ru
1123 274 1294 305 snsccl

336 365 508 408 Fabula
525 365 563 406 si
582 366 790 416 dubitem,
808 367 996 407 clament
1014 367 1197 420 periisse
1216 367 1426 421 pudorem

336 431 492 474 Cuncti
512 446 638 485 paene
656 435 824 484 patres3
854 445 908 472 ea
927 445 1022 473 cum
1043 433 1353 486 reprehendere
1371 445 1499 474 coner

336 497 452 547 Quae
467 498 610 550 gravis
631 498 844 550 AEsopus,
861 511 959 549 quae
979 498 1130 539 doctus
1151 498 1346 539 Roscius
1368 499 1480 550 egit:

337 562 424 603 Vel
444 563 548 615 quia
567 563 629 603 nil
648 567 825 612 rectum,
844 563 929 604 nisi
948 563 1064 616 quod
1082 563 1246 615 placuit
1265 563 1366 612 sibi,
1387 564 1576 613 ducunt;

339 626 425 668 Vel
444 627 548 680 quia
567 632 693 680 turpe
714 631 868 680 putant
879 641 1032 681 parere
1052 629 1303 678 minoribus,
1322 634 1364 670 ct
1383 642 1481 682 quae

341 691 535 733 Imberbi
555 693 758 743 didicere,
780 706 906 734 senes
925 693 1140 747 perdenda
1157 693 1299 735 fateri.
1707 693 1764 734 85

341 803 433 834 prope
446 795 581 826 seniores
594 797 804 828 exclamabunt
820 797 1031 828 verecundiam
1044 798 1157 828 nullam
1167 806 1246 834 esse,
1258 797 1397 838 quonium
1412 797 1492 827 haud
1511 794 1645 826 dubitem
1664 803 1702 824 ea
1715 801 1764 823 re-

344 836 494 873 darguere
507 847 574 877 quoe
587 841 657 869 acta
678 842 749 869 sunt
763 839 801 869 ab
816 840 929 878 AEsopo
940 839 1031 877 gravi
1045 843 1076 869 et
1096 849 1116 869 a
1130 839 1238 870 solerte
1256 839 1362 869 Roscio
1374 849 1384 869 .·
1405 847 1458 869 seu
1470 839 1550 879 quod
1565 836 1647 867 nihil
1657 836 1766 865 bonum

345 877 498 909 «estimant
511 878 574 909 nisi
588 881 665 919 quod
675 880 752 919 ipsis
764 881 879 920 placuit
894 890 905 916 ‚·
926 890 980 911 seu
993 882 1072 920 quod
1084 880 1245 918 indignum
1258 880 1450 911 arbitrantur
1463 880 1568 910 cedere
1574 876 1766 916 junioribus,

344 921 376 948 et
389 928 474 950 senes
493 920 635 962 confiteri
650 921 818 961 abjicienda
832 932 900 962 quae
918 923 1007 962 pueri
1022 922 1205 953 didicerunt.
1250 923 1340 952 Nunc
1359 922 1411 962 qui
1435 921 1590 952 Saliorum
1612 927 1732 950 emen
1746 926 1766 947 ιι

939 1000 1173 1015 “temeto-ee

345 1053 398 1084 vel
420 1054 520 1086 Actoe.
570 1054 666 1086 Gott.
693 1055 726 1085 iu
752 1065 856 1095 marg.
881 1057 971 1088 Acci.
1022 1057 1249 1088 Schoenborn.
1273 1058 1306 1087 2.
1333 1055 1509 1096 Apta—so
1537 1052 1764 1100 Sclioenborn3

343 1096 375 1124 2.
397 1094 573 1125 duodecim
596 1105 651 1136 ap.
675 1096 788 1137 Feam,
812 1103 880 1128 tres
901 1099 1083 1137 Torrentii‚
1098 1103 1132 1129 et
1151 1098 1217 1128 duo
1234 1098 1442 1136 Bersmanni,
1463 1098 1606 1132 clamant.
1651 1095 1766 1126 Ceteri

345 1135 444 1165 codd.
473 1141 509 1166 et
531 1136 607 1166 edd.
639 1145 754 1168 omnes
786 1140 1008 1170 clament.-81
1036 1140 1180 1178 Cuning.
1201 1140 1391 1179 reprendere.
1436 1138 1514 1168 Vnt.
1535 1137 1635 1168 Rom.
1655 1137 1688 1166 2.
1718 1143 1767 1165 co-

344 1179 499 1207 non—82
520 1177 746 1209 Schoenborn.
761 1182 793 1210 2.
815 1183 980 1219 οἶαι-83
1003 1181 1228 1212 Schoenborn.
1243 1183 1274 1212 4.
1296 1181 1330 1211 ni
1353 1179 1441 1219 quod.
1484 1178 1581 1210 Harl.
1597 1180 1630 1208 2.
1644 1179 1676 1208 4.
1690 1178 1721 1207 6.
1735 1177 1768 1206 7.

346 1216 404 1246 alii
430 1218 529 1249 codd.
559 1229 614 1258 ap.
645 1219 758 1256 Feam,
781 1226 816 1251 et
837 1222 959 1260 Jaeck,
980 1223 1059 1253 Vet.
1088 1223 1207 1254 Comb.
1236 1227 1273 1253 et
1294 1221 1447 1262 quaedam
1476 1219 1550 1251 aliae
1579 1217 1656 1250 edd.
1685 1219 1770 1266 γεη-

345 1258 464 1290 dieunt.
519 1260 750 1292 Schoenborn.
775 1265 807 1293 2.
841 1264 1051 1294 dictum—85
1075 1263 1208 1294 Imber-bi
1233 1264 1361 1294 Comm.
1385 1261 1606 1302 erumnarum,
1629 1263 1666 1290 et
1688 1257 1769 1289 inde

347 1298 489 1330 fortasse
505 1301 688 1341 Cruquius;
711 1312 776 1332 non
798 1313 839 1333 ex
866 1305 1098 1334 vetustissimis
1120 1305 1198 1339 suis,
1218 1309 1255 1334 ut
1277 1314 1338 1344 pro
1356 1312 1397 1334 eo
1418 1303 1504 1334 male
1521 1301 1642 1333 asserit
1655 1299 1769 1332 Beutl.

348 1341 403 1380 qui
430 1341 479 1370 ita
503 1342 587 1381 legit
611 1343 711 1372 etiam
734 1352 775 1373 ex
802 1345 869 1374 suis
893 1344 1119 1383 innominatis,
1149 1350 1184 1375 et
1216 1354 1259 1375 ex
1290 1345 1404 1382 Nonii,
1433 1349 1468 1374 et
1492 1342 1634 1373 Charisii
1659 1349 1769 1382 grem·

347 1381 557 1412 maticalibus
586 1391 651 1413 non
680 1383 783 1414 firmis
806 1385 1008 1424 praeceptis;
1030 1385 1108 1416 inde
1134 1386 1235 1416 Baxt.
1261 1393 1441 1423 anonymus
1465 1386 1558 1414 1713.
1582 1383 1668 1413 Cun.
1690 1383 1769 1412 San.

347 1421 495 1454 Mervill.
519 1423 609 1455 Phil.
634 1424 786 1465 Sandby,
816 1426 957 1466 Dorigh.
986 1426 1092 1458 Gesn.
1121 1426 1260 1466 Combe,
1286 1424 1417 1456 Wakef.
1445 1424 1553 1455 Zeun.
1581 1423 1686 1454 Kidd·
1709 1422 1769 1453 Bi-

982 1517 1124 1549 NOTAE

345 1581 448 1617 atque
463 1576 526 1608 huc
544 1577 696 1617 Satyrice
719 1578 867 1610 alludere
887 1579 1030 1610 Poe'tam

345 1629 492 1656 nostrum
517 1626 644 1667 volunt,
667 1636 742 1658 cum
764 1628 825 1666 ait,
845 1628 1032 1667 perambulet

343 1675 432 1706 Attoe
446 1675 576 1706 Fabula.
613 1675 708 1707 Illius
722 1677 944 1708 meminerunt
960 1678 1030 1710 Cic.

344 1732 408 1762 pro
422 1723 551 1762 Sextio,
566 1723 729 1765 Isidorus,
743 1726 806 1756 ὅτε.

385 1771 474 1802 Attae
506 1772 638 1811 Fabula]
674 1774 761 1804 Haec
787 1773 953 1814 inscripta
980 1773 1028 1804 fu-

341 1820 407 1850 isse
424 1820 548 1851 (licitur
568 1821 779 1852 Matertera:
803 1827 839 1853 at
862 1827 1030 1862 praeterea

342 1867 466 1899 citatur
480 1867 564 1899 Atta
575 1869 608 1899 in
623 1869 753 1908 Satiris,
763 1871 805 1901 ab
820 1870 972 1909 Isidoro;
996 1871 1028 1902 iu

344 1916 583 1955 Conciliatore‚
600 1917 633 1947 in
656 1918 831 1959 AEdffibus,
847 1920 879 1949 iu
903 1920 1028 1951 Tirone

342 1963 593 2004 proficiscente,
616 1975 636 1995 a
651 1965 762 1996 Gellio
782 1971 818 1998 et
837 1967 919 1998 aliis.
956 1968 1029 1999 Cri-

342 2013 404 2044 nit.
420 2013 462 2044 de
477 2013 576 2046 Poet.
590 2015 662 2046 Lat.
676 2015 737 2045 lib.
753 2024 795 2047 11.

387 2061 526 2093 clament
549 2062 674 2102 periisse
695 2063 855 2103 pudorem]
893 2063 1029 2095 Persius

341 2111 412 2142 Sat.
428 2121 464 2143 v.
490 2112 679 2144 ‘exclamet
700 2114 878 2145 Melicerta
903 2114 1028 2154 perisse

342 2160 501 2191 Frontem
516 2160 558 2190 de
574 2160 698 2192 rebus.’

385 2211 425 2239 81
449 2209 498 2238 Ea
517 2217 585 2238 cum
603 2208 819 2247 reprehendere
843 2218 932 2240 coner
953 2209 1030 2244 Quoe

343 2256 451 2295 gravis
464 2257 568 2296 AEsop.
583 2256 652 2296 ξα]
669 2257 772 2288 Quasi
787 2266 868 2288 vero
884 2257 1030 2288 Histrio-

345 2305 397 2336 nis
412 2305 499 2335 fama
513 2310 548 2336 et
568 2305 707 2337 solertia
727 2307 873 2345 pretium
895 2316 1030 2338 nomeu-

345 2362 411 2393 que
425 2354 507 2384 dare
523 2352 647 2384 fabulae
664 2359 800 2395 queant.

388 2404 429 2432 82
455 2402 570 2432 Gravis
595 2403 742 2443 AEsopus]
777 2403 1031 2444 Tragoediarum

347 2454 454 2489 actor,
483 2450 649 2490 gravitate
678 2451 811 2492 tragica
835 2457 872 2484 et
901 2454 1032 2485 actione

345 2500 534 2531 vehementi
549 2500 703 2532 celebris.
732 2501 833 2534 Hunc
848 2503 963 2534 laudat
979 2504 1034 2535 Ci-

346 2557 425 2579 cero
437 2549 589 2588 pluribus
603 2550 706 2581 locis:
724 2560 764 2582 se
782 2560 843 2592 per
854 2552 962 2592 ipsum
979 2562 1034 2584 ac-

345 2597 469 2628 tionem
486 2599 519 2628 in
535 2599 679 2630 dicendo
702 2601 898 2632 emendasse
913 2601 1032 2635 fertur.

345 2646 487 2679 Quintil.
499 2655 550 2679 xl.
561 2651 592 2678 3.
607 2650 616 2666 ‘
630 2649 771 2681 Roscius
782 2650 929 2686 citatior,
940 2652 1033 2684 AEso-

345 2702 408 2732 pus
431 2694 587 2732 gravior‚'
608 2696 729 2737 inquit,
752 2699 763 2716 ‘
781 2699 871 2739 quod
893 2699 949 2731 ille
968 2701 1032 2732 Co-

342 2742 492 2782 summas,
516 2743 571 2774 hic
584 2744 779 2785 Tragoedias
809 2748 904 2788 egit!
948 2749 1032 2791 EJus

1083 1579 1217 1611 divitias
1232 1583 1267 1610 et
1282 1580 1395 1610 luxum
1411 1576 1517 1609 refert
1528 1575 1656 1608 Plinius
1668 1584 1704 1608 x.
1715 1579 1774 1609 51.

1084 1631 1120 1660 et
1134 1637 1249 1659 xxxv.
1266 1630 1318 1659 12.
1351 1626 1439 1658 Vide
1453 1631 1488 1657 et
1503 1635 1544 1657 n.
1559 1626 1632 1656 Set.
1647 1627 1679 1656 ⁸.
1695 1627 1770 1656 2³9.

1130 1677 1244 1708 Doctus
1263 1675 1403 1716 Roscius]
1418 1675 1486 1707 Hic
1502 1674 1690 1715 praesertim
1705 1674 1769 1705 Co-

1082 1725 1277 1756 moediarum
1293 1729 1388 1756 actor
1399 1720 1533 1764 insignis
1548 1729 1621 1754 erte
1636 1727 1770 1764 gestum

1083 1773 1206 1813 agendi
1232 1773 1404 1804 excelluit.
1446 1773 1502 1804 De
1521 1781 1562 1803 eo
1581 1772 1709 1805 Tullius
1727 1769 1771 1802 ed

1082 1822 1246 1855 Quintum
1261 1821 1411 1854 fratrem.
1444 1822 1454 1838 ‘
1470 1820 1647 1852 Videtisne
1670 1828 1771 1860 quum

1083 1871 1162 1902 nihil
1188 1871 1230 1901 ab
1258 1880 1299 1902 eo
1315 1871 1492 1902 Histrione
1518 1869 1581 1900 nisi
1605 1868 1773 1910 perfecte,

1084 1921 1164 1951 niliil
1181 1920 1244 1951 nisi
1259 1930 1334 1951 cum
1358 1929 1488 1951 summa
1503 1923 1681 1951 venustate
1697 1917 1772 1955 flat,

1082 1968 1146 1998 nisi
1165 1969 1214 1999 ita
1239 1974 1276 1999 ut
1303 1969 1436 2006 deceat,
1459 1973 1494 2000 et
1509 1969 1557 1999 uti
1572 1977 1686 2000 omnes
1699 1977 1771 1999 mo·

1082 2020 1159 2047 veut
1173 2025 1212 2047 ac
1227 2016 1399 2047 delectet?
1422 2016 1544 2056 Itaque
1557 2017 1619 2046 hoc
1627 2017 1700 2056 Jam
1713 2016 1770 2047 diu

1083 2069 1137 2096 est
1151 2069 1364 2104 consecutus,
1380 2069 1416 2095 ut
1432 2065 1465 2095 in
1478 2074 1538 2095 suo
1554 2064 1706 2105 quisquis
1717 2073 1771 2095 er-

1082 2113 1187 2145 tificio
1215 2113 1411 2148 excelleret,
1443 2113 1471 2142 is
1503 2112 1536 2143 in
1563 2121 1624 2143 suo
1646 2121 1770 2152 genere

1084 2162 1223 2194 Roscius
1252 2160 1449 2192 diceretur.'
1492 2161 1538 2192 Et
1562 2169 1624 2200 pro
1644 2159 1771 2193 Archia

1083 2210 1204 2250 Poeta,
1220 2210 1334 2241 Roscii
1347 2210 1358 2227 ‘
1372 2209 1595 2240 excellentem
1607 2213 1715 2240 artem
1730 2219 1770 2240 ec

1084 2262 1297 2289 venustatem
1306 2257 1316 2270 '
1332 2257 1415 2288 dicit
1425 2266 1498 2288 eam
1511 2256 1628 2295 fuisse,
1640 2261 1676 2288 ut
1687 2257 1771 2288 mori

1083 2308 1215 2338 omuino
1231 2316 1297 2338 non
1313 2306 1468 2337 debuisse
1485 2305 1665 2336 videretur.
1695 2306 1770 2337 Me-

1084 2356 1216 2387 crobius
1242 2355 1412 2386 Saturnal.
1438 2364 1492 2386 ln.
1517 2357 1570 2386 14.
1598 2356 1608 2372 ‘
1626 2355 1770 2392 Nullus‚’

1082 2404 1204 2446 inquit,
1217 2405 1228 2422 ‘
1241 2404 1373 2444 ignorat
1386 2403 1582 2434 Ciceronem
1601 2403 1724 2435 Roscio
1735 2407 1772 2435 et

1084 2454 1208 2493 AEsopo
1229 2452 1446 2483 histrionibus
1470 2456 1539 2482 tam
1561 2450 1774 2484 familiariter

1085 2511 1194 2540 usum,
1210 2506 1248 2532 ut
1270 2510 1323 2531 res
1345 2501 1558 2541 rationesque
1572 2509 1688 2531 eorum
1711 2510 1771 2532 sue

1086 2551 1222 2582 solertia
1238 2553 1406 2589 tueretur,
1419 2551 1483 2580 &c.
1497 2570 1505 2579 .
1520 2570 1528 2581 .
1543 2571 1551 2581 .
1563 2549 1599 2579 Is
1614 2554 1668 2580 est
1688 2549 1771 2581 Ros-

1086 2600 1171 2640 cius,
1195 2600 1252 2640 qui
1275 2599 1378 2629 etiam
1405 2598 1441 2628 L.
1457 2598 1556 2638 Syllae
1580 2598 1772 2630 carissimus

1085 2649 1210 2689 fuit‚et
1225 2648 1347 2679 annulo
1364 2656 1466 2678 aureo
1481 2647 1523 2678 ab
1534 2647 1651 2679 eodem
1666 2646 1773 2678 dicta·

1085 2704 1158 2730 tore
1175 2697 1316 2729 donatus
1328 2692 1403 2730 est,’
1413 2697 1478 2726 dcc.
