1916 3262
478 269 690 303 noun-11
722 269 1002 301 munuum
1035 269 1135 300 ms.
1168 268 1200 299 1.
1229 259 1271 299 7.

178 369 218 399 15
241 363 441 398 Merionen?
460 363 531 404 out]
553 362 673 395 Virum
690 360 834 394 fortissi-

133 425 238 456 mum,
261 416 401 458 pulvere
425 413 549 446 Troico
570 412 775 454 squalidum,
797 417 836 445 et

130 465 330 498 obductum.
360 464 431 506 Ope
445 461 604 503 Palladis]
619 462 736 494 Pallas
747 472 835 495 sem-

134 524 200 556 per
214 524 316 557 opem
332 514 413 547 tulit
426 511 585 546 Diomedi
600 511 710 553 Tydei
725 511 808 544 filio.

176 568 219 599 lo
240 564 373 606 Superis
399 563 520 606 parem]
541 561 666 595 Animo
683 568 720 596 et
735 562 834 596 forti-

131 614 254 648 tudine
269 614 345 648 Diis
360 613 539 655 equalem.
574 612 666 644 Nam
682 613 834 646 Martem

128 671 168 698 et
181 666 353 699 Venerem
369 662 558 696 Diomedes
574 663 780 696 vulneravit.

175 718 216 748 Π
232 715 302 748 Noe
310 714 434 756 podia,
448 713 518 755 850ss
542 712 742 746 Amantium
754 723 834 747 con-

130 765 304 799 tentiones
321 769 359 796 et
373 764 488 796 lusus:
511 763 628 796 facete
651 764 832 797 admodum

129 814 284 848 alludens
299 814 343 847 ad
354 815 493 846 heroum
509 820 617 856 gesta.
638 815 683 847 Se
696 825 833 857 quoque

126 865 164 897 in
179 865 308 906 preliis
322 864 455 898 versari
469 865 570 902 dicit,
580 865 642 897 sed
659 875 728 897 nou
740 865 833 897 duris

125 918 164 947 et
178 915 322 947 nultum
337 915 627 956 sanguinolentis:
649 914 710 946 sed
723 915 832 948 molli·

126 964 192 998 bus
210 970 249 997 et
269 965 458 1004 amatoriis,
473 965 508 997 in
526 965 649 1007 quibus
665 975 732 997 non
747 975 832 1007 opus

125 1023 182 1048 est
197 1015 291 1049 ferro
314 1020 352 1049 et
372 1016 477 1049 armis
499 1016 749 1057 adamantinis3
770 1017 830 1049 sed

126 1066 308 1108 unguibus,
327 1067 440 1109 iisque
465 1067 624 1108 resectis,
646 1075 690 1099 ne
714 1068 831 1100 vulne-

128 1121 251 1149 rentur
266 1123 431 1149 amantes.

171 1168 213 1199 18
234 1167 382 1209 Actium]
406 1167 568 1208 Virgines
591 1170 628 1199 et
643 1167 768 1208 puellae
783 1167 832 1201 ita

127 1225 227 1249 neres
252 1221 332 1249 suut
352 1217 386 1249 in
405 1217 568 1258 juvenes,
583 1221 622 1249 ut
639 1222 754 1249 tamen
771 1227 831 1250 un-

125 1275 212 1308 gues
240 1276 318 1299 suos
355 1266 399 1299 ad
429 1267 688 1308 repugnandum
719 1273 831 1300 sectos

122 1315 287 1356 habeant,
301 1325 346 1348 ne
361 1315 452 1349 forte
470 1326 584 1358 pugna
606 1317 652 1349 sit
673 1322 831 1354 cruenta,

122 1366 216 1408 quod
232 1375 310 1398 raro
323 1365 376 1398 fit.

167 1419 209 1448 19
235 1416 357 1453 Vacua,-
378 1414 461 1456 sive]
494 1415 575 1447 Sive
597 1415 690 1457 quod
714 1424 829 1448 sumus

120 1466 235 1507 neni,
257 1466 291 1498 id
317 1469 384 1507 est,
401 1465 502 1502 valde
517 1465 632 1505 otiosi,
649 1466 723 1497 sive
739 1465 828 1507 quod

119 1516 266 1557 urimur,
276 1515 312 1547 id
325 1521 391 1553 est,
404 1515 650 1558 aliquantulum
666 1525 829 1548 amamus.

117 1567 200 1600 Sive
209 1568 290 1609 quod
299 1566 438 1607 urimur]
453 1568 577 1600 Sensus
589 1573 656 1608 est,
668 1577 745 1599 eum
756 1569 829 1600 sive

122 1627 240 1651 amore
251 1627 409 1655 vacuiim,
425 1618 496 1651 sive
512 1628 595 1659 non,
605 1627 740 1660 semper
753 1618 828 1650 haec

116 1666 283 1700 meditari
307 1667 434 1700 studia.
479 1667 557 1700 Nec
581 1667 774 1699 mirandum
799 1667 831 1699 si

117 1716 359 1750 inconstanter
380 1722 487 1758 amet,
506 1717 563 1759 qui
586 1717 636 1749 ita
654 1717 730 1758 jam
747 1726 830 1749 con-

121 1768 286 1800 sueverit.
309 1768 420 1802 Quam
428 1767 606 1800 levitatem
617 1777 710 1799 suam
719 1767 831 1809 Epod.

118 1825 177 1850 ιι.
192 1821 230 1850 et
245 1827 287 1850 ιι.
301 1817 375 1850 Sat.
392 1821 425 1850 7.
441 1816 576 1850 abunde
598 1820 746 1849 testatus
761 1821 829 1848 est.

124 1867 272 1900 Tment.

165 1919 209 1949 20
223 1916 298 1948 Non
308 1915 444 1958 proeter]
463 1917 498 1949 N
502 1920 596 1948 ostro
612 1925 705 1948 more
720 1916 827 1958 leves,

123 1971 161 1999 et
172 1967 417 2004 inconstantes,
426 1967 516 2008 quod
526 1967 741 2000 amatoribus
752 1977 828 2009 pro-

121 2017 235 2058 prium
249 2021 316 2054 est.
332 2022 370 2049 et
385 2017 563 2050 usitatum.

119 2066 207 2100 Ona
229 2076 297 2099 vu.
329 2066 549 2108 Παραινετική.
606 2065 666 2099 An
694 2067 827 2100 Μυκᾼ-

161 2124 256 2151 mnt
271 2117 458 2150 Punctum
470 2117 734 2150 consumam.
757 2117 827 2150 Alii

163 2167 247 2200 alias
261 2167 403 2200 laudaut
413 2167 583 2208 civitates,
597 2172 635 2199 et
648 2168 824 2209 regiones:

162 2218 330 2252 Horatius
363 2227 446 2250 vero
475 2218 617 2260 reliquis
647 2219 826 2260 auteponit

159 2269 281 2310 Tibur,
295 2269 354 2302 ubi
368 2273 468 2301 natus
484 2273 537 2301 est
545 2269 711 2310 Plancus,
723 2279 824 2311 quem

161 2321 206 2354 ad
232 2320 410 2354 diluendas
436 2320 515 2352 vino
541 2329 640 2352 curas
667 2320 824 2352 cohorta-

162 2375 232 2404 tur.

164 2422 184 2452 1
201 2420 333 2452 ccam-2
347 2419 497 2463 1³1·an
520 2420 692 2462 Rhodum,
707 2420 822 2463 Ephe·

118 2478 207 2510 sum,
242 2469 446 2510 Mitylenen.
482 2475 523 2502 ut
558 2471 661 2503 urbes
695 2472 823 2505 delitiis

119 2517 315 2559 affluentes,
344 2527 411 2550 uno
446 2528 546 2551 versu
578 2521 825 2562 complectitur

120 2570 231 2602 Mart.
245 2577 284 2601 x„
296 2570 352 2600 68.
367 2569 377 2586 ‘
394 2567 480 2600 Cum
495 2569 558 2601 tibi
572 2579 639 2601 uon
654 2571 823 2612 Ephesus,

118 2630 189 2654 non
200 2620 247 2651 sit
264 2617 400 2650 Rhodos
412 2622 472 2649 aut
486 2618 670 2659 Mitylene,
679 2619 747 2652 Sed
761 2622 822 2654 do.

119 2681 196 2704 mus
210 2670 244 2702 in
266 2668 342 2700 vico
359 2667 466 2700 Laelis
481 2667 660 2701 Patricio:
704 2670 822 2703 Dictae

121 2726 238 2754 autem
250 2718 428 2760 Mitylene,
437 2728 456 2750 a
469 2718 624 2751 Macarei
632 2717 706 2751 filia
716 2720 824 2762 Mity-

118 2772 224 2810 lene3
248 2768 531 2811 quemadmodum
552 2773 590 2802 et
614 2778 635 2801 ι
658 2774 759 2810 patre
771 2770 823 2803 iu-

115 2822 196 2855 sula
209 2821 284 2863 ipsa
300 2818 436 2852 Lesbos
446 2819 553 2857 dicta.
563 2819 645 2852 olim
656 2819 824 2854 Macaria.

1477 259 1591 304 1351

887 361 1034 394 Torreat.
1096 362 1228 394 Claram
1255 361 1407 402 Rhodon]
1445 362 1590 397 Rhodon

884 411 1011 444 claram
1041 415 1184 453 propter
1214 410 1411 452 elegantem
1441 415 1592 444 structu-

883 470 955 494 ram
985 461 1090 494 trium
1118 461 1313 501 civitatum,
1337 469 1416 503 quae
1446 465 1527 492 sunt
1556 462 1592 494 in

883 511 1004 543 eadem
1035 512 1177 544 Insula:
1217 515 1277 543 aut
1304 511 1433 551 claram,
1464 510 1499 542 id
1527 516 1592 551 est,

884 561 1087 603 praeclaram
1115 561 1284 603 portibus,
1308 561 1386 602 viis,
1411 560 1591 600 moeuibus,

882 612 998 654 legum
1014 612 1233 654 praestantia,
1248 613 1314 644 &c-
1336 614 1397 644 aut
1411 612 1540 651 claram,
1554 611 1590 643 id

883 667 949 703 est,
974 672 1111 704 semper
1134 663 1343 695 illustratam
1367 660 1474 693 radiis
1489 661 1591 698 Solis,

882 714 939 756 qui
953 714 1076 756 puelloe
1094 714 1236 747 Rhodiae
1250 722 1367 745 amore
1381 716 1516 753 captus,
1531 711 1591 743 In·

882 765 990 797 sulam
1005 764 1051 797 ab
1065 774 1108 796 ea
1123 763 1312 796 nominavit
1326 761 1482 795 Rhodon.
1520 761 1590 793 Mi-

882 814 1023 857 tylenen]
1044 815 1217 856 Mitylene
1233 812 1314 845 urbs
1329 817 1384 845 est
1398 812 1434 844 in
1451 811 1578 844 Lesbo.

923 867 945 897 2
957 864 1131 907 Ephesum]
1146 862 1399 896 Nobilissimum
1410 862 1590 895 civitatem

882 914 926 947 ab
941 914 1168 947 Amazonibus
1181 918 1389 954 extructam,
1402 916 1438 944 et
1455 921 1589 953 maguae

881 965 1003 998 Dianae
1022 966 1151 1007 templo
1167 964 1396 997 nobilitatam.
1431 963 1592 994 Bimaris-

881 1026 917 1048 ne
935 1015 1100 1057 Corinthi]
1126 1015 1198 1047 Liv.
1223 1014 1284 1047 lib.
1301 1023 1385 1046 nv.
1408 1015 1419 1033 ⁸
1435 1014 1588 1046 Isthmus

881 1065 951 1098 duo
975 1066 1085 1098 maria
1115 1066 1157 1098 ab
1183 1074 1309 1098 occasu
1339 1069 1376 1097 et
1403 1069 1484 1096 ortu
1509 1064 1588 1097 solis

881 1116 1026 1149 finitima
1064 1116 1169 1149 arctis
1206 1114 1366 1147 faucibus
1403 1114 1590 1146 dirimens:

881 1167 962 1199 Hoc
978 1171 1042 1202 est.
1058 1165 1150 1208 quod
1171 1165 1322 1198 bimarem
1344 1164 1400 1196 hic
1422 1164 1588 1196 Horatius

883 1221 996 1248 vocet.
1030 1215 1207 1248 Claudiau.
1232 1215 1266 1246 in
1289 1214 1506 1255 Eutropium,
1528 1214 1588 1247 lib.

883 1275 911 1298 1.
935 1267 945 1284 ‘
961 1266 1135 1308 Ephyreia
1161 1265 1241 1298 Lais
1266 1265 1295 1297 E
1322 1265 1460 1306 gemino
1476 1264 1590 1297 ditata.

880 1316 994 1349 mari.'
1027 1316 1279 1348 venustissime
1301 1316 1392 1347 enim
1416 1315 1460 1346 de
1479 1325 1590 1347 mere-

880 1367 1017 1398 triculae
1042 1371 1192 1408 quaestu,
1216 1365 1360 1407 perinde
1383 1374 1423 1398 nc
1446 1366 1490 1397 de
1504 1376 1589 1408 opu·

879 1415 1079 1448 lentissimae
1097 1416 1190 1447 urbis
1207 1417 1324 1457 copia,
1339 1415 1505 1457 loquitur.
1542 1416 1589 1447 E·

879 1466 988 1508 phyra
1013 1466 1105 1497 enim
1128 1465 1225 1498 dicta
1243 1464 1311 1497 fuit
1336 1464 1534 1505 Corinthus,
1549 1470 1589 1497 ut

878 1521 918 1548 et
942 1514 1146 1557 διθάλασσος,
1177 1520 1214 1548 et
1235 1514 1486 1557 ἆμφιθάλασσος,
1510 1526 1588 1558 quae

880 1576 958 1599 cum
980 1567 1127 1599 maxima
1149 1568 1368 1608 oportunitas
1399 1567 1445 1599 sit
1470 1566 1512 1598 ad
1536 1566 1588 1598 di-

880 1617 1097 1654 tescendum.
1112 1616 1240 1657 ἆφνειόν
1260 1629 1296 1649 τε
1319 1616 1470 1658 Κόρινθον
1492 1622 1588 1650 recte

879 1668 967 1701 dixit
985 1668 1172 1709 Homerus,
1188 1668 1288 1701 Iliad.
1303 1672 1338 1699 Β.
1359 1668 1449 1700 unde
1473 1672 1510 1699 et
1534 1679 1587 1699 κο-

878 1716 1096 1759 parascevem,
1120 1728 1184 1759 pro
1206 1718 1378 1759 luxuriari,
1395 1722 1434 1749 ut
1456 1717 1587 1749 divitiis

880 1767 1060 1799 affluentes
1090 1768 1213 1799 solent.
1251 1767 1340 1799 Tm.
1406 1766 1587 1798 Bimarisve

882 1817 1047 1857 Corinthi]
1075 1817 1262 1850 Corinthus
1285 1817 1412 1849 dicitur
1436 1816 1585 1858 bimaris,

878 1867 968 1910 quod
999 1867 1079 1899 hinc
1108 1867 1222 1908 Ionio,
1246 1866 1327 1900 hinc
1354 1866 1474 1909 AEgaeo
1499 1868 1588 1901 mari.

878 1918 1042 1960 cingitur.

920 1969 940 1999 8
959 1967 1090 2003 Thebas,
1104 1966 1155 1998 vel
1169 1965 1331 2008 Apolline]
1358 1966 1484 1998 Thebae
1500 1966 1582 1999 urbs

877 2021 933 2049 est
947 2017 981 2049 in
994 2017 1129 2049 Boeotia
1144 2026 1164 2048 a
1179 2016 1309 2048 Cadmo
1324 2016 1510 2054 aedificata,
1525 2027 1584 2050 cu-

869 2067 931 2109 jus
946 2067 1016 2100 filia
1035 2067 1172 2099 Semele
1193 2067 1368 2099 Bacchum
1385 2067 1524 2108 peperit
1537 2077 1582 2099 ex

873 2116 972 2149 Jovis
999 2125 1209 2158 compressu.
1267 2116 1424 2158 Delphos]
1453 2117 1581 2150 Nobile

875 2168 942 2201 suit
958 2168 1104 2210 Delphis
1119 2167 1291 2210 Apollinis
1306 2169 1494 2200 oraculum.

917 2222 938 2251 Δ
953 2218 1078 2260 Tmpe]
1092 2219 1183 2251 Loca
1195 2218 1421 2251 amoenissima
1432 2218 1466 2251 in
1475 2218 1579 2252 Thes-

873 2269 969 2301 salia.
1112 2265 1119 2271 “

916 2324 936 2352 5
951 2319 1036 2352 Sunt
1051 2318 1176 2361 quibus]
1198 2319 1286 2351 Sunt
1302 2318 1439 2360 Poetae,
1454 2319 1578 2361 quibus

873 2370 1011 2402 unicum
1037 2379 1123 2410 opus
1151 2373 1217 2401 est·
1270 2369 1402 2410 Urbem]
1424 2368 1577 2402 Athenas

872 2419 1042 2452 Minervae
1059 2419 1231 2451 inviolatae
1247 2419 1382 2451 urbem.

915 2473 937 2503 6
953 2470 1100 2503 Carmine
1108 2469 1277 2512 perpetuo]
1297 2469 1400 2503 Quod
1416 2471 1580 2502 contiuua

872 2520 1021 2563 quadam
1030 2520 1120 2552 serie
1130 2519 1214 2551 nihil
1224 2519 1316 2558 aliud
1327 2524 1467 2559 tractet,
1477 2529 1578 2560 quam

874 2570 1087 2602 Athenarum
1103 2569 1235 2600 laudes.
1271 2568 1415 2600 Torrent-
1457 2568 1577 2609 Perpe-

872 2619 941 2661 tuo]
956 2618 1116 2652 Carmine
1131 2627 1199 2649 non
1213 2618 1420 2658 interrupto,
1432 2622 1470 2650 ut
1482 2618 1577 2651 aliud

871 2670 1023 2703 laudent.

915 2724 936 2753 7
953 2721 1095 2761 Undique
1105 2717 1297 2760 decerptam]
1307 2719 1378 2754 Qui
1389 2720 1479 2752 enim
1491 2730 1576 2764 ope·

873 2780 910 2802 re
925 2771 1062 2811 integro
1076 2769 1227 2802 Athenas
1242 2769 1381 2802 laudare
1397 2770 1513 2811 vellet,
1525 2771 1575 2803 illi

873 2820 1068 2854 necessario
1090 2829 1111 2852 a
1140 2820 1326 2853 certamine
1355 2819 1510 2864 Neptuni
1536 2825 1573 2854 et
