1890 3230
428 312 635 342 noum-11
669 310 949 342 SERMONUM
984 311 1077 342 Lm.
1109 311 1160 343 ιι.
1190 301 1231 341 4.
1441 303 1554 344 1725

107 406 246 438 convenit
260 406 345 448 ollis]
359 405 437 438 Uva
448 406 621 437 Venucula
636 404 754 436 melius
771 405 805 436 iu

107 457 182 488 ollis
195 457 364 488 conditur.
389 455 513 498 [Codd.
533 455 624 490 Feae,
639 454 806 494 Venucula,

112 507 279 545 Venecuza,
298 507 486 544 Venutio-ula,
502 505 710 539 Veientanum,
731 504 806 535 Ver-

107 557 232 588 wala.
274 555 403 588 Eadem
421 556 569 587 varietas
585 564 639 595 ap.
653 553 743 585 Plin.
762 553 806 585 N.

109 606 158 638 H.
173 615 250 639 xlv.
265 610 297 638 2.
312 606 360 647 5.]
809 635 811 638 .

149 658 199 688 ¹12.
214 655 480 696 Albanamfumo]
505 655 612 688 Uvam
626 654 806 686 Albanam.

108 707 208 739 From
221 706 399 747 dtu-oneris]
422 707 476 738 De
498 707 560 737 hac
578 714 713 746 quoque
737 715 805 736 ser-

108 756 211 788 vandi
236 765 317 788 uvas
344 756 476 788 ratione
506 755 639 786 Plinius
670 763 746 786 xiv.
773 757 805 786 2.

108 805 252 838 Tor-rent.
272 805 370 847 [Vm.
385 795 499 837 Palat:
510 807 541 836 3.
557 804 784 844 indueram-iffi]

150 857 193 892 18
210 855 311 887 ,Hanc
324 864 382 894 ego
399 865 468 886 cum
490 854 593 893 mulis,
609 853 680 893 ego]
705 853 806 884 Hauc

106 907 206 935 uvam
225 904 390 936 Albanam
415 913 478 944 ego
500 903 627 944 primus
653 903 807 933 invenior

107 954 391 995 circumposuisse
416 954 450 984 in
474 954 608 984 mundis
631 958 667 984 et
691 953 807 983 nitidis

106 1005 243 1037 catillis.
275 1005 396 1037 Foecem
410 1004 529 1044 primus
543 1008 572 1035 et
588 1003 667 1044 alec]
681 1005 691 1022 ⁴
706 1004 788 1035 Faex
799 1004 808 1018 '

106 1055 350 1095 cujuscumque
377 1054 426 1085 rei
453 1058 706 1085 excrementum
731 1059 807 1086 est:

109 1104 164 1135 liic
194 1108 319 1145 tamen,
345 1104 379 1135 ni
407 1102 519 1144 fallor,
547 1108 606 1135 ant
635 1104 724 1134 idem
756 1107 810 1135 est

110 1153 200 1195 quod
213 1153 223 1171 ‘
239 1150 387 1193 'faeculass
403 1153 447 1185 de
462 1162 528 1195 qua
545 1162 624 1184 mox
638 1153 711 1185 Sat.
728 1162 810 1186 vui.

109 1207 170 1235 aut
192 1208 289 1235 certe
313 1204 481 1245 liquamen
505 1203 641 1245 aliquod
667 1213 710 1235 ex
741 1204 810 1236 vini

110 1253 198 1284 faece
223 1263 436 1295 egpressum.
481 1254 537 1285 De
558 1254 568 1271 ‘
586 1253 702 1285 alece’
731 1263 810 1286 vero

53 1333 55 1336 .
109 1313 177 1334 non
201 1313 307 1344 parva
335 1302 502 1335 dubitatio
527 1307 602 1334 est:
627 1302 737 1334 dicam
759 1307 811 1334 ta-

108 1362 188 1383 men
216 1353 304 1394 qnod
333 1363 375 1384 ex
399 1353 595 1384 auctoribus
622 1352 810 1384 observavi.

107 1401 187 1434 Alce
201 1402 316 1442 igitur,
333 1406 394 1434 aut
412 1403 499 1438 allec,
514 1407 552 1434 ut
569 1402 603 1434 in
619 1403 812 1444 antiquissi-

109 1451 172 1482 mis
198 1451 402 1483 membranis
429 1452 603 1491 scribitur,
629 1462 811 1494 numquam

109 1505 221 1532 autem
253 1511 316 1542 per
345 1502 600 1543 aspirationem,
627 1503 690 1533 nisi
719 1503 810 1543 apud

109 1551 272 1590 Nonium,
284 1556 353 1583 'nou
369 1553 456 1584 certi
472 1552 617 1593 alicujus
632 1551 736 1592 piscis
751 1561 811 1583 no·

108 1603 186 1633 men
203 1606 267 1640 est,
279 1602 310 1632 in
324 1612 390 1644 quo
400 1603 526 1634 multos
538 1611 668 1633 errasse
685 1602 786 1633 video
800 1613 808 1633 ε

109 1651 168 1682 sed
186 1661 291 1691 genus
307 1651 430 1692 potius,
443 1652 505 1683 sub
518 1661 584 1692 quo
598 1651 723 1682 minimi
738 1651 811 1692 qui-

108 1711 175 1743 que
187 1711 227 1733 ac
239 1702 392 1733 vilissimi
405 1703 559 1743 pisciculi
572 1703 808 1733 continentur:

111 1760 194 1792 quos
210 1752 244 1782 in
260 1751 454 1783 universum
473 1751 483 1767 ‘
502 1751 686 1781 alecarios'
711 1755 813 1781 vocat

109 1800 311 1832 Theodorus
342 1800 459 1832 Gaza:
501 1801 566 1831 boc
594 1801 669 1831 loco
699 1804 812 1830 tamen

112 1859 178 1881 nou
202 1858 263 1890 pro
291 1849 463 1889 pisciculis
484 1848 576 1889 ipsis,
601 1848 661 1879 sed
688 1857 750 1888 pro
775 1849 812 1881 li-

111 1899 268 1940 quamine
285 1907 329 1930 ex
342 1898 482 1929 minutis
499 1898 672 1937 pisciculis
688 1898 814 1938 accipi-

112 1954 183 1987 tur,
197 1957 263 1990 quo
286 1948 366 1989 gula
387 1948 552 1987 irritetur,
569 1947 660 1978 sicut
684 1951 718 1978 et
740 1947 812 1979 Sat.

113 2006 197 2029 vni.
242 1998 367 2039 Neque
391 2006 456 2038 quo
481 2007 501 2028 a
529 1998 538 2013 ‘
556 1996 684 2027 muria’
714 1997 767 2028 vel
794 2007 814 2028 a

112 2049 123 2065 ⁸
139 2058 221 2089 garo
233 2047 242 2062 '
259 2047 405 2088 differat,
422 2047 522 2079 facile
538 2047 696 2078 dixerim.
736 2048 814 2078 Tor*-

111 2101 191 2130 mt.
218 2097 338 2130 Foecem
352 2098 470 2139 primus
483 2101 515 2129 et
528 2096 630 2137 halec]
647 2096 812 2128 Halecem

111 2147 267 2179 fucatam
283 2157 346 2188 per
362 2146 582 2188 Hendiadyn.

154 2200 196 2228 u
219 2197 383 2238 Iuvenior]
410 2197 584 2228 Germana
598 2195 724 2227 lectio:
750 2205 812 2236 pro

111 2255 178 2287 qna
191 2246 296 2277 inveni
320 2245 423 2286 priori
446 2245 596 2276 editione
623 2245 811 2286 scripserat

111 2295 229 2328 Lamb-
257 2295 427 2327 Canterus
452 2295 543 2326 Nov.
566 2295 661 2326 Lect.
685 2303 732 2326 ιν.
757 2297 811 2326 12.

111 2346 212 2380 Quod
226 2350 339 2377 autem
353 2345 520 2385 sequitur,
531 2344 621 2383 piper
631 2344 732 2374 album
744 2353 812 2373 cum

110 2396 174 2427 aule
196 2395 302 2433 nigro,
324 2393 541 2433 Hypauagen
568 2401 643 2422 esse
671 2396 813 2422 annotat

110 2447 246 2486 ignotus
266 2443 485 2482 Scholiastes,
502 2453 564 2483 pro
582 2443 672 2483 piper
686 2443 813 2482 aig-rum

112 2505 181 2527 nm
194 2494 258 2525 sale
271 2493 362 2531 olbo;
384 2493 444 2524 sed
461 2493 567 2524 male:
592 2502 668 2523 nam
692 2497 728 2524 et
749 2493 813 2524 sale

112 2546 206 2584 nigro
221 2553 310 2576 nunc
323 2553 458 2585 quoqne
475 2543 571 2584 plebs
586 2542 676 2574 Itala
693 2543 812 2582 utitur,

114 2603 225 2635 neque
237 2593 264 2625 is
275 2593 351 2624 albo
363 2593 398 2624 in
412 2592 564 2624 saliendo
575 2593 654 2624 dete
660 2593 726 2623 rior
737 2597 790 2624 est
801 2603 810 2624 ε

114 2643 266 2676 stathan
274 2643 365 2683 piper
376 2642 531 2683 agnoscit
543 2642 760 2674 Dioscorides
772 2651 811 2676 ιι.

115 2695 192 2725 153.
217 2691 321 2734 idque
337 2691 596 2732 interpretando
616 2691 736 2723 Poeta
759 2700 810 2722 sa-

116 2743 160 2774 ti·
175 2747 240 2774 est.
278 2741 437 2773 lucretium
451 2750 544 2777 vero,
560 2750 621 2781 pro
643 2741 652 2758 ‘
669 2741 812 2772 incerni-

118 2793 195 2825 culo
207 2791 412 2834 purgatum:
428 2791 516 2823 bene
538 2791 678 2832 exponit
692 2790 809 2823 Lamb.

856 405 966 437 Vetus
991 405 1183 447 Interpres‚
1214 414 1276 446 pro
1294 405 1303 422 ‘
1322 404 1555 446 permixtum.'

859 453 1000 487 Torreat.

899 507 940 536 75
957 505 1128 545 lucr-etum,
1138 504 1242 545 puris]
1264 503 1491 542 Permixtum,
1502 503 1555 533 vel

856 553 1063 586 incerniculo
1078 560 1275 595 purgatum.
1310 553 1408 584 Puris
1421 552 1554 593 catillis]

856 603 946 634 Nam
963 603 1127 646 quidquid
1144 603 1352 635 immundum
1369 607 1422 634 est
1437 607 1471 634 et
1486 611 1555 633 sor-

856 652 971 684 didum
989 654 1201 695 illotumque,
1218 659 1445 694 praeterqnam
1465 651 1557 693 quod

857 703 972 733 oculos
1007 702 1173 738 offendat,
1216 705 1393 735 stomacho
1424 711 1557 744 quoque

855 757 1014 783 nauseam
1046 763 1112 784 non
1140 763 1258 793 parum
1286 757 1412 784 movet.
1457 751 1559 786 Quod

859 803 1064 834 Nasidienus
1080 804 1184 834 etiam
1198 813 1265 834 non
1278 803 1558 843 ignorans‚jubet

856 852 997 883 alterum
1008 862 1148 893 puerum
1158 862 1310 883 mensam
1318 861 1474 883 acernam
1484 861 1561 891 per·

858 906 1007 942 tergere,
1030 906 1068 933 et
1091 902 1234 933 alterum
1255 901 1375 933 tollere
1391 900 1558 942 quidquid

857 956 975 992 posset
990 955 1163 983 coenantes
1179 950 1364 983 offendere.
1389 952 1487 991 Cruq.

892 1004 936 1032 76
947 1002 1036 1033 Dare
1047 1002 1145 1032 millia
1159 1001 1262 1041 ternu]
1275 1001 1362 1032 Tria
1374 1002 1478 1032 millia
1490 1011 1560 1033 ses-

858 1053 998 1084 tertium
1013 1053 1184 1084 insumere
1197 1052 1344 1094 piscibus
1361 1052 1394 1083 in
1417 1053 1560 1084 macello

859 1103 1049 1134 venalibus.

902 1154 944 1183 77
968 1152 1170 1193 Angustaque
1193 1161 1289 1192 vagos
1307 1151 1424 1192 pisces]
1455 1152 1501 1183 Et
1524 1152 1559 1183 in

861 1202 1014 1242 angustis
1030 1202 1155 1242 patinis
1180 1201 1324 1243 grandes
1347 1202 1458 1243 pisces
1482 1211 1560 1234 con-

861 1252 983 1284 tinere.

903 1305 946 1334 78
974 1303 1095 1342 Magna
1123 1302 1262 1343 inurent]
1289 1301 1452 1342 Magnam
1477 1306 1559 1332 nau·

862 1361 953 1383 seam
970 1357 1107 1383 movent
1129 1353 1215 1390 liaec,
1235 1352 1320 1390 sive,
1335 1354 1399 1383 &c.
1430 1351 1560 1383 Movent

860 1402 1016 1433 stomacho
1022 1401 1176 1441 fastidia]
1199 1402 1310 1432 Movet
1326 1401 1452 1432 babent
1467 1400 1561 1442 quiu-

863 1461 928 1492 que
957 1452 1035 1483 libri
1064 1452 1150 1483 Mss.
1178 1451 1266 1493 quod
1295 1451 1402 1491 magis
1433 1451 1561 1491 piacet.

864 1502 1010 1534 Tor-rent.
1059 1501 1171 1532 Unctis
1190 1500 1346 1541 monibus]
1369 1499 1560 1532 Sordidatis

861 1551 1027 1582 nianibus.

902 1603 945 1631 79
957 1601 1042 1632 Dum
1049 1600 1144 1639 furto
1159 1600 1306 1641 ligurrit]
1328 1602 1420 1633 Dum
1437 1611 1456 1633 e
1473 1601 1561 1642 pati-

859 1651 911 1681 nis
928 1651 1043 1682 ablata
1060 1656 1168 1682 vorat.

904 1703 945 1730 80
977 1701 1084 1731 Veteri
1106 1699 1253 1739 cratem]
1273 1704 1282 1717 ‘
1297 1701 1479 1731 Veterem'
1508 1711 1563 1732 vo·

862 1755 932 1788 cat,
947 1751 1000 1781 vel
1016 1750 1146 1790 antiqui
1165 1749 1293 1790 operiS,
1316 1750 1463 1791 ideoque
1486 1760 1561 1791 pre-

862 1800 1048 1839 t'msiorem,
1071 1800 1138 1840 vel,
1161 1809 1227 1840 qua
1250 1809 1269 1829 a
1292 1799 1475 1840 majoribus
1500 1810 1562 1840 per

861 1859 978 1881 manus
987 1848 1366 1887 tradita‚invitationem
1375 1847 1564 1880 faciebant:

863 1904 900 1930 nt
919 1899 952 1929 in
971 1898 1114 1930 Didonis
1135 1898 1314 1929 convivio:
1339 1899 1349 1915 ‘
1363 1898 1439 1930 Qua
1454 1898 1559 1929 Belus

861 1952 897 1980 et
909 1958 1026 1980 omnes
1039 1948 1071 1979 A
1082 1948 1167 1979 Belo
1181 1946 1296 1979 soliti.’
1339 1947 1509 1988 Cruquius
1526 1948 1560 1979 in

862 1998 986 2029 Bland.
1015 1997 1248 2029 vetustissimo
1280 1996 1448 2037 scriptum
1483 2006 1559 2028 esse

862 2047 962 2086 dicit,
991 2047 1092 2079 veteri
1114 2051 1272 2085 creterra,
1294 2055 1392 2088 quam
1418 2046 1562 2086 Nonius,

861 2098 995 2128 situlam
1012 2107 1088 2129 esse
1105 2098 1201 2129 (licit.
1228 2097 1370 2128 Torrent-

904 2150 943 2178 81
962 2147 1083 2179 Vilibus
1097 2147 1131 2178 in
1145 2146 1258 2187 scopis]
1273 2145 1314 2176 Iu
1328 2145 1441 2185 scopis
1454 2154 1561 2186 parvo

863 2196 972 2237 pretio
987 2196 1163 2228 habendis.
1209 2195 1249 2225 In
1267 2195 1403 2235 mappis]
1425 2194 1559 2227 Quibus

860 2246 1012 2278 convivae
1037 2255 1154 2276 manus
1176 2249 1299 2276 unctas
1325 2248 1474 2284 tergant.
1521 2244 1562 2275 In

859 2295 960 2336 scobe]
979 2294 1193 2336 Lampridius
1202 2293 1406 2334 Elagabalo:
1428 2293 1559 2325 ‘Scobe

861 2345 934 2375 auri
948 2345 1115 2384 porticum
1132 2343 1255 2374 stravit
1272 2348 1307 2373 et
1332 2343 1478 2382 argenti,
1502 2342 1559 2373 do-

860 2393 934 2423 lens
950 2392 1040 2433 quod
1055 2401 1122 2422 non
1140 2395 1257 2431 posset
1272 2395 1308 2421 et
1324 2390 1468 2422 electri?
1506 2391 1560 2421 Si-

860 2441 947 2472 milis
966 2445 1076 2472 autem
1097 2440 1175 2471 huic
1195 2440 1290 2470 locus
1312 2439 1369 2470 ille
1384 2439 1561 2470 ⁴Iuvenalis

861 2491 933 2522 Sat.
948 2499 1033 2522 xm.
1063 2487 1470 2529 ‘Verre,pavimeutum‚'
1493 2490 1559 2520 ὅτε.

862 2542 909 2572 Et
933 2540 1036 2582 paulo
1060 2543 1160 2580 post:
1195 2539 1261 2570 ‘Et
1277 2543 1389 2570 tamen
1413 2547 1481 2568 uno
1503 2539 1561 2569 Se-

861 2589 973 2621 modio
995 2588 1105 2620 scobis
1127 2589 1202 2619 haec
1227 2587 1385 2618 emendat
1406 2588 1561 2627 servulus

861 2639 969 2671 unus!
993 2639 1121 2670 Errant
1135 2638 1242 2678 igitur
1257 2637 1312 2678 qui
1327 2637 1414 2668 scobe
1426 2637 1560 2677 patinas

861 2687 1022 2720 defricari
1037 2689 1167 2718 volunt.
1188 2686 1342 2717 Turneb.
1358 2695 1386 2717 1.
1402 2688 1456 2717 24.
1484 2686 1560 2717 Tor-

858 2741 941 2770 rent.
985 2737 1025 2768 In
1051 2735 1153 2776 scobe]
1173 2735 1250 2768 Quo
1283 2744 1360 2766 vasa
1390 2733 1560 2766 defricata

859 2786 1075 2830 splendeant.
1121 2785 1280 2826 Quantus]
1304 2784 1414 2818 Quam
1431 2793 1558 2825 parvus
