1916 3262
611 289 676 320 DE
709 289 842 320 ARTE
879 288 1106 319 POE'Pch.

1469 277 1581 319 1299

133 382 362 426 Illecebris
375 382 466 423 erat
483 382 529 420 et
549 381 672 432 grata
692 378 890 419 novitate
913 375 1153 418 morandus

135 452 381 505 Spectator,
401 446 666 498 functusque
687 445 844 494 sacris,
866 448 909 486 et
929 445 1078 497 potus,
1094 446 1136 483 et
1156 441 1302 485 exlex.

134 517 300 560 Verum
319 517 385 557 ita
402 514 576 562 risores,
596 512 661 554 ita
680 511 986 554 commendare
1009 510 1191 552 dicaces

137 583 385 627 Conveniet
405 582 601 636 Satyros,
618 580 681 621 ita
703 583 867 622 vertere
887 579 1004 620 seria
1021 577 1155 627 ludo;

137 651 212 694 Ne
231 650 499 705 quicumque
521 648 664 698 Deus,
685 649 952 702 quicumque
973 645 1254 687 adhibebitur
1272 644 1414 694 heros,

138 718 297 773 Regali
319 720 591 770 conspectus
610 715 658 756 in
678 727 785 756 auro
805 726 944 768 nuper
962 717 1005 754 et
1024 716 1156 762 ostro,

139 785 299 839 Migret
317 784 365 825 in
384 785 598 833 obscuras
617 782 772 824 humili
793 793 992 823 sermone
1013 780 1246 830 tabernas3

135 851 244 901 Aut,
265 851 367 892 dum
388 851 499 892 vitat
516 851 714 900 humum,
734 850 878 890 nubes
895 852 940 889 et
958 846 1106 889 inania
1125 851 1290 900 captet.

1502 846 1588 888 230

137 918 319 960 Effutire
339 918 464 959 leves
484 917 667 971 indigna
685 915 924 969 Tragoedia
944 926 1111 964 versus,

140 984 206 1027 Ut
224 985 352 1027 festis
370 990 572 1027 matrona
591 983 758 1026 moveri
772 983 906 1038 jussa
926 981 1101 1032 diebus,

140 1125 309 1158 never-itate
326 1126 519 1167 Tragoedioe:
539 1130 704 1168 propterea
717 1127 799 1168 quod
813 1125 1045 1158 oblectamentis
1058 1129 1088 1157 et
1102 1125 1242 1165 ‚iucunda
1256 1127 1394 1158 novitate
1407 1125 1593 1157 detinendus

141 1171 210 1199 erat
220 1172 373 1208 spectator
386 1171 486 1202 meris
497 1170 694 1211 perfunctus,
707 1174 739 1202 et
752 1169 868 1207 ebnus,
881 1172 912 1200 et
925 1169 993 1200 sine
1007 1170 1086 1208 lege.
1131 1168 1177 1199 At
1191 1169 1237 1200 sic
1251 1173 1372 1209 oportet
1388 1169 1523 1210 Satyros
1548 1168 1592 1198 ri·

142 1219 224 1240 soree
237 1214 268 1242 et
281 1211 401 1243 dicaces
414 1213 637 1254 commendare,
651 1213 697 1244 sic
711 1222 728 1243 e
741 1211 834 1244 seriis
847 1192 1036 1242 Jernwnibus
1048 1211 1114 1242 ad
1094 1221 1217 1249 jocosos
1239 1212 1388 1252 transire,
1403 1215 1438 1242 ut
1453 1210 1594 1252 quisquis

142 1251 232 1283 Deus
245 1254 294 1284 vel
309 1254 414 1286 Her-os
423 1255 623 1295 producetur,
643 1256 735 1296 paulo
748 1257 822 1286 ante
835 1254 870 1285 in
883 1263 959 1284 auro
971 1257 1002 1284 et
1014 1263 1153 1294 purpura
1167 1258 1354 1295 conspectus,
1374 1264 1436 1284 non
1451 1255 1595 1293 loqu-tur

142 1294 265 1326 sordide
279 1297 368 1336 quasi
381 1296 415 1327 in
429 1297 486 1328 vili
501 1298 656 1334 taberna;
677 1306 751 1328 neve
765 1296 1021 1334 terramsugiens
1033 1299 1171 1327 sectetur
1184 1297 1291 1327 nubila
1315 1300 1346 1327 et
1360 1306 1469 1327 01101111.
1516 1295 1593 1325 Tra·

141 1337 247 1375 goedia
259 1347 364 1370 uersus
383 1339 527 1370 leviculus
551 1348 708 1379 respuens,
723 1342 871 1378 tanquam
893 1341 1038 1368 matrona
1051 1338 1158 1369 diebus
1172 1337 1270 1376 festis
1291 1338 1405 1370 saltare
1430 1337 1595 1377 compulsa,

748 1439 847 1456 ΜΝ

142 1519 239 1549 1492.
266 1519 464 1550 1514.-227
489 1519 555 1550 Nec
583 1519 763 1559 quicumque
792 1517 873 1549 vat.
901 1517 1014 1549 Palat.
1043 1519 1075 1549 3.
1106 1517 1322 1550 Vallice1.3.
1354 1523 1390 1550 et
1416 1517 1596 1549 Hellen—-

142 1561 206 1592 228
228 1559 308 1592 vat.
326 1563 378 1593 14.
393 1565 476 1593 ostro
490 1571 587 1602 nuper
599 1565 630 1592 et
644 1571 732 1592 auro.
734 1563 840 1592 -229
852 1560 979 1600 Migrat
994 1560 1277 1593 80110011110111.1,
1301 1561 1597 1592 obseoenasfleiier.

144 1604 251 1634 ·-230
272 1602 354 1636 Vat.
369 1605 420 1635 19.
442 1613 463 1635 a
485 1613 529 1637 111.
549 1613 618 1636 sec.
642 1604 733 1636 vitet.
735 1605 840 1634 —231
869 1603 999 1634 Helier.
1022 1603 1220 1643 indignatur.
1223 1605 1330 1635 -233
1354 1604 1435 1636 Vat.
1453 1604 1550 1635 Rom.
1564 1605 1596 1634 9.

796 1710 940 1743 No'rAE

189 1786 254 1816 224
278 1784 475 1824 functusque
485 1785 600 1826 sacris]
614 1784 780 1818 Quoniam
794 1784 846 1815 111-

149 1834 187 1866 111
215 1844 294 1875 pars
323 1838 423 1865 erant
453 1834 639 1874 religionis,
668 1839 704 1866 et
735 1835 846 1866 cuitus

151 1884 315 1923 Deorum,
329 1883 379 1914 sic
393 1882 569 1914 fastidium
583 1883 720 1915 insulsae
738 1883 846 1924 plebis

151 1933 337 1966 fallendum
361 1932 439 1973 fuit,
462 1937 498 1965 et
513 1937 609 1973 grata
624 1934 775 1974 novitate,
792 1934 847 1974 jo-

153 1983 241 2015 cosis
253 1992 373 2023 nempe
383 1983 545 2024 sanisque
560 1984 777 2023 carminibus,
789 1983 848 2014 de-

152 2031 284 2064 tinendi
298 2036 522 2073 spectatores.
567 2033 639 2064 Liv.
654 2033 713 2065 cit.
724 2034 747 2066 1.
759 2042 826 2065 vn.

195 2081 310 2121 Potae,
332 2085 365 2113 et
377 2082 482 2122 exlex]
516 2082 603 2114 Post
617 2091 714 2115 sacra
731 2083 849 2123 volup-

154 2132 215 2164 tati
240 2131 406 2164 duntaxat
431 2132 576 2173 inhians,
600 2141 726 2174 suoque
749 2132 850 2173 genio

151 2181 233 2214 1111111
257 2181 330 2223 jam
358 2191 504 2223 negans;
527 2182 653 2224 quique
678 2184 788 2224 epulis
814 2188 851 2215 et

153 2231 234 2263 vino
262 2231 413 2264 refertus
442 2233 536 2264 nulla
563 2232 637 2274 jam
666 2234 744 2274 lege
777 2233 852 2275 regi

154 2287 282 2325 potest.

196 2336 259 2365 225
286 2333 400 2365 Verum
422 2334 470 2364 ita
497 2333 628 2375 risores]
655 2334 713 2367 Ita
739 2334 850 2375 piebis

156 2382 297 2414 fastidio
325 2383 593 2424 obsequendum,
622 2387 661 2416 111
689 2384 851 2417 decorum

157 2441 226 2463 11011
241 2431 398 2463 violetur.

201 2484 266 2513 227
287 2481 394 2522 Deus]
421 2482 507 2522 Pan,
521 2483 690 2524 Bacchus,
706 2484 854 2524 Silenus,

161 2533 228 2563 &c.
740 2529 746 2533 ’

203 2580 326 2622 Heras]
347 2580 536 2620 semideus,
548 2582 731 2623 Hercules,
745 2586 810 2615 &c.

203 2632 267 2663 228
291 2630 407 2669 Regali
432 2634 609 2671 conspectus
630 2632 664 2662 in
683 2642 772 2672 auro,
786 2633 857 2674 Bra]

162 2680 204 2712 In
235 2679 416 2720 Tragoedia
444 2679 623 2720 magnifice
653 2681 788 2713 locutus
815 2691 858 2714 ex

163 2731 300 2766 decoro,
327 2730 418 2761 idem
443 2734 521 2771 post
545 2730 579 2761 111
604 2730 762 2771 Satyrico
784 2730 861 2762 dra-

162 2784 254 2811 mate
285 2779 432 2821 abjecta,
460 2779 631 2820 obscoena,
655 2779 790 2812 sordida
817 2790 860 2812 ne

164 2829 311 2871 effutiat,
324 2830 418 2872 quasi
432 2829 659 2862 tabernarius.

941 1787 1006 1816 229
1043 1783 1214 1823 Tabernas]
1250 1782 1383 1814 Anndit
1416 1781 1527 1813 Poeta
1557 1781 1601 1812 ad

901 1835 1114 1866 tabernarias
1139 1833 1286 1871 fabulas,
1312 1833 1346 1863 in
1370 1832 1492 1873 quibus
1516 1832 1603 1862 Per-

900 1894 990 1916 sonae
1020 1885 1104 1916 viles
1131 1889 1168 1916 et
1198 1887 1436 1925 argumentum
1462 1881 1602 1914 humile.

902 1936 1039 1967 Festus.

943 1988 1008 2016 230
1030 1984 1109 2021 Aut,
1135 1985 1208 2015 dum
1232 1984 1312 2015 vitat
1342 1981 1482 2022 humum]
1512 1983 1603 2023 Ergo

903 2033 1114 2066 adhibendus
1139 2033 1265 2075 ubique
1293 2032 1429 2064 modus:
1454 2032 1603 2064 medinm

902 2088 1032 2123 teneat,
1059 2093 1223 2125 suamque
1246 2082 1449 2123 dignitatem
1467 2088 1603 2113 servet:

902 2142 966 2165 nec
997 2133 1128 2165 incidat
1155 2133 1191 2164 in
1212 2133 1378 2165 comicam
1400 2133 1605 2174 parvitatem

904 2188 940 2215 et
953 2184 1193 2224 humilitatem,
1218 2192 1284 2214 nec
1311 2192 1398 2214 vane
1421 2178 1605 2214 extollatur

903 2240 940 2267 et
955 2234 1100 2267 inaniter
1112 2235 1332 2266 intumescat.

945 2288 1009 2317 231
1032 2285 1175 2328 Effutire
1200 2285 1292 2321 leves,
1316 2283 1388 2326 ἔξω]
1412 2283 1605 2326 Tragoediae

905 2335 1056 2376 gravitas
1085 2334 1250 2367 custodiri
1279 2335 1384 2366 debet
1408 2334 1499 2365 inter
1529 2342 1607 2373 pro-

905 2388 1022 2416 tervos
1035 2385 1226 2417 Faunorum
1244 2385 1330 2416 sales
1346 2389 1381 2415 et
1393 2385 1505 2425 jocos.
1550 2383 1608 2413 Sic

904 2440 1059 2466 matrona
1072 2434 1107 2465 in
1130 2434 1235 2465 sacris
1262 2443 1330 2465 non
1354 2434 1478 2464 ieviter
1494 2438 1529 2463 et
1545 2432 1608 2462 las·
1654 2439 1656 2442 ·

907 2483 994 2523 cive,
1011 2484 1069 2515 sed
1084 2483 1239 2514 modeste
1251 2488 1288 2514 et
1304 2483 1455 2523 graviter
1470 2482 1611 2520 saltans,

906 2533 988 2564 nihii
1002 2533 1053 2564 sui
1066 2532 1200 2564 decoris
1216 2532 1357 2563 amittit.

950 2584 1014 2614 232
1039 2580 1275 2621 Moverijussa]
1298 2581 1406 2611 Erant
1423 2579 1513 2610 enim
1529 2579 1608 2610 cho-

911 2641 980 2663 reae
997 2639 1104 2663 sacrae
1119 2631 1221 2662 modo
1237 2630 1419 2670 virginum,
1441 2629 1524 2660 alias
1540 2639 1610 2661 ma-

912 2686 1102 2719 tronarum,
1125 2684 1164 2711 ut
1185 2680 1219 2711 in
1241 2680 1330 2711 ludis
1346 2680 1610 2720 Megalensibus,

913 2737 950 2764 et
966 2733 1000 2763 in
1016 2731 1120 2762 sacris
1138 2731 1306 2772 Cybeles:
1330 2736 1366 2762 et
1375 2731 1472 2772 jussu
1488 2731 1608 2764 Ponti-

914 2781 988 2813 fieis
1006 2781 1207 2821 agebantur.
