1916 3262
367 266 479 307 1272

833 278 875 314 Q.
906 275 1110 307 HoRA'ru
1142 276 1313 307 numm

368 367 557 420 Inceptis
576 368 776 420 gravibus
797 367 1042 418 plerumque
1059 370 1101 407 et
1119 379 1270 420 magna
1288 368 1499 420 professis

368 433 631 484 Purpureus,
647 433 732 472 late
752 431 826 482 qui
843 431 1080 482 splendeat,
1101 444 1210 472 unus
1231 437 1275 472 et
1293 434 1397 486 alter

1724 434 1780 475 15

367 496 571 538 Assuitur
590 508 753 550 pannus
771 509 781 545 ;
817 506 915 536 cum
934 497 1059 539 lucus
1078 500 1120 537 et
1139 509 1211 538 ara
1232 498 1400 547 Dianae,

369 562 426 602 Et
444 562 714 614 properantis
735 574 861 613 aquae
879 574 954 613 per
973 574 1170 604 amoenos
1188 563 1374 603 ambitus
1393 576 1536 616 agrOS,

369 626 458 667 Aut
471 628 624 667 flumen
644 625 844 666 Rhenum.
861 631 937 667 aut
956 627 1130 679 pluvius
1151 627 1404 670 describitur
1424 641 1551 670 arcus
1568 642 1578 669 :

370 692 458 732 Sed
477 704 586 731 nunc
605 703 689 730 non
709 695 799 731 erat
816 691 882 732 his
902 692 1053 732 locus:
1084 695 1128 732 et
1147 692 1324 733 fortasse
1344 706 1596 746 cupressum

371 758 468 797 Seis
489 756 712 796 simulare:
749 756 850 809 quid
869 757 967 806 hoc,
990 757 1029 797 si
1047 757 1196 798 fractis
1215 762 1358 800 enatat
1375 772 1539 812 exspes

1725 760 1782 800 20

373 822 589 871 Navibus,
610 834 695 861 aere
716 822 818 862 dato
835 823 910 874 qui
925 822 1110 874 pingitur
1125 823 1143 863 'i
1175 823 1379 875 amphora
1395 825 1530 877 coepit

372 939 552 976 volucribus,
568 939 642 976 agni
655 938 787 977 tigribus
801 939 964 970 socientur.
1009 939 1117 970 Initiia
1129 940 1298 978 grandibus
1318 949 1395 980 ωερε
1419 943 1449 971 et
1471 939 1642 981 magnificis
1663 937 1785 976 suldun-

369 983 489 1018 guntur
505 989 581 1010 unus
598 981 645 1010 vel
660 981 718 1010 duo
734 985 873 1011 centones
886 982 1031 1020 purpurei
1046 982 1097 1021 qui
1112 982 1200 1020 longe
1214 981 1396 1020 refulgeant,
1411 983 1527 1021 quando
1541 979 1723 1012 describitur
1740 980 1787 1010 lu·

373 1030 437 1058 cus,
444 1021 555 1058 fanum
567 1021 692 1058 Diana»,
707 1021 825 1052 rivulus
833 1031 888 1061 per
902 1031 1031 1053 amoenos
1042 1032 1159 1062 campos
1173 1023 1345 1061 decurrens,
1351 1023 1470 1064 fluvius
1483 1023 1619 1061 Rhenus,
1633 1021 1700 1052 irie·
1740 1021 1787 1052 At

373 1071 433 1091 non
448 1066 515 1092 erat
529 1066 599 1092 tunc
611 1067 699 1101 aptus
714 1063 783 1093 istis
797 1064 887 1094 locun.
932 1065 976 1094 Et
987 1064 1074 1099 sorte
1088 1065 1169 1094 nosti
1189 1063 1313 1103 pingere
1328 1074 1509 1104 cupressum.

1554 1065 1704 1098 Quorsum
1717 1070 1787 1092 vero

372 1102 468 1142 istud,
485 1103 514 1133 si
522 1107 613 1142 pacto
625 1103 725 1142 pretio
737 1104 910 1144 pingendus
920 1109 964 1135 est
979 1105 1064 1135 homo
1068 1104 1177 1142 fractu
1188 1115 1263 1136 nave
1274 1115 1428 1145 emergens
1441 1107 1557 1137 nudus?
1572 1101 1787 1144 umphorafor-

961 1195 1097 1208 cccccc

1099 1196 1196 1208 eeeee

375 1255 430 1286 ris.
461 1255 538 1286 Vid.
549 1265 599 1287 ιν.
617 1256 685 1289 Od.
698 1260 747 1289 11.
759 1261 790 1289 9.
812 1259 914 1290 1.Sat.
923 1259 954 1291 4.
963 1262 1012 1291 15.
1038 1270 1062 1291 1.
1074 1260 1143 1292 Sat.
1153 1263 1184 1292 6.
1196 1264 1353 1293 lah—16
1364 1261 1506 1293 Insuitur
1517 1269 1635 1301 pannus
1645 1258 1791 1291 schoen-

376 1297 470 1328 born.
487 1301 515 1327 l.
538 1308 595 1337 quo
618 1299 703 1328 lucus
726 1300 823 1330 Harl.
838 1303 953 1331 6.-17
975 1301 1043 1331 Aut
1061 1303 1254 1341 properantis
1268 1303 1346 1334 Vat.
1363 1305 1497 1334 10.-18
1519 1300 1745 1335 schoenb‘orn.
1762 1302 1792 1331 1.

378 1338 464 1368 Exc.
480 1338 556 1368 Sax.
572 1343 607 1368 et
625 1339 722 1369 Harl.
739 1343 770 1370 2.
787 1343 819 1370 4.
841 1341 953 1372 Rheni.
999 1343 1076 1371 Vat.
1094 1345 1127 1374 1.
1148 1352 1166 1372 a
1183 1353 1226 1373 m.

1252 1353 1304 1382 pr.
1329 1343 1480 1383 Angelic.
1498 1346 1526 1374 l.
1555 1352 1574 1372 a
1591 1351 1634 1372 m.
1649 1350 1718 1373 sec.
1735 1340 1792 1371 alii

376 1378 473 1408 codd.
489 1389 542 1418 ap.
560 1379 675 1409 Lamb.
691 1380 799 1410 Pulm.
816 1386 852 1411 et
866 1382 994 1412 Valart.
1017 1382 1143 1412 Rhenus
1158 1384 1221 1413 duo
1237 1384 1335 1413 codd.
1349 1393 1401 1422 ap.
1417 1384 1546 1413 Valart.
1581 1382 1721 1412 Rhenum
1736 1381 1792 1411 alii

377 1419 476 1450 codd.
489 1425 523 1450 et
533 1419 610 1451 edd.
621 1425 656 1450 et
669 1421 716 1450 sic
727 1421 847 1452 Acron.
859 1422 1040 1462 autfluvius
1050 1423 1265 1454 Hellen—19
1278 1423 1505 1454 Schoenborn.
1518 1427 1547 1453 1.
1563 1423 1624 1453 Sed
1633 1431 1692 1452 non
1701 1431 1793 1452 nunc.

378 1460 506 1491 Heller.
520 1461 600 1491 locus
613 1461 672 1492 his.
702 1462 930 1494 Schoenborn.
947 1466 960 1493 l
970 1485 978 1493 .
1001 1467 1251 1503 cupressos.-—2o
1265 1465 1335 1495 Scis
1346 1465 1483 1495 similare
1497 1465 1674 1503 Bamberg.
1691 1466 1793 1493 enatet

377 1500 457 1532 vat.
469 1502 564 1532 Rom.
575 1505 606 1533 9.
627 1511 736 1542 expers
750 1503 928 1542 Bamberg.
944 1505 1022 1535 Vat.
1038 1507 1069 1535 4.
1092 1515 1111 1535 a
1125 1515 1167 1536 m.
1180 1515 1246 1536 sec.
1263 1511 1298 1536 et
1314 1506 1427 1537 Zarot.
1449 1515 1539 1546 expes
1552 1504 1649 1535 codd.
1668 1504 1795 1543 plures,

379 1542 499 1582 priscae
529 1543 606 1574 edd.
631 1543 732 1575 Aldd.
750 1547 780 1575 1.
795 1547 826 1576 2,
843 1547 872 1576 3.
895 1546 991 1578 Junt.
1009 1549 1099 1577 16⁰3.
1122 1547 1243 1587 aliique
1271 1556 1334 1578 uon
1358 1547 1474 1588 pauci3
1499 1546 1673 1587 adoptavit
1689 1545 1793 1576 Bern-

1017 1649 1156 1680 NOTAE

422 1719 460 1748 14
485 1717 618 1757 Inceptie
639 1719 800 1760 gravibus]
823 1720 997 1760 Praecipit,
1015 1722 1060 1751 vi-

380 1766 507 1797 taudas'
521 1766 740 1806 digressiones
769 1767 882 1799 futiles
909 1775 944 1800 et
971 1771 1063 1810 inep-

380 1819 430 1844 tas
441 1825 450 1852 ;
468 1818 566 1854 atque
579 1815 669 1846 locos
679 1825 869 1848 communes
882 1818 1062 1859 intempes-

381 1863 451 1894 tive
464 1863 550 1894 haud
569 1865 781 1896 tractandos:
807 1875 903 1906 quem
927 1868 967 1899 ad
989 1878 1063 1899 sco-

381 1911 495 1952 pulum
510 1912 703 1954 frequenter
728 1914 916 1956 impingunt
931 1917 1063 1948 illidun-

382 1967 502 2003 turque
532 1963 703 2003 poetastri.
746 1965 832 1996 Vide
860 1975 957 2005 quam
984 1971 1063 2006 apte

382 2015 417 2041 et
433 2019 531 2050 quam
547 2020 611 2041 non
624 2012 752 2051 prolixe
766 2013 927 2053 Virgilius
939 2014 1066 2046 descri-

381 2058 441 2089 bat
469 2059 734 2098 ‘pestilentiam'
757 2061 882 2101 Georg.
909 2071 967 2095 in.
991 2063 1063 2094 ‘fa-

383 2107 485 2138 mam'
508 2108 580 2139 AEn.
604 2117 653 2141 xv.
671 2112 735 2141 &c.
780 2111 932 2142 Lucanus
947 2117 1064 2144 contra

383 2157 394 2173 ⁴
409 2165 499 2187 more
521 2166 580 2187 suo
602 2158 711 2188 omnia
734 2160 829 2198 ponit
851 2160 882 2190 in
904 2161 1065 2194 excessu!

382 2205 505 2244 Scalig.
529 2214 563 2235 v.
587 2208 638 2236 15.
681 2206 776 2238 Idem
795 2207 837 2239 de
859 2209 936 2241 eod.
962 2220 1013 2241 vx.
1033 2213 1064 2242 3.

384 2252 394 2269 ‘
413 2253 538 2284 Lucani
567 2252 713 2285 effraenis
733 2264 835 2295 mens,
868 2257 918 2288 sui
946 2257 1065 2299 impos,

386 2310 481 2332 serva
506 2303 664 2342 impetus,
686 2308 787 2344 atque
810 2305 937 2337 idcirco
953 2307 1067 2338 immo-

386 2350 472 2390 dica,
494 2355 654 2392 raptaque
677 2353 789 2384 calore
810 2355 906 2386 simul
925 2360 961 2387 et
977 2357 1066 2388 calo-

385 2409 455 2431 rem
472 2400 576 2440 ipsum
593 2401 749 2441 rapiens!

429 2453 467 2481 1⁵
491 2451 681 2491 Purpureus,
709 2452 771 2483 late
798 2452 861 2492 qui,
887 2453 956 2493 εγω]
989 2455 1067 2486 Non

386 2499 490 2538 magis
505 2499 663 2539 splendet
675 2509 807 2531 carmen
826 2502 907 2533 locis
923 2513 1069 2535 commu-

385 2547 483 2578 nibus
499 2557 674 2588 perperam
693 2551 860 2588 tractatis,
881 2561 978 2591 quam
995 2561 1067 2582 ves-

386 2596 429 2626 tis
455 2601 566 2627 assuto
590 2600 732 2628 centone
759 2608 935 2639 purpureo.
981 2600 1065 2632 Vide

388 2653 487 2682 supra
502 2654 541 2677 u.
558 2646 665 2686 Epist.
682 2648 711 2677 l.
726 2649 778 2678 73.

431 2694 471 2722 16
495 2693 597 2724 Lucus
624 2698 655 2724 et
690 2705 746 2725 ara
774 2696 903 2737 Dianoe]
943 2697 1071 2729 Nemus

389 2739 571 2776 Aricinum,
583 2741 705 2772 ubiara
722 2744 836 2774 Dianae
853 2754 970 2778 sacra:
993 2756 1067 2787 quae

1112 1722 1220 1762 poetis
1232 1723 1374 1755 materia
1384 1722 1553 1763 frequens,
1565 1726 1634 1754 tum
1647 1722 1796 1754 obnmoe-

1113 1772 1253 1802 nitatem
1269 1771 1345 1810 loci,
1361 1781 1436 1802 cum
1452 1771 1495 1803 ob
1510 1771 1629 1803 Diauae
1644 1771 1794 1803 Taurica

1114 1820 1313 1860 Orestisque
1330 1821 1443 1851 miram
1463 1824 1497 1850 et
1513 1818 1648 1850 fatalem
1663 1819 1797 1850 histori-

1115 1878 1166 1899 am
1183 1869 1375 1909 multiplicis
1391 1868 1579 1909 argumenti
1598 1867 1755 1899 fertilem.

1158 1920 1197 1948 18
1219 1917 1348 1948 Flumen
1365 1917 1518 1957 Rhenum]
1534 1917 1609 1948 Hoc
1624 1915 1799 1948 celebrare

1115 1964 1318 1996 affectabant
1341 1966 1372 1996 in
1397 1965 1536 2006 gratiam
1559 1964 1702 2004 Augusti
1725 1965 1799 1996 Cae·

1115 2014 1211 2053 saris,
1239 2015 1332 2054 cujus
1365 2014 1412 2045 ibi
1441 2014 1591 2046 victoriae
1620 2013 1732 2044 nniltae
1761 2017 1799 2046 et

1115 2062 1298 2101 praeclarae.
1340 2062 1480 2093 Suetou.
1503 2062 1624 2093 Octav.
1644 2070 1720 2101 cap.
1741 2063 1796 2092 21.

1114 2111 1179 2141 Dio
1194 2110 1250 2141 lib.
1268 2119 1339 2142 mv.
1355 2113 1418 2141 διο.

1157 2160 1287 2191 Pluvius
1307 2158 1413 2197 arcus]
1447 2158 1488 2189 In
1513 2167 1553 2188 eo
1576 2157 1797 2190 describendo

1116 2209 1237 2249 saepius
1254 2207 1376 2238 insulse
1394 2207 1608 2238 morabantur
1630 2206 1797 2246 imperiti:

1115 2262 1150 2289 at
1165 2267 1252 2294 raro,
1276 2262 1312 2288 et
1333 2257 1449 2297 paucis
1470 2256 1590 2296 Virgil.
1603 2255 1732 2286 AEneid.
1748 2263 1801 2287 lv.

1114 2309 1188 2338 ⁷0⁰.

1158 2358 1199 2386 20
1221 2354 1258 2385 Si
1285 2353 1401 2392 sraetie
1429 2356 1534 2384 enatat
1568 2350 1690 2392 exspes]
1723 2351 1800 2383 Mos

1117 2410 1189 2436 erat
1205 2403 1451 2443 naufragorum,
1477 2403 1602 2442 pictum
1625 2402 1658 2431 iu
1678 2400 1803 2431 tabella

1117 2452 1323 2492 naufragium
1342 2449 1556 2494 circumferre
1569 2449 1610 2480 ad
1625 2457 1806 2488 corrogans

1119 2503 1194 2534 dam
1211 2502 1343 2542 stipem.
1387 2499 1473 2530 Vide
1500 2500 1592 2530 Pers.
1615 2498 1685 2529 Sat.
1709 2499 1802 2528 1.89.

1119 2551 1275 2583 Juvenal.
1289 2550 1361 2579 Sat.
1377 2556 1453 2578 xiv.
1470 2550 1543 2578 301.
1558 2551 1592 2576 et
1608 2555 1679 2586 seq.

1161 2601 1200 2630 21
1217 2598 1372 2638 Amphora
1379 2596 1467 2636 coepit
1481 2595 1617 2631 institui,
1630 2592 1697 2633 ξω]
1706 2591 1804 2624 ‘Am-

1122 2646 1250 2688 phora,'
1261 2655 1317 2676 vau
1328 2645 1467 2684 grande,
1484 2648 1493 2662 '
1506 2642 1648 2682 iii-censs
1664 2650 1719 2672 vas
1734 2640 1803 2671 exi-

1122 2705 1235 2735 guum,
1248 2697 1364 2726 notant
1377 2692 1574 2733 principium
1590 2699 1688 2730 grave
1704 2688 1803 2728 paulo

1121 2749 1198 2785 post
1226 2743 1259 2774 iu
1280 2742 1406 2774 minuta
1430 2745 1464 2771 ct
1483 2739 1624 2770 levicula
1639 2737 1754 2769 abiem
1769 2742 1806 2768 ει
