1930 3204
359 274 468 316 1518

402 379 442 407 1⁴
462 376 583 407 Aurum
598 377 744 416 vestibus]
772 376 894 407 Vestes
912 385 1040 415 aureas,

361 425 412 455 vel
427 433 508 455 auro
520 430 666 455 ornatas.

403 475 443 503 16
469 474 510 504 Et
525 474 660 509 comites,
677 474 794 503 Helene
809 472 955 511 Lacaena]
981 473 1044 503 Co-

360 522 460 552 mites
484 521 615 551 Paridis
641 522 673 551 in
698 523 830 560 ninere,
850 531 924 551 cum
939 521 1044 552 Lace-

361 568 511 599 daeinouu
529 572 670 607 peteret.

402 619 440 647 17
464 616 646 656 Primusque
673 617 785 647 Teucer
810 615 886 655 tela]
914 616 1045 647 Teucer

361 675 425 696 non
444 666 566 705 primus
581 665 645 697 fuit
660 666 951 705 bonusjaculator.
983 665 1044 704 Cy-

359 714 448 745 donio
463 714 563 754 Arcu]
596 714 683 744 Arcu
701 715 855 745 Cretensi
873 723 891 744 a
907 713 1044 753 Cydone

361 762 443 793 urbe
459 763 492 793 in
509 764 624 802 Creta,
647 763 702 792 ubi
730 764 869 801 primum
886 761 928 791 de
945 769 1045 801 pecu-

362 811 440 842 dum
456 812 610 842 cornibus
626 821 722 843 arcus
739 811 881 851 curvati,
903 814 939 841 et
962 809 1045 840 facti

361 866 452 892 sunt.
497 861 583 892 Vide
600 871 625 892 1.
640 862 707 892 Od.
723 864 776 892 15.

404 912 444 940 18
466 910 557 949 Ilios]
579 910 689 949 Trnja,
703 919 776 950 quae
794 909 885 950 prius
900 908 942 938 ab
960 906 1045 938 Her-

363 958 439 987 cule
454 957 565 988 fuerat
581 962 783 996 expugnata.

406 1009 446 1036 19
461 1006 534 1036 Non
546 1006 714 1045 pugnavit]
734 1007 809 1036 Non
820 1005 910 1036 solus
921 1013 1048 1044 pugna-

367 1055 417 1084 vit
431 1054 548 1093 praelia
561 1054 773 1091 Idomeneus,
787 1055 852 1084 &c.

405 1106 446 1133 20
473 1103 688 1142 Sthenelusve]
728 1102 913 1139 Sthenelus,
942 1099 1048 1130 sciens

367 1160 501 1191 pugnae.
545 1150 633 1180 Vide
649 1159 672 1180 1.
690 1150 755 1180 Od.
769 1154 820 1180 15.

405 1202 446 1230 22
463 1199 594 1236 Hector,
602 1200 648 1229 vel
659 1208 729 1229 acer
741 1198 918 1238 Deiphobus
925 1197 1052 1237 graves]

364 1248 443 1279 Non
459 1248 548 1278 solus
565 1247 694 1278 Hector
709 1247 750 1277 ab
767 1246 888 1286 Ajace,
901 1246 953 1276 vel
966 1246 1052 1276 solus

364 1295 564 1336 Deiphobus
577 1305 596 1325 a
608 1296 757 1325 Merione
771 1294 834 1325 fuit
847 1295 1051 1328 vnlneratus,

365 1345 423 1374 sed
437 1344 533 1374 multi
546 1343 601 1373 alii
615 1344 646 1373 in
660 1343 748 1372 bello
759 1343 903 1381 Trojano
916 1341 1053 1371 fortiter

366 1396 571 1430 pugnarunt.
608 1399 748 1429 quornm
779 1389 858 1428 qnia
888 1388 1051 1418 Homerus

366 1448 433 1469 non
450 1438 608 1476 meminit,
619 1438 786 1468 oblivione
801 1436 969 1467 hominum
980 1436 1050 1475 jam

367 1491 445 1518 sunt
459 1487 595 1526 sepulti.

407 1538 450 1566 26
471 1533 747 1574 Illuchrymubz‘les]
785 1535 837 1564 De
866 1533 929 1563 hoc
957 1541 1055 1563 voca-

366 1585 447 1615 bulo
473 1593 514 1615 11.
544 1584 611 1616 Od.
640 1587 690 1615 14.
720 1585 729 1601 ‘
747 1582 1053 1622 Illachrymabilem

365 1631 538 1662 Plutona)
597 1630 871 1670 Illuchrymubiles]
910 1630 1055 1668 Propter

369 1688 450 1719 quos
466 1679 499 1708 in
515 1679 603 1708 bello
618 1687 720 1708 caesos
737 1687 834 1707 nemo
859 1677 1056 1716 lachrymat.

409 1729 449 1757 27
477 1725 653 1764 Urgentur]
676 1725 848 1764 Urgenlur
866 1725 962 1763 longa
978 1733 1056 1754 noc-

368 1780 416 1812 te,
444 1774 478 1805 id
503 1779 569 1814 est,
595 1779 723 1804 aeterna
750 1773 917 1803 oblivione
941 1772 1058 1802 obscu-

370 1828 496 1855 rantur.

411 1876 453 1904 28
477 1873 593 1903 Carent
619 1872 706 1911 quia]
738 1870 825 1903 Quia
850 1869 975 1900 nullum
1001 1869 1059 1899 ha-

370 1922 474 1953 buere
492 1921 644 1955 Poetam,
659 1931 677 1951 a
690 1930 755 1960 quo
769 1919 905 1958 egregia
917 1928 978 1950 sua
991 1917 1060 1949 fac-

371 1977 407 2001 ta
423 1970 592 2002 memoriae
609 1969 859 1999 mandarentur.

410 2025 453 2052 29
474 2022 603 2052 Paulum
619 2018 760 2059 sepulte]
784 2019 899 2048 Virtus
914 2027 977 2048 non
993 2018 1061 2048 lan-

370 2070 464 2108 data,
487 2074 523 2099 et
547 2068 730 2106 incognita,
750 2076 811 2096 uon
835 2067 972 2096 multum
997 2065 1060 2096 dif-

370 2117 437 2148 fert
462 2126 482 2146 a
509 2116 577 2146 vita
601 2116 731 2153 ignava.
776 2114 866 2144 Nota
883 2114 970 2153 quod
989 2122 1060 2142 ver-

371 2164 449 2195 bum
466 2163 563 2194 distat
585 2172 661 2192 cnm
679 2162 779 2191 dandi
798 2171 874 2191 casu
892 2161 1060 2200 jungitur.

371 2213 507 2252 Sepultoe
530 2211 627 2242 distat
655 2210 790 2248 inertioe]
823 2209 973 2239 Perinde
988 2218 1061 2239 esse

374 2261 470 2291 aiunt
484 2258 736 2291 Jurisconsulti,
760 2267 824 2287 non
847 2266 935 2294 esse,
958 2260 992 2287 et
1013 2256 1062 2294 ig·

372 2308 498 2339 nox-ari.
542 2307 609 2338 Sed
637 2311 775 2336 venuste
800 2305 962 2336 Horatius
987 2306 1062 2334 ‘se-

373 2355 520 2396 pultam'
542 2355 708 2394 -appellat
744 2362 858 2383 eorum
896 2352 1063 2389 inertiam,

373 2404 508 2444 quibus,
534 2407 700 2442 perpetuo
737 2401 948 2440 torpentibus
984 2400 1064 2438 olio,

373 2453 484 2483 anima
501 2451 604 2482 veluti
631 2459 691 2489 pro
715 2450 786 2479 sale
802 2449 855 2488 sit,
877 2452 1005 2479 tantum
1020 2457 1062 2478 ne

374 2504 658 2540 computrescant.
700 2498 828 2528 Mortui
854 2497 941 2528 enim
967 2506 1062 2537 aeque

375 2549 545 2584 censendi,
570 2553 673 2587 atque
695 2547 726 2576 hi
752 2547 807 2587 qui
827 2551 916 2577 terra
938 2545 1062 2576 conditi

375 2598 409 2627 in
426 2598 573 2628 cinerem
589 2595 771 2627 defluxere.
796 2596 934 2626 Tou-rent.
970 2593 1064 2634 [cui-

375 2646 459 2675 sian.
474 2649 504 2676 1.
520 2655 576 2685 ap.
593 2645 705 2678 Feain,
727 2644 845 2683 sepulta
870 2642 966 2674 distat
985 2651 1064 2673 mer-

375 2693 452 2731 tim]

416 2743 458 2773 31
490 2742 671 2775 Inornatum
695 2742 799 2782 sileri]
823 2743 956 2774 Primus
978 2741 1064 2773 Can·

808 286 946 316 NOTAE
978 285 1234 316 vARmRUM
1270 287 1319 316 IN

1090 380 1181 407 terus
1197 377 1322 408 Novar.
1340 378 1434 408 Lect.
1454 386 1504 408 v1.
1521 379 1572 409 14.
1589 376 1623 408 iu
1642 376 1768 410 duobus

1091 424 1231 455 vetustis
1266 425 1436 456 codicibus
1473 425 1567 456 silebo
1609 425 1772 465 scriptum

1091 482 1163 503 esse
1198 472 1396 504 affirmavit:
1430 482 1493 513 ego
1530 473 1652 513 ubique
1687 473 1774 503 sileri

1092 523 1237 561 repperi.
1278 523 1334 553 Sic
1358 527 1468 553 aulem
1483 523 1614 554 locutus
1628 525 1680 553 est
1702 521 1775 552 Ho-

1093 574 1155 600 rat.
1171 579 1196 600 1.
1213 571 1279 601 Od.
1302 574 1348 601 12.
1371 571 1380 587 ‘
1394 571 1524 602 Praeliis
1541 569 1649 601 audax
1666 578 1774 610 neque

1095 625 1129 648 ie
1144 619 1246 648 silebo
1262 619 1387 650 Liber.’
1430 620 1504 650 Nec
1519 618 1678 649 dissimile
1693 618 1775 649 illud

1093 667 1242 706 Virgilii:
1265 668 1275 684 ‘
1293 668 1373 700 Quis
1394 673 1426 699 te
1449 677 1569 708 magne
1592 667 1676 698 Cato
1693 666 1776 697 teci-

1094 721 1176 754 tum‚
1195 721 1252 746 aut
1273 721 1305 747 te
1326 717 1430 748 Cosse
1451 717 1618 758 relinquat
1628 715 1651 746 ?'
1691 715 1779 747 Per--

1094 765 1170 795 inde
1187 774 1225 795 ac
1244 765 1271 795 si
1287 765 1456 806 indignum
1471 766 1528 805 sit,
1543 765 1676 806 poetam
1690 773 1778 804 pre·

1094 813 1194 843 clarae
1220 814 1333 844 virtuti
1370 814 1523 844 meritum
1554 813 1658 844 laudis
1690 822 1778 853 prae-

1095 861 1194 892 mium
1210 871 1273 892 non
1290 862 1443 893 reddere.
1466 863 1556 893 Torr.
1598 862 1779 892 Iuor-nutum

1095 909 1194 948 sileri]
1216 911 1264 940 Te
1278 919 1345 940 non
1361 911 1578 941 illustratum.

1138 959 1178 986 32
1204 957 1295 987 Totve
1319 961 1387 986 tuos
1408 959 1512 996 patior
1539 957 1669 997 labores]
1690 957 1779 989 Nam

1099 1006 1149 1036 M.
1176 1006 1298 1036 Lollius
1327 1005 1391 1036 iste
1415 1005 1609 1044 gravissime
1633 1005 1722 1036 bena
1744 1009 1781 1037 et

1097 1054 1130 1085 in
1152 1054 1308 1092 Thracia,
1323 1058 1359 1084 et
1379 1053 1412 1083 in
1434 1052 1581 1092 Galatis,
1596 1057 1632 1083 et
1646 1053 1680 1083 in
1695 1051 1781 1084 Ger-

1098 1102 1207 1132 mania
1231 1102 1346 1142 gessit.
1390 1101 1547 1132 Nondum
1566 1104 1692 1139 autem,
1707 1108 1783 1132 eum

1098 1150 1171 1180 haec
1196 1149 1331 1189 scripsit
1356 1149 1531 1188 Horatius,
1544 1149 1615 1179 Caii
1641 1149 1783 1180 Coessris

1101 1208 1180 1229 cura
1206 1199 1237 1229 ei
1266 1198 1440 1229 commissa
1470 1196 1604 1235 fueram
1627 1196 1661 1228 in
1688 1197 1784 1236 cuju·

1101 1248 1263 1279 comitatu
1287 1247 1436 1287 perfidiae
1454 1251 1489 1277 et
1505 1245 1655 1276 avaritia
1671 1250 1783 1276 notam

1103 1296 1254 1326 incurrit.
1279 1295 1418 1326 Tor-rent.

1145 1347 1186 1374 33
1211 1344 1349 1383 Impune,
1379 1344 1474 1381 Lolli,
1509 1352 1633 1383 carpere
1661 1340 1786 1379 lividas]

1103 1393 1180 1424 Non
1197 1393 1305 1432 patiar
1327 1393 1455 1423 invidas
1470 1392 1652 1423 obliviones
1673 1391 1786 1421 imme-

1104 1441 1167 1471 rito
1190 1449 1341 1480 carpere,
1366 1439 1400 1470 id
1427 1444 1490 1478 est,
1514 1439 1709 1470 imminuere
1734 1442 1786 1469 tot

1102 1492 1178 1518 tuos
1194 1488 1336 1518 labores.

1144 1541 1183 1568 35
1221 1538 1392 1577 Rerumque
1429 1536 1575 1577 prudens]
1617 1536 1673 1567 Sic
1710 1545 1786 1566 mox

1103 1587 1112 1604 ‘
1130 1587 1299 1618 abstinens
1317 1586 1493 1627 pecunia»,'
1509 1585 1678 1616 locutione
1703 1584 1789 1616 Poe-

1104 1641 1147 1666 tae
1171 1640 1286 1666 nostro
1317 1639 1418 1675 alque
1443 1634 1576 1674 optimis
1601 1633 1788 1673 quibusque

1105 1683 1296 1714 auctoribus
1312 1682 1484 1721 peculiari.
1527 1682 1698 1720 Rerumque
1715 1689 1788 1720 pru-

1103 1731 1189 1767 dens,
1216 1733 1246 1759 et
1271 1728 1424 1767 secundis]
1449 1729 1572 1758 Rerum
1599 1728 1790 1767 cognitione
1828 1746 1833 1749 ,

1106 1782 1280 1817 praestans.
1304 1777 1392 1816 Ergo
1409 1785 1488 1807 vere
1510 1785 1546 1806 es
1562 1775 1793 1815 Philosophus.

1148 1828 1190 1855 36
1213 1823 1343 1863 Rectus]
1380 1823 1563 1865 AEquabilis
1592 1822 1625 1853 in
1653 1826 1792 1863 utraque

1106 1872 1253 1904 fortuna.

1150 1923 1190 1951 37
1218 1921 1338 1952 Vindex
1364 1930 1466 1952 ovuroe
1484 1919 1629 1960 fraudis]
1649 1919 1794 1951 Punitor

1108 1970 1273 2006 avaritiae,
1290 1973 1324 2000 et
1344 1969 1513 2000 abstinens
1528 1977 1548 1999 ι
1563 1968 1717 2009 pecunia,
1739 1967 1794 1999 cui

1110 2017 1217 2047 onmia
1235 2021 1365 2056 parent.

1152 2067 1193 2094 39
1218 2065 1389 2104 Consulque
1415 2075 1476 2095 non
1503 2064 1595 2095 unius
1615 2062 1704 2101 unni]
1738 2061 1790 2091 De

1109 2113 1206 2143 Lollii
1219 2113 1327 2142 animo
1344 2113 1481 2151 perinde
1493 2122 1532 2143 ac
1544 2113 1586 2142 de
1602 2112 1674 2150 ipso
1688 2109 1794 2141 Lollio

1110 2160 1270 2200 loquitur.
1314 2161 1358 2190 Et
1381 2164 1473 2190 recte
1489 2169 1497 2190 :
1527 2168 1603 2189 nam
1619 2159 1727 2188 animo
1742 2166 1794 2187 su·

1110 2218 1181 2239 mus
1198 2208 1358 2248 quidquid
1373 2217 1496 2238 sumus.
1526 2206 1583 2237 Ait
1595 2206 1696 2246 igitur
1710 2205 1796 2235 Poe-

1110 2262 1155 2295 ta,
1169 2257 1310 2286 Lollium
1324 2261 1388 2286 tam
1403 2255 1577 2295 praestanti
1588 2253 1698 2284 animo
1710 2262 1796 2292 prae-

1109 2304 1227 2338 ditum,
1243 2312 1307 2334 non
1323 2303 1379 2333 illo
1395 2307 1526 2333 tantum
1541 2310 1714 2342 anumque
1723 2301 1797 2332 Cae·

1112 2352 1192 2382 saris
1231 2351 1388 2391 populive
1432 2348 1592 2390 suffragio
1639 2349 1797 2382 bonorem

1110 2402 1197 2433 hunc
1222 2400 1364 2439 adeptus
1388 2400 1444 2438 sit,
1472 2399 1650 2430 consulem
1675 2396 1796 2434 fuisse3

1110 2450 1170 2480 sed
1188 2449 1318 2488 quoties
1334 2448 1530 2487 praeclarnm
1548 2445 1680 2487 aliquod
1696 2445 1798 2475 virtu-

1112 2499 1153 2528 tis
1183 2506 1251 2527 suae
1274 2496 1444 2536 specimen
1469 2493 1589 2534 edidit,
1618 2498 1654 2524 et
1678 2493 1736 2524 illo
1763 2495 1799 2522 et

1112 2545 1234 2585 inajore
1265 2544 1366 2574 etiam
1397 2543 1529 2574 nomine
1562 2541 1798 2582 sppellandum

1111 2594 1227 2625 fnisse.
1251 2594 1337 2624 Turr.
1382 2593 1554 2632 Consulque
1568 2601 1627 2622 non
1641 2591 1732 2622 unius
1744 2599 1798 2620 aa·

1110 2644 1159 2684 m']
1188 2645 1313 2684 Estque
1343 2647 1418 2674 tuus
1449 2643 1576 2672 animus
1606 2649 1671 2672 non
1699 2639 1795 2670 unius

1112 2693 1188 2723 anni
1212 2692 1339 2731 consul,
1353 2690 1411 2722 sed
1425 2698 1558 2730 semper
1573 2694 1623 2720 est
1638 2688 1693 2719 ille
1709 2686 1795 2716 Con-

1104 2741 1174 2780 sul,
1191 2749 1324 2780 semper
1347 2747 1407 2770 rex
1428 2738 1485 2778 qui
1510 2737 1577 2768 suis
1602 2731 1794 2782 cupiditati-
