1904 3216
351 273 462 314 1704

396 377 455 406 1⁵5
475 371 701 409 Peisanarium]
727 370 871 402 Primam
884 370 1036 409 corripit.

353 423 475 455 Graece
497 427 606 454 tamen
627 419 782 456 πτισσάνη
796 419 898 450 scribi
915 418 1036 449 debere

352 472 565 513 Etymologia
581 468 743 505 ostendit,
756 466 816 498 ἀπὸ
829 468 885 498 τοῦ
897 466 1038 497 πτίσσειν

352 521 441 561 quod
454 521 575 559 pinsere
585 522 620 549 et
631 518 839 549 decorticare
851 516 1038 556 significum

352 568 525 600 tondendo
539 567 626 598 enim
641 566 836 607 deglubitur
855 565 1014 595 hordeum
1029 574 1037 594 ι

354 617 450 656 cujus
465 625 596 647 cremor
617 616 686 647 sive
708 624 827 646 succus
848 613 1042 653 aegrotanti-

355 665 418 696 bus
434 665 662 696 desorbendus
680 664 836 702 traditur,
851 663 986 694 maximi
1008 663 1041 693 in

354 714 522 746 medicina
550 724 648 745 usus:
673 722 775 755 quare
803 711 962 752 peculiari
985 720 1043 742 no-

354 763 444 794 mine
473 763 544 804 ejus
567 760 797 802 sorbitionem,
826 771 895 802 prae
921 761 1042 792 ceteris

357 812 522 852 omnibus,
550 812 778 852 Hippocrates
805 810 922 840 laudat
942 813 1043 850 atque

357 861 580 893 commendat.
602 861 688 892 Nam
705 859 815 900 parari
830 858 963 899 quidem
979 858 1043 898 pti-

358 920 440 942 sana
453 910 555 940 etiam
568 918 610 940 ex
626 908 752 946 tritico,
765 911 801 938 et
815 907 911 946 alica,
924 911 960 938 et
973 915 1044 946 zea,

358 962 395 989 et
408 966 508 997 oryza
523 960 635 996 potest
649 966 657 987 ι
681 955 737 986 sed
759 954 987 986 laudatissima
1002 964 1045 986 ex

357 1006 486 1038 hordeo
508 1010 577 1036 est:
600 1005 744 1045 ideoque
759 1004 907 1044 quamvis
933 1004 1049 1043 appel·

358 1055 441 1086 latio
456 1053 622 1095 generalis
644 1057 708 1092 est,
730 1052 773 1083 de
795 1051 921 1082 hordeo
937 1057 1048 1083 tamen

359 1104 578 1146 peculiariter
614 1102 827 1142 intelligitur.
871 1102 940 1132 Pro
975 1102 1050 1141 quid

359 1163 459 1184 cessas
471 1157 595 1191 autem,
607 1155 641 1183 tu
654 1160 753 1182 cessas
764 1150 887 1191 legitur
899 1151 931 1181 in
946 1150 1049 1181 omni-

360 1203 423 1234 bus
437 1202 557 1233 nostris
571 1200 670 1233 codd.
681 1200 714 1231 id
727 1200 882 1231 Muretus
895 1199 1049 1231 mutavit.

364 1251 506 1282 Torrent-
550 1249 763 1281 Ptisanorium
792 1248 906 1290 oryzoe]
942 1249 1051 1280 Ptisa-

362 1309 439 1330 nam
455 1308 497 1330 ex
513 1308 612 1340 oryza
625 1297 827 1330 confectam.

406 1351 468 1379 156
492 1348 610 1384 Quanti
624 1346 729 1386 emtoe]
752 1347 883 1380 Quaerit
895 1347 1050 1387 Opimius

364 1398 481 1438 quanti
505 1401 618 1437 empta
642 1396 686 1427 sit
708 1396 827 1436 oryza?
850 1395 883 1426 in
905 1396 1052 1436 genitivo

365 1457 455 1478 casu.
503 1447 582 1477 Octo
597 1445 729 1484 assibus]
750 1446 816 1475 Vix
832 1445 977 1476 dubitari
994 1454 1050 1485 po·

366 1499 432 1526 test
448 1494 527 1535 quin
550 1494 598 1525 ita
617 1493 787 1533 scripserit
801 1493 929 1524 Poeta:
953 1498 989 1524 et
1004 1499 1054 1524 ta·

366 1553 454 1579 men,
477 1543 566 1584 quod
591 1543 711 1574 merito
736 1542 810 1583 quis
833 1542 985 1581 miretur,
1005 1552 1054 1573 oc-

367 1592 500 1623 tussibus
511 1591 634 1622 babent
643 1591 726 1622 Mss.
737 1590 840 1621 nostri
854 1599 984 1622 omnes:
1000 1599 1055 1621 ea·

368 1640 444 1670 dem
460 1639 608 1670 fortassis
623 1639 764 1673 ratione,
779 1648 843 1679 qua
857 1639 985 1670 assibus
999 1643 1057 1671 aut

370 1687 517 1718 denariis
534 1687 696 1718 aestimari
721 1695 791 1717 rem
814 1686 959 1727 aliquam
976 1687 1058 1717 dici·

370 1746 457 1776 mus,
482 1736 578 1776 cujus
601 1735 747 1776 pretium
773 1735 826 1766 vel
855 1735 938 1766 assis
963 1735 1059 1767 unius

371 1786 425 1816 vel
442 1785 572 1816 denarii
587 1785 642 1816 sit.
667 1785 808 1816 Torrent.

415 1837 474 1866 15⁷
499 1833 626 1873 Morbo]
662 1833 845 1874 Lethargo.
889 1833 991 1874 [Quid
1011 1842 1060 1864 re·

364 1883 451 1920 seret
467 1883 549 1913 Vat.
562 1882 674 1913 Palat.
690 1882 737 1922 3.]

417 1934 479 1962 158
503 1931 652 1966 Quisnam
664 1930 782 1970 igitur]
805 1930 926 1962 Horat.
943 1932 1063 1962 Dama·

373 1982 506 2022 sippum
530 1986 566 2013 et
587 1982 784 2014 Stertinium
801 1983 951 2015 Stoicum
968 1984 1064 2016 indu-

375 2032 423 2062 cit
451 2032 638 2072 loquentes.
679 2031 773 2071 [Vat.
803 2032 900 2063 Rom.
933 2036 966 2066 7.
997 2034 1066 2074 quis

375 2081 516 2120 avarus]

419 2131 481 2159 161
506 2129 579 2159 Non
601 2132 648 2159 est
669 2127 846 2168 cardiacus]
879 2129 947 2159 Hic
977 2139 1066 2170 aeger

378 2186 445 2209 non
469 2176 603 2207 laborat
632 2176 836 2215 Cardialgia.
882 2177 1067 2216 Cardiacus]

379 2225 512 2266 Καρδίαν
526 2225 697 2267 appellant
718 2224 832 2256 Graeci
847 2233 914 2256 non
929 2234 981 2255 cor
995 2231 1068 2256 tau-

380 2282 463 2311 tum,
479 2275 537 2306 sed
555 2279 590 2305 et
602 2283 635 2304 os
646 2274 827 2304 ventriculi.-
851 2278 989 2314 propter
999 2273 1069 2305 affi-

380 2326 523 2357 nitatem
549 2322 714 2364 quandam
731 2325 766 2352 et
782 2325 934 2352 mutuum
949 2321 1070 2352 utrius-

382 2383 447 2417 que
462 2381 672 2405 consensum.
718 2370 808 2402 Hinc
819 2379 917 2410 porro
930 2372 1071 2411 καρδιαλ.

377 2422 438 2463 1’,κίοι
451 2423 537 2454 dolor
552 2422 609 2452 ille
631 2430 671 2452 ac
693 2428 820 2451 morsus
835 2420 898 2450 oris
911 2420 1074 2450 ventriculi

385 2473 428 2504 ob
443 2471 589 2503 humoris
614 2468 847 2507 acrimoniam3
870 2477 936 2509 quo
956 2468 1073 2499 morbo

385 2522 442 2564 qui
472 2521 641 2560 laborant,
666 2519 792 2550 usitato
821 2519 922 2549 etiam
949 2518 1075 2549 Latinis

387 2572 549 2604 vocabulo
587 2570 597 2587 ‘
622 2569 790 2601 cardiaci’
830 2569 1073 2610 appellantur:

387 2622 597 2663 praecipuum
618 2630 698 2651 vero
723 2620 857 2659 malum,
882 2619 969 2660 quod
993 2617 1074 2649 defi-

388 2671 480 2702 ciunt
495 2679 588 2710 saepe
613 2670 736 2709 animo,
757 2672 794 2700 et
815 2668 849 2699 in
867 2668 1006 2699 sudores
1021 2675 1073 2698 re-

390 2719 572 2751 solvuntur.
616 2718 706 2750 Hinc
742 2717 873 2748 Plinius
903 2724 1014 2748 xxm.
1044 2717 1075 2746 1.

391 2766 676 2808 ‘Cardiacorum,¹
695 2765 816 2808 iuquit,
838 2766 848 2783 ‘
862 2765 978 2797 morbo
1003 2764 1076 2796 uni-

1383 244 1405 263 Ο

803 279 942 310 NOTAE
974 274 1190 307 VARIORU
1199 278 1231 307 Μ
1265 277 1316 308 {N

1087 378 1160 400 cam
1182 377 1275 409 spem
1301 369 1334 400 iu
1350 367 1425 400 vino
1446 377 1520 399 esse
1543 371 1671 400 certum
1696 369 1770 412 esu}

1088 418 1201 459 Atque
1222 419 1297 449 hinc
1314 418 1438 451 Juven.
1463 419 1535 450 Sat.
1553 427 1585 450 v.
1599 418 1642 449 de
1667 417 1771 450 divite

1089 468 1290 498 nobilissima
1305 468 1382 499 vina
1405 468 1467 499 sibi
1483 468 1544 499 soli
1560 470 1771 498 assei-vante:

1089 517 1099 534 ‘
1113 517 1275 548 Cardiaco
1297 527 1464 557 nunquam
1489 516 1644 556 cyathum
1659 514 1774 546 missu-

1092 575 1147 596 rus
1163 565 1292 597 amico!
1323 567 1369 597 Et
1381 565 1511 597 erudite
1522 565 1650 597 Seneca
1663 563 1774 604 Epist.

1093 622 1155 645 xv.
1177 615 1187 632 ‘
1204 615 1328 646 Bibere
1346 619 1381 646 et
1395 614 1531 654 sudare,
1545 615 1615 646 vita
1629 613 1777 645 cardiaci

1094 662 1169 694 est.'
1213 663 1390 702 Craterum]
1421 664 1582 704 Magnum
1606 661 1712 694 fnisse
1741 662 1776 692 in

1094 721 1130 742 re
1146 711 1277 743 medica
1292 713 1395 743 virum
1417 712 1504 743 hunc
1521 711 1698 743 Craterum
1718 719 1777 742 ne-

1095 770 1186 792 cesse
1202 765 1272 792 est:
1296 761 1338 792 de
1354 770 1419 802 quo
1442 761 1491 792 uti
1515 761 1557 792 de
1583 759 1780 800 Pythagora

1095 810 1205 850 aliquo
1226 810 1371 850 loquitur
1393 810 1573 842 Horatius:
1595 807 1694 840 Ain-bs
1708 807 1779 848 ἔφα.

1097 859 1235 890 Tor-rene.
1274 860 1434 891 Craterum
1447 858 1580 899 dixisse]
1603 858 1779 890 Craterum

1098 906 1273 938 medicum.

1143 958 1203 986 162
1226 956 1322 988 Recte
1333 960 1379 987 est
1389 956 1500 995 igitur,
1515 956 1692 997 surg-etque]
1707 957 1782 987 Est-

1099 1013 1141 1034 ne
1166 1004 1269 1044 igitur
1294 1014 1437 1044 corpore
1451 1014 1546 1043 sano,
1571 1009 1608 1036 et
1623 1014 1642 1035 e
1657 1005 1783 1035 lectulo

1100 1053 1238 1092 surget?
1275 1053 1428 1094 Negabit]
1449 1052 1604 1084 Medicus
1625 1053 1785 1084 Craterus

1101 1102 1247 1142 negabit.
1301 1103 1463 1143 [Chisian.
1485 1105 1516 1134 1.
1542 1112 1561 1134 a
1579 1111 1623 1134 m.
1645 1111 1697 1143 pr.
1718 1111 1787 1133 sur-

1100 1151 1219 1191 getae]

1147 1202 1206 1230 168
1231 1199 1340 1230 Morbo
1361 1202 1517 1230 tententur
1543 1197 1647 1239 acuto]
1667 1198 1788 1238 Ὀξεΐαν

1104 1247 1205 1289 νόσον,
1219 1257 1277 1279 sen
1289 1247 1340 1288 ὀξὺ
1350 1248 1478 1287 νόσημα,
1491 1249 1664 1289 appellant
1675 1247 1789 1279 Groeci

1103 1297 1268 1337 morbum,
1288 1307 1385 1338 quem
1401 1307 1460 1329 nos
1481 1301 1603 1329 acutum
1625 1296 1789 1335 dicimus;

1103 1356 1177 1378 cum
1193 1347 1235 1377 ob
1251 1347 1395 1378 celerem
1411 1347 1484 1387 ejus
1499 1351 1639 1386 motum,
1660 1351 1731 1377 tum
1746 1345 1790 1376 ob

1103 1395 1367 1436 magnitudinem
1390 1405 1429 1427 ac
1459 1396 1663 1436 periculum:
1689 1403 1792 1436 quare

1105 1444 1199 1475 brevi
1230 1450 1381 1484 tempore
1406 1454 1482 1476 eum
1507 1444 1628 1476 durare
1655 1451 1794 1474 necesse

1107 1500 1179 1524 est:
1204 1493 1263 1524 sed
1291 1494 1480 1534 quicunque
1501 1493 1576 1524 talis
1592 1497 1644 1524 est
1659 1492 1792 1533 qualem

1107 1541 1262 1580 diximus,
1288 1541 1447 1572 ‘acutus'
1479 1541 1679 1581 appellatur.
1716 1539 1794 1570 Tor-

1107 1595 1187 1620 rent.
1244 1589 1352 1628 [Quod
1373 1590 1396 1621 1.
1421 1592 1451 1620 et
1475 1599 1562 1620 renes
1578 1589 1676 1620 Vatt.
1690 1591 1722 1619 1.
1741 1591 1794 1619 13.

1110 1637 1207 1668 Vatt.
1224 1638 1318 1669 Rom.
1332 1640 1363 1668 2.
1379 1640 1409 1667 8.
1425 1637 1570 1668 Cbisian.
1586 1640 1617 1668 2.
1629 1641 1666 1668 et
1680 1636 1795 1678 Ange-

1111 1686 1167 1717 lic.
1182 1683 1230 1724 2.]

1156 1736 1217 1765 164
1240 1733 1508 1774 Pedum-§meque
1521 1734 1677 1775 sordidus]
1702 1734 1796 1766 Bene

1113 1783 1186 1814 liaec
1210 1782 1276 1813 duo
1300 1783 1483 1824 conjungit.
1527 1783 1616 1815 Nam
1637 1782 1680 1814 de
1695 1783 1799 1824 pessi-

1114 1841 1169 1863 mo
1184 1832 1334 1864 avaritiae
1351 1842 1475 1873 genere
1489 1833 1652 1864 hactenus
1666 1833 1798 1873 locutus

1116 1886 1180 1917 est,
1194 1892 1258 1922 qua
1274 1891 1334 1922 per
1346 1881 1484 1914 fraudes
1502 1882 1700 1923 rapinasque
1724 1881 1801 1913 iiico

1115 1930 1281 1962 ditescere
1304 1931 1508 1971 studeamus,
1533 1936 1572 1962 ut
1593 1940 1650 1962 ιιι.
1666 1930 1734 1962 od.
1747 1931 1801 1972 24.

1113 1981 1123 1998 ‘
1137 1981 1220 2012 Cum
1236 1981 1370 2022 perjura
1385 1982 1490 2022 patris
1502 1979 1586 2011 tides
1602 1981 1802 2015 consortem

1116 2030 1241 2061 socium
1252 2029 1350 2060 fallat
1360 2034 1395 2060 et
1404 2029 1581 2070 hospitem,
1592 2029 1803 2069 Indignoque

1118 2079 1292 2118 pecuniam
1318 2078 1448 2109 Heredi
1469 2078 1648 2119 properet!
1692 2078 1804 2108 Immo-

1118 2129 1159 2158 let
1181 2128 1277 2167 aequis
1303 2127 1369 2157 Hic
1393 2136 1518 2166 porcum
1531 2127 1680 2166 Laribus]
1703 2124 1804 2158 Quod

1120 2185 1161 2206 eo
1190 2175 1321 2205 scilicet
1349 2175 1487 2205 insaniae
1517 2183 1640 2213 genere
1671 2173 1804 2204 Larium

1120 2222 1285 2255 beneficio
1314 2222 1399 2253 liber
1426 2222 1592 2260 evaserit3
1631 2220 1690 2252 sed
1716 2221 1805 2252 idem

1123 2273 1317 2304 ambitiosus
1347 2282 1385 2303 ac
1411 2272 1631 2310 temerarius;
1660 2270 1807 2302 nondum

1123 2321 1224 2361 igitur
1239 2329 1346 2351 sanus.
1381 2320 1403 2352 J
1407 2330 1458 2351 am
1470 2329 1549 2351 vero
1563 2329 1700 2360 porcum
1712 2319 1807 2350 Lari-

1123 2372 1185 2402 bus
1200 2369 1378 2401 sacrificari
1403 2369 1523 2407 solere,
1539 2378 1578 2399 ιι.
1603 2368 1670 2399 Od.
1690 2370 1744 2400 28.
1760 2368 1809 2398 vi-

1125 2420 1247 2451 dimus.
1278 2418 1464 2459 praesertim
1495 2416 1591 2448 festis
1617 2416 1810 2457 Compitali-

1126 2469 1199 2500 bus.
1235 2467 1301 2498 Hic
1324 2476 1404 2498 vero
1425 2467 1467 2497 de
1488 2466 1646 2507 peculiari
1667 2465 1810 2506 quadam

1127 2516 1319 2557 expiatione
1330 2515 1383 2555 agi
1393 2514 1536 2553 videtur,
1545 2514 1638 2554 cujus
1650 2513 1812 2545 beneficio

1128 2566 1171 2597 ab
1184 2565 1310 2596 insania
1330 2563 1427 2595 liberi
1450 2562 1582 2603 flerent,
1602 2563 1658 2603 qui
1685 2563 1813 2603 porcel-

1129 2616 1196 2645 lum
1227 2612 1367 2644 Laribus
1397 2620 1578 2652 eorumque
1614 2611 1715 2643 matri
1742 2611 1812 2642 sive

1130 2664 1214 2694 aviae
1230 2662 1353 2703 (neque
1369 2660 1456 2691 enim
1467 2660 1558 2692 inter
1568 2654 1723 2691 auctores
1737 2669 1814 2692 con·

1129 2709 1238 2752 venit)
1247 2711 1328 2741 Dens
1343 2709 1469 2741 Manias
1481 2709 1702 2741 immolarent.
1722 2708 1815 2739 ‘Ma-

1128 2762 1215 2794 niam
1226 2759 1236 2775 ’
1252 2763 1364 2790 autem
1380 2762 1500 2791 vocant
1514 2757 1628 2790 Greci
1641 2756 1811 2790 insaniam.
