1982 3230
0 514 9 554 κστ
0 465 9 509 -μν-
0 402 8 460 -wm
0 294 15 397 *335*ss

32 2903 54 2980 ξς

43 2983 53 2998 ί,

615 297 967 331 Evis'romssum
1002 296 1100 330 ΜΒ.
1133 298 1162 329 ι.
1194 289 1262 330 15.
1549 289 1662 332 1155

498 319 531 362 4³·ss

705 464 1019 507 EPISTOLA
1051 466 1166 532 xv.

632 576 699 606 AD
735 575 1013 607 NUMOMUM
1049 577 1240 608 VALAM.

207 650 371 683 Horatius
389 652 549 685 curandas
575 653 780 686 valetudinis
807 654 912 687 cau‘sa
933 654 1212 696 philosophicum
1234 664 1349 687 arcum
1378 654 1541 687 retendit.
1565 655 1668 687 Baxt.

248 704 333 736 Cum
349 704 515 744 Horatius
530 708 739 740 auctoritate
755 707 896 741 Antonii
912 709 1024 740 Musae
1043 709 1166 741 medici
1183 708 1398 741 celeberrimi
1421 708 1516 750 aquis
1532 707 1667 750 frigidis

247 766 326 789 usus
347 758 559 800 (quanquam
583 760 697 792 invitis
721 762 882 793 Baiarum
911 761 1040 802 incolis,
1058 762 1115 803 qni
1136 772 1229 803 aegre
1247 762 1421 802 ferebant,
1437 761 1528 803 quod
1546 761 1667 802 aegroti

247 809 290 841 ad
306 811 402 852 aquis
417 810 550 853 frigidis
577 814 755 856 utendum,
769 815 904 856 spretis·
921 814 1078 856 thermis,
1093 815 1243 847 Clusium
1267 815 1467 860 Gabiosque
1490 815 1668 860 peterent)

245 862 400 904 hyemem
422 866 614 907 transigere
629 868 736 900 vellet
758 868 793 900 in
820 868 902 901 locis
925 868 1127 908 maritimis;
1152 869 1238 909 petit
1262 869 1392 904 aVala.
1409 873 1447 899 ut
1469 867 1600 899 scribat
1623 867 1666 899 de

246 915 344 948 Velia
365 922 401 948 et
423 918 578 960 Salerno,
594 930 670 962 qnae
693 921 826 953 illorum
850 921 1052 963 oppidorum
1069 921 1257 954 vicinorum
1281 922 1315 952 in
1343 921 1494 953 Lucania
1516 921 1562 952 sit
1584 930 1667 952 con·

245 966 345 1008 ditio,
361 970 620 1011 reperianturne
636 972 683 1005 ibi
698 983 752 1015 ea,
769 983 844 1016 quae
860 974 903 1006 ad
921 975 1000 1007 vitae
1016 974 1279 1006 commoditates
1303 974 1513 1015 pertineant,
1528 973 1667 1013 coelum,

246 1021 358 1062 panis,
373 1032 474 1064 aqua,
486 1023 634 1068 lepores,
650 1027 737 1068 apri,
754 1027 874 1068 pisces.
918 1028 971 1060 De
991 1027 1069 1060 vino
1084 1037 1120 1059 se
1137 1030 1203 1060 n'on
1217 1036 1372 1069 quaerere
1387 1027 1449 1063 ait·
1464 1026 1542 1068 qula
1564 1035 1666 1066 gene·

245 1083 359 1109 rosum
374 1076 423 1109 ibi
438 1087 513 1109 esse
530 1083 679 1112 constet.
723 1081 800 1112 Etsi
816 1081 919 1121 enim,
932 1081 1095 1123 quamdiu
1111 1081 1144 1112 in
1159 1082 1240 1112 villa
1257 1080 1531 1119 sua‘rusticetur‚
1547 1079 1668 1120 quovis

244 1127 322 1159 vino
337 1134 522 1162 contentus
538 1132 602 1171 sit;
621 1142 698 1164 cum
711 1138 826 1166 tamen
842 1134 886 1166 ad
898 1144 991 1166 mare
1005 1134 1239 1170 descenderit,
1255 1142 1291 1164 se
1308 1133 1483 1175 requirere
1500 1132 1667 1171 optimum

246 1181 289 1213 ad
306 1181 490 1214 cuticulam
506 1185 704 1218 curandam.
750 1185 904 1218 Omnino
920 1191 1034 1219 autem
1051 1196 1088 1219 se
1104 1186 1138 1218 iu
1155 1187 1217 1218 hac
1231 1195 1267 1217 re
1283 1186 1427 1217 similem
1444 1194 1519 1216 esse
1531 1183 1668 1223 Maeuii,

244 1234 315 1273 qni,
331 1234 359 1264 si
375 1244 443 1267 non
467 1238 662 1279 accepisset
685 1239 777 1283 unde
793 1241 888 1272 laute
912 1245 949 1272 et
965 1241 1108 1280 opipare
1135 1244 1302 1277 coenaret,
1315 1239 1374 1269 sed
1392 1237 1593 1269 tenuissimo
1617 1237 1670 1270 uti

246 1285 342 1316 victu
366 1293 505 1318 coactns
535 1293 638 1328 esset,
664 1290 877 1321 luxuriantes
903 1295 1050 1329 nepotes
1077 1290 1310 1329 vituperaret:
1335 1289 1387 1318 sin
1417 1297 1497 1319 vero
1520 1287 1668 1319 lautiora

245 1342 367 1370 nactus
382 1342 485 1379 esset,
499 1339 592 1370 laute
608 1340 829 1381 comedentes
846 1340 1002 1372 laudaret
1018 1340 1206 1381 beatosque
1223 1339 1439 1381 praedicaret.

203 1395 343 1463 Quas·
353 1413 413 1454 sit
431 1413 586 1468 hyems
606 1408 767 1470 Veliae,
791 1415 911 1469 qnod
933 1415 1114 1465 coelum,
1137 1414 1270 1465 Vala,
1292 1413 1482 1464 Salerni,

203 1478 406 1530 Quorum
425 1480 653 1522 hominum
674 1483 807 1536 regio,
828 1486 871 1524 et
888 1482 1032 1536 qualis
1053 1482 1127 1523 via
1145 1481 1272 1537 (nam
1295 1480 1398 1522 mihi
1421 1481 1559 1523 Baias

205 1545 342 1588 Musa
362 1560 661 1601 supervacuas
683 1549 920 1601 Antonius,
943 1554 987 1591 et
1007 1555 1156 1591 tamen
1175 1549 1263 1591 illis

249 1656 280 1686 0
295 1655 387 1696 Valn,
399 1660 488 1688 muru
497 1661 545 1689 est
558 1657 645 1689 nobis
657 1657 858 1699 perscribere,
875 1663 1017 1690 nostrum
1029 1666 1101 1688 vero
1113 1656 1175 1688 tibi
1185 1658 1310 1688 credere
1321 1655 1529 1697 perscribenti
1539 1666 1550 1687 .·
1566 1656 1667 1696 qualis

204 1697 248 1729 uit
261 1698 369 1741 hyems
382 1700 464 1741 apud
481 1700 598 1733 Veliam
609 1711 632 1738 ,·-
641 1701 742 1742 qualis
757 1701 812 1733 αὲν
824 1702 906 1742 apud
922 1701 1090 1733 Salernum
1098 1710 1109 1737 ;
1132 1701 1239 1740 quales
1251 1700 1391 1731 homines
1406 1699 1566 1739 utriusque
1581 1699 1667 1738 regi·

807 1780 1048 1794 ‘nmmo‘

247 1835 403 1879 Epistola
417 1841 518 1868 sexta
531 1836 626 1868 Libri
643 1836 743 1878 primi
761 1837 794 1867 in
810 1835 874 1868 Ed.
893 1834 1018 1867 Sanad.
1042 1834 1248 1866 Inscribitur
1263 1835 1298 1865 in
1314 1834 1501 1875 Bamberg.
1525 1835 1579 1866 Ad
1595 1836 1668 1866 Nu-

861 1919 894 1952 N
900 1919 1008 1952 0⁷1·AE

250 1986 266 2014 1
293 1984 372 2019 Quae
385 1983 431 2014 sit
445 1983 561 2024 hyems,
573 1984 644 2025 mn]
678 1983 828 2016 Consilio
838 1992 907 2015 me-

204 2033 272 2064 dici
289 2031 506 2073 profecturus
525 2033 655 2065 Veliam
680 2039 714 2066 et
729 2034 906 2066 Salernum

204 2083 382 2124 Horatius,
405 2084 623 2125 lippitudinis
649 2083 811 2116 curandae
827 2094 906 2116 cau-

205 2143 256 2171 sa,
279 2132 447 2174 significat
473 2143 627 2175 quaerere
644 2144 681 2166 se
697 2134 828 2175 pariter
854 2143 905 2166 sa·

205 2183 402 2215 lubritatem
420 2186 525 2225 atque
541 2184 693 2216 delicias.
765 2209 771 2214 .

252 2232 365 2274 Velioe]
388 2233 548 2265 Lucaniae
572 2234 735 2275 oppidum
761 2238 815 2266 est
837 2243 906 2265 ma-

205 2282 366 2324 ritimum,
381 2283 462 2315 olim
477 2283 584 2324 Helia,
596 2284 687 2316 Plin.
701 2292 759 2316 ιιι.
776 2287 807 2315 5.
829 2283 905 2315 Vir-

207 2333 265 2372 gil.
289 2332 425 2365 AEneid.
451 2343 501 2366 vr.
523 2334 743 2374 ‘Portusque
772 2333 907 2375 require

208 2381 370 2414 Velinos.’
414 2382 503 2414 Vide
520 2383 610 2415 Gell.
630 2391 666 2414 x.
683 2386 745 2417 16„

1003 1985 1023 2014 2
1049 1982 1166 2023 Baias]
1191 1981 1279 2013 Vide
1297 1990 1338 2013 11.
1356 1980 1421 2013 Od.
1442 1984 1493 2013 18.

1002 2035 1022 2063 8
1047 2032 1158 2073 Musa]
1193 2031 1364 2063 Antonius
1393 2033 1496 2064 Musa
1534 2034 1666 2067 medica

962 2085 1037 2113 arte
1069 2083 1193 2122 clarus,
1228 2091 1271 2113 ex
1301 2091 1369 2124 quo
1394 2081 1584 2124 Augustum
1608 2094 1668 2116 an-

961 2131 1058 2173 cipiti
1081 2132 1201 2163 morbo
1227 2131 1436 2163 laborantem
1461 2138 1666 2174 sanaverat3

961 2183 1005 2214 ab
1032 2191 1072 2213 eo
1098 2191 1166 2214 non
1197 2186 1330 2214 tantum
1357 2183 1486 2224 ingenti
1518 2185 1666 2224 pecunia

961 2232 1116 2273 donatus,
1133 2233 1192 2264 sed
1210 2238 1245 2264 et
1267 2237 1384 2264 statua
1402 2233 1507 2274 juxta
1532 2234 1666 2275 signum

961 2283 1147 2324 AEsculapii
1158 2287 1295 2315 erecta:
1320 2293 1384 2315 nec
1395 2293 1462 2316 non
1475 2284 1538 2325 ipsi
1548 2294 1667 2326 quam-

962 2334 1011 2365 vis
1039 2333 1177 2372 liberto,
1205 2334 1308 2366 immo
1331 2338 1366 2366 et
1392 2333 1665 2376 quibuscumque

959 2383 1120 2415 medendi
1155 2388 1263 2415 artem
1300 2383 1466 2425 professis
1503 2394 1665 2417 concesso

253 2431 344 2467 Quod
371 2432 493 2473 coelum]
528 2433 726 2474 Interrogat
754 2442 829 2475 quae
860 2432 907 2466 sit
955 2434 1034 2474 jure
1051 2434 1288 2466 annuiiaurei.
1311 2435 1381 2466 Dio
1396 2435 1456 2467 lib.
1474 2444 1554 2467 ιιιι.
1582 2436 1666 2467 Sue-

209 2481 390 2520 temperies
406 2481 504 2519 aeris,
522 2489 558 2514 et
573 2493 648 2524 quae
662 2483 794 2524 hyemis
810 2492 905 2524 aspe-

209 2530 293 2561 ritas
307 2529 375 2562 illic
390 2531 449 2562 ubi
461 2531 677 2573 ltyematurus
690 2537 776 2565 erat.

257 2578 352 2619 Vola]
387 2579 422 2611 Is
452 2580 627 2613 dicebatur
650 2582 690 2613 C.
718 2581 905 2614 Numenius

210 2629 307 2671 Vala,
322 2635 382 2661 aut
396 2630 517 2661 Vaals.

251 2678 389 2721 Salerni]
413 2679 503 2712 Urbs
515 2684 568 2712 est
584 2681 755 2720 Liicaniae‚
767 2682 810 2714 ad
820 2683 905 2724 Tyr-

210 2728 304 2760 rlieni
320 2728 422 2761 maris
437 2730 548 2770 littus,
563 2730 655 2762 dicta
665 2740 685 2762 a
694 2731 795 2772 copia
807 2732 906 2766 salis:

210 2783 346 2820 portum
369 2779 450 2811 satis
474 2789 635 2821 capacem
657 2781 840 2813 etiamnum
856 2791 907 2813 os-

210 2827 332 2862 tendit.

962 2488 1032 2515 ton.
1048 2483 1174 2516 Octav.
1187 2493 1263 2525 cap.
1281 2487 1333 2516 59.
1353 2488 1388 2516 et
1402 2487 1457 2518 81.

1004 2533 1235 2575 Super-vacuas]
1277 2534 1432 2566 Acrioris
1464 2535 1598 2575 pituitae
1630 2535 1665 2566 in

960 2584 1076 2616 oculos
1099 2583 1239 2615 defluxu
1268 2584 1490 2616 vehementer
1520 2583 1664 2615 affectus

960 2633 1071 2665 Poeta
1091 2639 1208 2665 noster
1222 2634 1357 2665 solebat
1374 2633 1544 2675 proficisci
1561 2634 1664 2666 Baias

960 2684 1003 2716 ad
1019 2684 1155 2716 lavacra
1168 2684 1301 2716 calida:
1328 2693 1444 2715 verum
1462 2683 1544 2717 Ant.
1560 2685 1664 2716 Musa

962 2734 1142 2765 contrariis
1167 2733 1332 2765 utendum
1357 2733 1516 2766 remediis
1543 2738 1664 2766 auctor

961 2781 1042 2822 fuit,
1051 2782 1220 2823 jussitque
1235 2782 1421 2814 ablutiones
1438 2793 1592 2825 quaerere
1604 2782 1662 2815 fri-

962 2831 1069 2873 gidas,
1095 2832 1215 2875 quibus
1241 2831 1393 2866 defluens
1413 2833 1532 2866 humor
1547 2837 1662 2866 retun-
