1904 3216
446 315 654 347 HORATH
692 314 971 345 SRRMONUM
1012 315 1108 345 ΜΒ.
1141 315 1169 345 Ι.
1201 303 1270 344 10.

132 412 184 445 καὶ
195 413 255 450 τὴν
269 410 520 452 rma-mmm
531 408 711 441 describit.
733 407 832 438 Prae-

133 464 240 495 cessit
254 467 380 501 autem,
394 470 523 500 magnus
536 460 719 491 Groeeortmt
732 459 832 488 cater-

133 523 200 554 vas,
215 512 295 554 quia
310 511 355 542 de
370 511 462 542 tritis
483 517 519 541 et
539 506 713 540 exhaustis
735 514 832 546 argu·

135 562 257 594 mentis
271 561 434 602 loquitur.
455 558 584 593 'Qualia
591 557 665 588 haec
676 555 743 587 duo
754 560 833 586 sunt

134 613 228 645 inter
241 611 356 644 omnia
370 609 522 651 inprimis
539 607 633 639 trita.
678 605 833 637 Rhenum

135 667 251 694 antem
266 665 303 693 et
327 660 416 692 illius
437 662 553 699 capnt,
566 656 642 699 quis
665 657 754 688 inter
777 656 834 687 illa

135 714 241 755 ponit,
256 716 316 744 ant
330 721 407 744 cum
431 709 520 742 bello
533 707 678 748 Trojano
693 707 832 748 conjun-

134 765 208 805 git?
251 759 419 802 ln'telligit
435 767 518 800 ergo
533 767 622 798 eum,
636 758 694 799 qui
710 757 833 788 Graece

133 814 256 846 Troica
283 816 320 844 et
342 807 658 850 Gigantomachinm
685 812 763 848 post
783 811 835 838 tot

134 865 218 896 allos
231 861 433 904 scripsisset.
478 857 675 901 eujusmodi
689 857 834 898 scripto-

134 923 189 947 res
219 913 333 954 ‘ligna
362 912 398 944 in
427 911 556 952 sylvam
585 907 698 940 ferre’
722 907 832 946 dixit:

133 963 222 1006 quod
247 962 373 995 (ἔνι-ποθ
388 965 466 1002 post
483 965 535 991 tot
551 959 693 991 Graecos
708 956 834 988 scribe-

134 1018 222 1055 rent,
243 1019 279 1045 et
301 1015 538 1053 argumentum
561 1018 582 1040 a
603 1013 656 1040 tot
681 1007 754 1038 aliis
776 1017 837 1038 ex·

134 1059 290 1096 haustum
306 1066 506 1095 tractarent.
531 1062 628 1101 Cruq.
676 1059 837 1099 'Pto-gidus

126 1114 257 1154 jugulat
284 1113 358 1144 dum
387 1110 569 1152 Memnona]
616 1111 709 1142 Dum
739 1109 836 1140 malis

136 1161 341 1195 carminibus
371 1162 545 1194 historiam
575 1159 768 1192 Memnonis
793 1159 837 1190 ab

138 1213 271 1245 Achille
280 1212 428 1254 jugulati
449 1215 581 1244 narrat.

179 1265 221 1295 37
246 1262 418 1305 ῡζῆὶκςίε]
441 1263 497 1294 Sic
515 1262 588 1306 *duo
604 1260 708 1293 codd.
729 1259 837 1291 nostri

138 1313 193 1344 alii
209 1313 367 1354 Defingr't.
403 1312 471 1344 Sed
487 1311 571 1343 illud
588 1311 692 1351 magis
709 1311 838 1351 placet,

135 1364 200 1395 hoc
216 1368 283 1403 est,
297 1372 477 1404 perperam
497 1361 610 1402 fingit,
635 1361 756 1393 vitiose
771 1360 838 1392 for-

137 1418 222 1451 mat,
238 1412 421 1445 scribendo
441 1412 641 1452 corrumpit.
675 1411 742 1443 lua
757 1419 839 1442 vero

139 1463 374 1495 venustissima
388 1471 428 1494 ac
442 1471 580 1503 prorsus
589 1460 758 1502 Satyriea,
772 1459 839 1501 ‘ju-

137 1514 254 1554 gulare
275 1511 481 1552 Memnona:
501 1512 511 1529 ⁴
525 1511 703 1552 diffingere
730 1510 838 1542 Rheni

135 1556 265 1595 luteum
282 1561 415 1603 cnput,’
429 1571 491 1602 pro
508 1566 576 1592 tarn
600 1561 686 1591 male
708 1560 837 1592 descri-

136 1613 230 1650 bere,
241 1617 278 1644 ut
289 1613 412 1644 iternm
417 1611 569 1652 jugulari
581 1610 744 1641 Memnon
756 1609 839 1641 scri-

138 1663 252 1695 bentis
264 1662 366 1704 stylo,
378 1666 482 1703 atque
498 1661 582 1691 alius
601 1659 683 1691 oriri
699 1659 838 1691 Rhenus

138 1722 205 1745 non
219 1723 240 1745 e
262 1711 426 1750 fontibus,
448 1711 508 1742 sed
532 1710 673 1742 lacubus
694 1710 839 1740 lacunis-

137 1772 216 1804 que,
231 1761 339 1793 videri
356 1765 482 1801 posset.
516 1759 596 1790 vid.
611 1758 760 1790 Turneb.
776 1766 840 1790 xv.

139 1815 192 1844 19.
216 1811 359 1843 etbrme.
405 1810 559 1851 Diffingit
587 1807 710 1849 Rheni]
747 1808 840 1839 Dum

139 1853 352 1901 ineleganter
366 1858 542 1891 describit.
584 1858 718 1889 Linteum
730 1856 841 1898 eaput]

141 1910 250 1944 Quasi
264 1910 394 1941 luteum
410 1914 501 1940 esset
519 1906 625 1939 Rheni
649 1913 766 1949 caput,
787 1908 841 1939 vel

142 1961 250 2000 origo.
310 1959 393 1990 Hae
426 1967 483 1998 ego
518 1956 605 1997 ludo]
634 1957 840 1998 Hujusmodi

143 2009 314 2052 poematia
338 2008 486 2040 meditor
508 2014 544 2039 et
568 2007 674 2038 illudo
701 2007 843 2047 chartis,

142 2070 219 2102 quae
244 2060 381 2100 vulgata
406 2059 507 2090 nolim
531 2058 720 2098 decantari,
737 2058 790 2088 vel
806 2059 840 2089 in

143 2109 286 2142 theatris
307 2108 459 2140 exhibita
489 2109 657 2148 irnperitae
688 2107 843 2138 multitu-

141 2157 231 2194 dini's
254 2162 456 2202 applausum
486 2165 640 2200 captare,
662 2159 714 2189 vel
738 2158 840 2190 Metii

141 2203 266 2252 Tarpoe
282 2210 467 2242 alteriusve
483 2209 603 2241 Critici
626 2207 742 2239 subire
761 2217 840 2239 cen-

142 2266 262 2294 suram.
286 2262 382 2301 qu.
426 2260 530 2301 Ludo]
556 2259 643 2291 Haec
668 2268 731 2300 ego
755 2258 840 2290 ludi-

143 2311 278 2344 bundus
293 2311 416 2343 scribo.

186 2363 230 2394 88
251 2361 293 2392 In
313 2361 380 2391 ede
397 2358 522 2399 sonent]
545 2358 585 2389 ln
612 2357 688 2389 aede
712 2357 842 2397 Apolli-

145 2411 209 2451 nis,
246 2416 283 2442 et
306 2410 494 2440 Musarum.
553 2406 718 2438 Certamini
736 2405 844 2444 judice

149 2459 268 2500 ihu-pa]
303 2458 433 2489 Metius
461 2457 587 2496 Tarpa,
613 2455 708 2496 cujus
739 2455 842 2486 etiam

149 2509 280 2540 mentio
294 2507 404 2548 Epist.
422 2506 464 2538 ad
487 2507 644 2544 Pisones,
669 2512 708 2537 ut
731 2506 842 2537 Palm-

149 2567 226 2590 mon
256 2557 312 2589 ille
337 2556 557 2597 virgilianus,
586 2555 790 2587 criticorum
824 2565 844 2587 e

149 2616 288 2639 numero
304 2616 389 2638 nnus
409 2606 588 2646 poetarum
604 2605 845 2636 commissioni-

151 2660 213 2690 bus
239 2657 467 2699 praesidebat:
493 2666 559 2697 qua
575 2656 618 2687 de
635 2665 672 2687 re
688 2656 846 2697 egregius

149 2708 302 2742 Suetonii
327 2709 360 2739 in
392 2707 547 2747 Angusto
573 2702 667 2738 locus
688 2716 763 2747 cap.
794 2708 847 2737 89.

153 2761 295 2791 Torreat.
343 2759 506 2789 Cerluneia
520 2755 644 2796 judice]
667 2755 720 2787 Ad
738 2763 847 2788 certa·

151 2810 249 2841 ruinis
267 2808 542 2849 provocationem
555 2807 736 2838 venientia.
771 2806 846 2838 Tur-

149 2860 205 2902 pa]
230 2859 487 2899 Ludimagistro.

1469 303 1488 343 1
1497 303 1583 345 667

925 409 968 439 39
992 407 1168 449 Spectanda
1190 405 1339 447 theatris]
1360 405 1438 438 Duo
1453 406 1584 447 optima

883 458 1093 499 exemplaria
1106 461 1257 499 spectata.
1282 458 1444 489 'l'orrent.
1490 456 1585 496 Spec-

881 508 980 539 tandi:
1002 507 1150 548 theatris]
1173 509 1260 541 Quoe
1284 507 1409 548 saepius
1429 511 1586 548 spectata

884 556 1066 589 vilescant.

924 609 968 638 40
990 609 1117 647 Arguta
1135 607 1313 648 meretrice]
1344 607 1521 648 Digressio
1543 607 1586 639 ab

883 657 1043 689 instituta
1058 658 1321 698 reprehensione
1335 658 1588 689 Lucilianorum

884 706 927 738 ad
941 707 1067 738 amicos
1082 717 1161 739 suos
1178 714 1214 739 et
1226 707 1391 748 fautores,
1403 707 1527 748 quibus
1543 708 1587 738 ab

883 755 1010 794 indole,
1032 757 1157 796 studio,
1181 762 1217 788 et
1242 757 1361 788 divitis
1388 763 1519 788 naturae
1536 756 1587 788 fa-

884 806 1071 838 cultatibus
1086 807 1198 838 obiter
1209 806 1425 845 collaudatis,
1438 807 1532 837 venit
1545 806 1587 837 ad

885 865 963 887 suos
978 856 1075 887 ludos
1094 856 1261 897 poeticos,
1286 857 1408 898 quibus
1431 865 1483 895 se,
1498 856 1587 888 duce

885 914 1020 948 natura,
1035 917 1100 940 nou
1114 907 1336 939 mediocriter
1353 906 1520 938 delectari
1537 905 1588 937 fa·

885 964 990 991 tetur.
1018 959 1114 1000 (ἔνιαι.
1161 958 1290 997 Arguta
1312 955 1490 996 meretrice]
1514 957 1588 988 Me-

885 1010 1010 1042 retrice
1026 1009 1164 1041 callida.

928 1062 968 1091 ⁴ss
1002 1060 1109 1091 Cumis
1141 1058 1284 1099 garrire]
1326 1057 1422 1099 Apta
1459 1058 1590 1091 Comici

886 1109 1009 1142 Poetae
1029 1111 1114 1149 laus,
1127 1109 1155 1141 si
1171 1102 1329 1148 comiter,
1351 1109 1414 1140 hoc
1432 1114 1498 1147 est,
1521 1108 1588 1141 fes-

889 1160 972 1200 tive,
994 1159 1111 1196 hilare,
1134 1160 1265 1191 urbane
1281 1160 1422 1200 garriat,
1442 1165 1481 1191 ut
1497 1160 1590 1192 inter

888 1220 925 1243 se
937 1211 1030 1243 cives
1047 1220 1086 1243 ac
1104 1213 1286 1253 populares
1301 1211 1424 1244 solent.
1447 1212 1557 1243 Varro
1569 1221 1590 1243 a

887 1263 986 1301 κῶμος
1000 1261 1159 1302 deducit3
1182 1262 1272 1293 unde
1294 1262 1418 1294 Latine
1442 1262 1452 1279 ‘
1469 1262 1591 1294 comis-

888 1311 1000 1348 satio,'
1015 1311 1151 1348 Graece,
1164 1317 1201 1343 ut
1216 1311 1352 1354 quidam
1370 1312 1499 1351 volunt,
1514 1313 1524 1329 ‘
1534 1321 1591 1342 co-

888 1361 1032 1392 moedia’
1047 1370 1181 1403 quoque
1192 1361 1288 1393 dicta
1302 1367 1367 1393 est.
1412 1362 1480 1393 Alii
1493 1362 1591 1393 comis

889 1415 1063 1452 tamquam
1095 1413 1294 1448 communis,
1324 1418 1360 1444 et
1398 1413 1409 1430 ‘
1426 1413 1591 1445 comiter'
1613 1423 1615 1425 ·

889 1467 1059 1503 tamquam
1073 1463 1299 1494 communiter
1311 1463 1378 1494 dici
1391 1463 1590 1495 credidere:

888 1522 951 1544 nec
974 1512 1082 1543 male:
1108 1521 1312 1553 quamquam
1341 1511 1376 1543 id
1405 1513 1590 1552 reprelien-

888 1560 970 1592 dere
1001 1561 1091 1592 visus
1115 1567 1169 1592 est
1200 1562 1334 1600 Cicero,
1360 1562 1393 1593 in
1421 1562 1591 1594 Oratione

889 1620 951 1652 pro
965 1611 1124 1643 Cornelio
1141 1611 1260 1643 Balbo.
1301 1613 1407 1643 Comis
1422 1613 1511 1644 enim
1525 1619 1591 1653 est,

889 1659 947 1701 qui
966 1660 1122 1700 libenter,
1138 1661 1194 1702 qui
1218 1660 1368 1693 officiose
1384 1671 1420 1693 se
1435 1663 1590 1694 omnibus

890 1710 1044 1751 exponit,
1071 1715 1108 1742 et
1134 1712 1301 1751 aequalem
1329 1718 1492 1752 praestat:
1526 1723 1593 1753 qua

890 1759 1140 1800 significatione
1163 1765 1171 1779 ⁸
1186 1760 1319 1800 civilis,’
1337 1762 1347 1779 ‘
1365 1762 1533 1800 civiliter:
1555 1768 1592 1795 et

888 1810 898 1826 ‘
915 1809 1080 1841 civilitas’
1107 1819 1240 1852 quoque
1267 1811 1334 1843 dici
1359 1813 1476 1852 coepit.
1509 1812 1591 1845 Vid.

890 1860 1045 1892 Turneb.
1086 1868 1149 1891 xv.
1187 1864 1239 1893 19.
1285 1862 1429 1894 Torrent-
1488 1864 1594 1894 Comis

887 1910 1030 1951 garrire]
1050 1910 1114 1950 Tu,
1130 1910 1298 1952 Fundani,
1313 1921 1397 1943 unus
1413 1921 1456 1943 ex
1478 1912 1518 1943 iis
1534 1913 1593 1954 qui

890 1960 990 1992 hodie
1012 1960 1144 2000 vivunt,
1162 1966 1262 2002 potes
1285 1966 1441 2003 argutam
1458 1962 1592 2003 Comm-

890 2010 982 2042 diam
998 2010 1147 2043 scribere
1163 2011 1281 2050 comis,
1302 2011 1337 2043 id
1360 2017 1426 2051 est,
1448 2013 1594 2044 comiter

891 2066 927 2093 et
942 2060 1069 2093 facete.
1114 2061 1212 2102 [Feae
1224 2061 1324 2095 codd.
1339 2062 1464 2103 comes]

933 2114 976 2143 42
998 2110 1161 2151 Fundani]
1176 2111 1252 2142 Caii
1273 2111 1440 2150 Fundani,
1456 2111 1512 2153 qui
1530 2112 1592 2143 sub

893 2161 1049 2203 Augusto
1075 2160 1205 2199 floruit,
1231 2162 1428 2193 memoriam
1454 2166 1593 2193 servant

890 2211 1017 2242 nummi
1031 2210 1121 2251 apud
1134 2219 1188 2242 me
1200 2211 1372 2251 argentei:
1389 2220 1592 2253 quamquam

891 2261 935 2293 de
960 2260 1106 2293 poetica
1129 2261 1201 2301 ejus
1225 2259 1392 2293 facultate
1416 2262 1496 2293 nihil
1524 2272 1592 2293 me-

891 2311 972 2343 mini
997 2311 1136 2352 legisse.
1173 2312 1314 2343 Torrent-
1358 2312 1476 2352 Pollio]
1510 2313 1591 2344 Tra-

893 2360 1169 2401 goediographus.

936 2412 978 2440 43
996 2409 1080 2440 Pede
1090 2413 1139 2440 ter
1150 2408 1310 2449 percusso]
1330 2410 1507 2442 Trimetris
1518 2420 1591 2441 ver-

894 2458 997 2490 sibus.

936 2511 978 2540 114
1003 2506 1120 2547 Ducit]
1147 2507 1232 2538 Tres
1255 2508 1363 2539 nostri
1389 2508 1474 2540 Mss.
1499 2510 1595 2540 ductu

893 2558 982 2588 molle
1006 2560 1099 2597 utque
1112 2556 1263 2595 saeelum.
1290 2565 1401 2598 neque
1425 2559 1525 2590 aliter
1548 2559 1598 2590 le-

896 2611 980 2649 gunt
989 2606 1124 2638 codices
1134 2606 1332 2648 Cruquhni,
1346 2608 1457 2647 posito
1466 2614 1594 2648 puncto

896 2662 974 2698 post
989 2656 1126 2693 Varium
1151 2660 1253 2697 atque
1265 2656 1313 2687 ita
1329 2657 1506 2698 scripsisse
1522 2657 1594 2690 Ho-

896 2707 1020 2738 ratium
1046 2705 1260 2737 crediderim.
1307 2696 1397 2736 iliud
1414 2716 1508 2746 vero,
1532 2709 1594 2739 Ca-

892 2766 953 2797 ptw
973 2757 1012 2788 de
1034 2765 1108 2787 rure
1138 2755 1304 2795 Cumoenoe,
1332 2765 1533 2798 quamquam
1559 2757 1593 2788 in

897 2817 964 2838 uno
978 2810 1082 2847 atque
1099 2806 1207 2837 altero
1223 2805 1297 2837 cod.
1316 2807 1474 2847 repperi;
1496 2812 1533 2839 et
1548 2808 1591 2839 ad

897 2856 1020 2888 Nolam
1038 2855 1246 2896 Campaniae,
1262 2855 1318 2887 ubi
1335 2856 1440 2887 multa
1455 2856 1594 2898 scripsit
