1930 3204
609 272 820 304 HORATn
856 271 995 302 EPOD.
1029 270 1158 302 xvn.

168 368 365 410 Pervincis]
387 367 562 401 Obstinati
578 367 614 400 in
624 364 808 398 sententia.

213 423 255 453 16
277 420 426 460 Remiges
457 418 595 459 musei]
615 416 705 449 Socii
733 415 866 456 Ulyssis

170 474 339 502 exuerunt
353 474 468 501 setosa
489 467 638 500 membra
659 465 752 497 duris
767 464 866 506 pelli-

168 518 244 559 bus,
268 519 302 550 id
324 524 390 559 est,
410 526 589 559 porcorum
613 513 740 556 figuras
763 523 864 546 exue·

168 573 261 604 runt,
276 572 313 600 et
327 567 488 599 humanas
501 566 765 605 resumpserunt.

213 620 253 649 17
271 617 398 650 Valente
406 614 513 656 Circe]
523 612 740 646 concedente
750 611 863 651 Circe,

163 667 238 708 jam
261 666 307 698 ab
331 666 455 707 Ulysse
469 664 616 706 placata.
665 662 796 693 Mensel
816 671 864 693 so·

168 715 244 757 nus]
263 716 359 748 Tunc
382 715 484 755 ratio,
503 716 540 745 et
559 712 682 748 oratio,
699 716 736 743 et
757 710 864 743 facies

168 766 316 807 pristina
363 765 527 797 restituta
567 767 633 794 est.
698 762 866 803 [Guelph.

167 816 303 848 menbra
319 815 412 847 Circe
422 823 518 850 mens,
535 815 566 844 et
579 821 686 844 sonus.
731 811 787 843 Al.
809 821 866 852 ap.

166 864 295 906 Jaeck,
305 867 372 896 iam
391 873 498 901 menn
519 867 558 895 et
573 863 622 894 sic
637 861 817 894 Barberin.
834 865 864 894 1.

168 918 204 947 et
217 914 273 946 ed.
286 913 394 954 Cbap.
410 913 522 945 Paris.
539 911 653 952 1503·]

210 966 252 996 18
288 962 438 1003 aelatus]
470 961 652 1001 Redditus,
677 960 866 993 restitutus.

168 1013 248 1046 Non
271 1012 429 1054 improbo
454 1010 612 1053 equidem
636 1011 774 1042 rebilus.-
805 1011 866 1043 sed

169 1068 285 1096 tamen
300 1072 368 1095 non
385 1062 485 1094 video
497 1071 558 1093 cur
566 1062 718 1102 relapsus,
728 1062 819 1103 qnod
830 1062 866 1093 in

168 1113 278 1145 multo
293 1112 448 1153 pluribus
459 1110 635 1143 codicibus
649 1110 788 1151 legitur,
799 1111 866 1142 dis-

167 1162 300 1204 plicere
324 1161 464 1194 debeat.
515 1160 603 1192 Mihi
625 1169 708 1192 sane
731 1160 868 1201 elegan-

169 1211 239 1244 tius
254 1215 319 1244 est.

211 1263 255 1292 20
276 1260 394 1292 Amata
406 1260 512 1292 nautis
535 1259 682 1300 multum]
707 1258 738 1290 Ο
766 1258 868 1290 Cani·

104 1344 107 1346 ,
166 1310 227 1342 dia
246 1319 346 1352 quam
369 1314 482 1341 nautae
504 1313 541 1340 et
561 1308 746 1350 institores,
762 1309 866 1340 homi-

168 1369 231 1391 nes
255 1358 399 1398 sordidi,
414 1358 558 1390 multum
578 1361 706 1389 amant.
749 1357 869 1388 Nautis

168 1413 200 1441 et
214 1407 427 1448 institoribus]
441 1406 649 1448 Ambiguum
665 1410 719 1438 est
733 1406 868 1438 laudet-

167 1467 212 1490 ne
229 1467 290 1500 per
314 1458 379 1490 boc
402 1456 592 1496 Canidiam,
621 1465 664 1487 an
692 1456 867 1497 vituperet

169 1508 287 1548 potius
302 1510 342 1538 ut
359 1506 530 1547 vulgarem
542 1505 729 1537 mulierem.
785 1528 788 1529 γ

210 1559 251 1589 21
278 1555 378 1595 Fugit
393 1555 555 1594 juventas,
568 1557 600 1585 et
614 1555 805 1586 verecundus
817 1564 868 1586 co-

166 1605 232 1647 lor]
253 1604 502 1644 Quidjuventas
512 1603 555 1634 sit
571 1612 613 1635 ιι.
627 1603 698 1636 Od.
710 1606 764 1635 11.
779 1603 868 1635 dixi-

167 1665 257 1687 mus.
283 1654 353 1686 Hic
369 1652 487 1685 florem
498 1653 706 1694 juventutis,
718 1652 868 1684 bilarita-

170 1710 322 1747 temque,
342 1712 384 1736 ac
408 1703 552 1743 gratiam
577 1701 758 1742 fignificat.
803 1702 868 1734 Cui

163 1754 259 1792 bene
273 1751 414 1784 additur
423 1750 608 1783 verecundus
616 1750 699 1780 color
711 1760 722 1780 :
744 1749 870 1781 rubens

169 1811 296 1844 nempe
312 1808 586 1843 purpureusque,
601 1799 734 1840 qualem
760 1798 871 1838 pudor

172 1860 292 1884 creare
306 1850 407 1889 solet,
422 1848 569 1880 maxime
590 1847 626 1884 iu
649 1847 763 1888 pueris
770 1846 871 1887 juve-

171 1900 367 1942 nibusqne5
389 1907 431 1930 ea
459 1897 550 1929 enim
578 1900 676 1937 aetas,
697 1906 776 1928 cum
803 1895 871 1928 fre·

173 1950 332 1992 quentius
353 1951 490 1990 peccet,
513 1946 649 1979 facilius
675 1946 871 1979 erubescit:

172 2000 278 2042 idque
293 1997 523 2032 certissimum
545 1997 701 2038 ingenuan
718 1997 874 2038 probita-

173 2049 219 2082 tis
234 2050 379 2091 siguum.
423 2046 492 2079 Sed
509 2051 547 2079 et
569 2047 734 2079 Catonem
757 2046 873 2078 dicere

171 2098 311 2130 solitum
333 2095 498 2130 tradunt:
535 2096 700 2128 ‘Placere
730 2096 796 2128 sibi
815 2097 873 2137 ju-

174 2156 276 2179 venes
294 2147 351 2188 qui
376 2146 620 2178 erubescerent
643 2145 776 2185 moniti,
805 2154 873 2177 non

172 2196 231 2239 qui
257 2194 509 2237 pallescerent.’
567 2195 744 2236 Diogenes
778 2204 873 2226 vere-

170 2245 320 2278 cundum
341 2245 436 2277 illum
459 2243 631 2285 ruborem,
651 2244 790 2276 virtutis
815 2253 873 2277 co-

171 2296 280 2328 lorem
296 2294 462 2327 vocabat:
487 2299 525 2326 et
552 2294 731 2328 Juvenalis
752 2294 825 2326 Sat.
849 2303 874 2326 ι.

173 2348 183 2366 ⁰
197 2344 379 2385 Sanguinis
393 2343 427 2374 in
442 2342 532 2374 facie
547 2351 615 2374 non
629 2343 739 2374 baeret
753 2346 877 2382 gutta,'

175 2393 341 2435 pudorem
361 2401 496 2424 omnem
521 2391 644 2422 abesse
667 2390 875 2432 significans.

174 2443 225 2475 Et
242 2442 430 2475 verecundus
444 2439 542 2480 color]
563 2440 802 2472 verecundum
819 2450 875 2473 co-

176 2491 297 2531 lorem,
314 2499 377 2531 pro
403 2493 412 2507 ⁸
427 2487 570 2520 rubido'
594 2488 730 2529 posuit:
754 2489 876 2530 quibus

178 2539 269 2572 enim
290 2548 329 2570 os
343 2536 501 2578 rubebat,
517 2545 580 2578 pro
595 2536 758 2570 modestis
774 2542 811 2570 et
825 2539 876 2570 in-

177 2588 298 2629 genuis
310 2586 525 2620 habebantur
547 2586 639 2628 apud
659 2587 818 2628 Veteres,
839 2595 877 2622 et

179 2639 189 2655 ⁴
206 2636 276 2668 oris
304 2634 424 2677 probi’
460 2634 676 2668 dicebantur.
699 2635 748 2667 sic
776 2636 878 2670 Pom·

180 2685 279 2728 peius
294 2685 374 2718 olim
384 2684 427 2717 ab
441 2683 510 2716 oris
521 2684 694 2725 probitate
709 2695 878 2720 commen-

179 2735 338 2767 dabatur.
396 2735 490 2775 Ergo
516 2736 723 2767 verecundum
747 2737 878 2770 colorem

181 2786 318 2819 vocavit
353 2784 392 2817 τὸ
417 2783 550 2826 ἔρευθος,
574 2784 667 2827 quod
692 2786 878 2827 juvenibus

1500 261 1610 303 1577

914 365 1023 396 multo
1038 369 1073 396 et
1089 364 1224 403 integro
1237 359 1402 401 sanguine
1421 361 1528 401 plenis
1550 364 1613 394 ἐπο-

912 413 1031 453 τρέχει.
1074 411 1228 444 Pallidus
1255 415 1371 442 autem
1396 414 1432 441 et
1453 411 1533 441 mali
1556 421 1611 443 co-

913 462 994 494 loris
1030 461 1196 497 homines,
1231 459 1447 501 impudentes
1476 459 1550 490 fere
1576 465 1613 491 et

911 509 1163 543 inverecundos
1201 508 1375 540 dicebant.
1430 507 1615 540 Salmasius.

911 561 960 592 Et
988 561 1178 592 verecundus
1207 558 1307 599 color]
1330 559 1374 590 Et
1404 558 1613 590 rubicundus

913 611 1018 651 color,
1042 611 1149 652 qualis
1166 611 1257 641 inest
1279 609 1394 650 pueris
1410 608 1614 640 erubescen-

913 659 1019 701 tibus,
1035 669 1102 691 non
1125 667 1260 699 carnes,
1287 657 1348 690 sed
1378 667 1453 690 ossa
1481 662 1613 689 tantum

912 709 994 742 mihi
1011 710 1152 750 reliquit
1167 709 1228 740 sub
1251 708 1348 747 nigra
1372 708 1461 748 pelle
1476 708 1614 739 vestita.

911 759 1018 801 [Fuge
1032 758 1267 791 Schoenborn.
1277 761 1309 790 2.
1324 761 1355 789 et
1370 768 1402 790 o.
1412 759 1498 789 dolor
1511 758 1615 789 Bam-

914 809 1011 850 berg.
1022 813 1053 842 ee
1068 820 1100 841 o.
1115 810 1200 840 calor
1214 807 1381 848 Guelph.]

955 863 998 893 2³
1023 860 1099 892 Tuis
1120 859 1250 900 capillus
1271 859 1359 890 albus
1381 861 1428 890 est
1450 857 1614 898 odoribus]

913 910 992 943 Hoc
1013 919 1148 952 qnoque
1165 909 1346 941 ridiculum
1362 919 1372 948 ς
1394 911 1403 926 ‘
1415 917 1593 948 praecanus
1606 906 1616 918 ’

915 961 1020 999 euim,
1036 964 1075 992 ut
1101 959 1176 1000 ipse
1197 958 1240 990 de
1267 967 1304 990 se
1330 957 1451 990 scribit
1463 966 1490 990 1.
1505 956 1617 997 Epist.

914 1012 969 1043 20.
992 1009 1059 1042 fuit
1090 1010 1262 1042 Horatius.
1307 1009 1348 1040 Id
1369 1009 1490 1050 jocose
1514 1008 1616 1039 Cani·

916 1060 982 1092 diae
1009 1060 1182 1091 veneficiis
1211 1060 1382 1100 imputat;
1404 1068 1480 1089 nam
1509 1059 1618 1089 odores

917 1118 978 1150 pro
998 1108 1173 1140 maleficiis
1199 1113 1373 1149 exponunt
1398 1108 1618 1148 interpretes.

920 1159 997 1190 Tuis
1008 1159 1154 1200 capillus]
1175 1158 1256 1190 Tuis
1267 1157 1451 1198 unguentis
1464 1163 1502 1188 et
1517 1164 1618 1187 vene-

917 1207 1004 1240 ficiis
1032 1217 1138 1240 canus
1164 1213 1216 1240 est
1239 1208 1382 1248 capillus
1411 1215 1506 1238 meus
1536 1209 1618 1237 ante

918 1263 1066 1300 tempus.
1118 1257 1371 1299 [Schoenborn.
1406 1260 1440 1288 2.
1487 1254 1620 1296 capillis.

919 1308 1083 1340 Nonnulli
1098 1317 1153 1348 ap.
1167 1307 1290 1347 Jaeck,
1300 1306 1482 1348 coloribus]

960 1360 1002 1388 24
1025 1356 1190 1397 Reclinat]
1211 1356 1331 1387 Bene:
1355 1355 1458 1387 otiosi
1481 1354 1574 1384 enim
1599 1363 1620 1384 a

917 1406 1036 1439 labore
1061 1407 1133 1438 sive
1155 1405 1309 1438 sedendo
1332 1405 1403 1436 sive
1423 1402 1620 1435 recubando

918 1456 1138 1488 reclinamus.
1154 1464 1197 1486 11.
1220 1454 1289 1486 Od.
1304 1457 1335 1485 8.
1364 1454 1374 1471 ‘
1386 1454 1455 1485 Seu
1468 1457 1503 1484 te
1519 1453 1554 1484 in
1569 1462 1622 1484 re-

917 1510 1010 1538 moto
1025 1506 1180 1546 gramine
1197 1514 1258 1546 per
1274 1504 1349 1536 dies
1375 1504 1498 1535 Festos
1519 1502 1621 1534 recli-

917 1560 1035 1586 natum
1063 1554 1199 1595 bearis‚’
1224 1556 1290 1586 &c-
1334 1553 1482 1586 Rectinae
1507 1551 1622 1592 otium]

918 1606 979 1638 Me
991 1605 1130 1637 liberat.

959 1657 1001 1686 25
1040 1655 1142 1694 Urget
1177 1653 1260 1684 diem
1287 1651 1367 1692 nox]
1403 1652 1487 1683 Tale
1519 1650 1622 1683 illud:

918 1704 928 1721 ‘
942 1702 1107 1735 Truditur
1119 1702 1194 1734 dies
1209 1701 1293 1741 die,'
1304 1709 1348 1732 11.
1374 1700 1443 1732 Od.
1461 1703 1514 1732 18.
1561 1701 1624 1731 Ur·

916 1755 973 1792 get
984 1753 1069 1783 diem
1080 1751 1159 1791 nox]
1175 1751 1291 1782 Nocte
1308 1749 1434 1790 dieque
1450 1748 1552 1780 animi
1565 1748 1625 1780 do·

919 1800 1048 1832 loribus
1077 1809 1257 1831 exerceor.
1313 1798 1425 1839 Neque
1450 1798 1514 1839 est]
1547 1796 1622 1829 Οὐδ’

921 1848 1035 1889 ἔξεστι,
1056 1859 1155 1890 neque
1169 1850 1254 1888 licet,
1269 1848 1452 1888 respirare.

961 1901 1005 1930 26
1030 1899 1131 1930 Teuta
1153 1897 1287 1939 spiritu]
1309 1898 1359 1930 Ut
1385 1897 1461 1929 fieri
1480 1906 1622 1930 necesse

921 1952 989 1989 est,
1002 1957 1094 1987 cum,
1109 1952 1148 1980 ut
1174 1948 1278 1979 Ennii
1297 1952 1375 1979 utar
1391 1948 1517 1985 verbis,
1537 1949 1547 1966 ‘
1561 1958 1625 1981 nec

922 1998 1111 2039 respirandi
1133 1997 1174 2030 fit
1188 1998 1311 2039 copia:
1331 2002 1391 2030 aut
1415 1998 1500 2030 ‘nec
1517 1999 1626 2039 respi-

923 2057 1001 2080 rare
1028 2047 1206 2089 potestas:
1228 2051 1268 2079 ut
1293 2047 1389 2087 Virg.
1417 2048 1533 2080 dicere
1555 2057 1627 2079 ma-

922 2097 998 2129 luit.
1045 2097 1147 2129 Teuta
1174 2096 1293 2137 spiritu
1313 2096 1505 2137 pram-omia]
1530 2097 1626 2129 Prae-

922 2146 1042 2179 cordia
1052 2150 1195 2178 extenta
1209 2145 1343 2186 spiritu.
1387 2146 1530 2187 [Laoeare
1539 2149 1628 2178 tenta

923 2195 1026 2228 codd.
1035 2204 1091 2235 ap.
1101 2195 1124 2228 J
1127 2194 1242 2234 aeck.]

966 2248 1008 2277 27
1034 2246 1124 2284 Ergo
1137 2248 1299 2284 negatum,
1315 2244 1434 2281 vincor,
1455 2248 1491 2276 ut
1503 2246 1627 2276 credam

922 2295 1032 2336 miser]
1068 2295 1161 2336 Ergo
1189 2294 1294 2327 miser
1315 2294 1445 2333 vincor,
1469 2299 1509 2326 ut
1537 2303 1627 2326 nunc

923 2344 1064 2375 credam
1091 2353 1111 2375 a
1134 2352 1189 2375 me
1210 2347 1385 2384 negatum,
1408 2353 1545 2384 nempe,
1565 2344 1628 2375 Sa·

924 2392 1015 2424 bella
1035 2392 1189 2424 carmina
1216 2393 1398 2433 increpare
1429 2398 1562 2433 pectus,
1591 2392 1627 2424 id

925 2446 992 2487 est,
1008 2441 1158 2482 magicas
1169 2442 1421 2474 incantationes
1436 2451 1534 2482 posse
1551 2451 1629 2482 per-

926 2491 1065 2523 turbare
1091 2495 1225 2523 mentes
1246 2491 1423 2522 humanas.
1466 2491 1629 2530 Negatum

925 2540 1050 2581 vincor]
1086 2540 1161 2580 Ego
1190 2539 1294 2571 miser
1320 2539 1451 2579 vincor,
1476 2543 1516 2570 ut
1538 2548 1628 2572 nunc

926 2589 1066 2622 credam
1089 2593 1263 2630 negatum,
1292 2588 1438 2620 subaudi
1464 2589 1581 2630 ‘prius
1608 2600 1628 2622 a

926 2640 1005 2682 me‚'
1027 2639 1061 2670 id
1077 2644 1142 2678 est,
1161 2638 1252 2681 qnod
1274 2638 1437 2670 hactenus
1451 2639 1575 2679 negavi
1590 2643 1630 2671 et

927 2690 1074 2722 credere
1089 2697 1156 2720 non
1179 2687 1290 2728 potui,
1306 2686 1453 2723 scilicet,
1477 2689 1629 2720 carmina

926 2739 1076 2778 Sabella,
1089 2747 1151 2770 seu
1165 2736 1340 2770 cantiones
1353 2736 1504 2770 Canidiae
1518 2737 1629 2770 incre-

931 2798 1014 2830 pare
1034 2793 1169 2830 pectus,
1196 2786 1231 2819 id
1258 2790 1324 2828 est,
1359 2785 1559 2827 perturbare
1590 2791 1627 2819 et
