<?xml version="1.0" encoding="UTF-8"?>
<!DOCTYPE html PUBLIC "-//W3C//DTD XHTML 1.0 Transitional//EN"
    "http://www.w3.org/TR/xhtml1/DTD/xhtml1-transitional.dtd">
<html xmlns="http://www.w3.org/1999/xhtml" xml:lang="en" lang="en">
 <head>
  <title>
</title>
<meta http-equiv="Content-Type" content="text/html;charset=utf-8" />
  <meta name='ocr-system' content='tesseract 3.04.00' />
  <meta name='ocr-capabilities' content='ocr_page ocr_carea ocr_par ocr_line ocrx_word'/>
</head>
<body>
  <div class='ocr_page' id='page_1' title='image "./operazeune03horauoft/operazeune03horauoft_0016.png"; bbox 0 0 1982 3230; ppageno 0'>
   <div class='ocr_carea' id='block_1_1' title="bbox 362 302 1314 352">
    <p class='ocr_par' dir='ltr' id='par_1_1' title="bbox 362 302 1314 352">
     <span class='ocr_line' id='line_1_1' title="bbox 362 302 1314 352; baseline -0.002 -10"><span class='ocrx_word' id='word_1_1' title='bbox 362 302 472 343; x_wconf 72' lang='lat'><strong>1162</strong></span> <span class='ocrx_word' id='word_1_2' title='bbox 827 313 871 349; x_wconf 89' lang='lat' dir='ltr'><strong>Q.</strong></span> <span class='ocrx_word' id='word_1_3' title='bbox 902 309 1108 352; x_wconf 62' lang='grc' dir='ltr'>Ηοκᾼτιι</span> <span class='ocrx_word' id='word_1_4' title='bbox 1144 309 1314 340; x_wconf 70' lang='lat' dir='ltr'><strong>rnAccr</strong></span> 
     </span>
    </p>
   </div>
   <div class='ocr_carea' id='block_1_2' title="bbox 362 401 1789 587">
    <p class='ocr_par' dir='ltr' id='par_1_2' title="bbox 362 401 1789 587">
     <span class='ocr_line' id='line_1_2' title="bbox 363 401 1561 456; baseline -0.001 -12"><span class='ocrx_word' id='word_1_5' title='bbox 363 404 525 444; x_wconf 88' lang='lat' dir='ltr'><strong>Verum</strong></span> <span class='ocrx_word' id='word_1_6' title='bbox 547 404 622 444; x_wconf 89' lang='lat' dir='ltr'><strong>ubi</strong></span> <span class='ocrx_word' id='word_1_7' title='bbox 643 403 746 456; x_wconf 92' lang='lat' dir='ltr'><strong>quid</strong></span> <span class='ocrx_word' id='word_1_8' title='bbox 767 403 923 443; x_wconf 89' lang='lat' dir='ltr'><strong>melius</strong></span> <span class='ocrx_word' id='word_1_9' title='bbox 939 401 1151 453; x_wconf 86' lang='lat' dir='ltr'><strong>contingit</strong></span> <span class='ocrx_word' id='word_1_10' title='bbox 1171 406 1217 443; x_wconf 88' lang='lat' dir='ltr'><strong>et</strong></span> <span class='ocrx_word' id='word_1_11' title='bbox 1235 401 1428 451; x_wconf 86' lang='lat' dir='ltr'><strong>unctius,</strong></span> <span class='ocrx_word' id='word_1_12' title='bbox 1449 401 1561 443; x_wconf 86' lang='lat' dir='ltr'><strong>idem</strong></span> 
     </span>
     <span class='ocr_line' id='line_1_3' title="bbox 362 467 1789 522; baseline 0.001 -14"><span class='ocrx_word' id='word_1_13' title='bbox 362 469 460 509; x_wconf 87' lang='lat' dir='ltr'><strong>Vos</strong></span> <span class='ocrx_word' id='word_1_14' title='bbox 481 482 635 522; x_wconf 84' lang='lat' dir='ltr'><strong>sapere</strong></span> <span class='ocrx_word' id='word_1_15' title='bbox 654 474 698 509; x_wconf 86' lang='lat' dir='ltr'><strong>et</strong></span> <span class='ocrx_word' id='word_1_16' title='bbox 717 470 836 510; x_wconf 83' lang='lat' dir='ltr'><strong>solos</strong></span> <span class='ocrx_word' id='word_1_17' title='bbox 858 469 929 508; x_wconf 87' lang='lat' dir='ltr'><strong>aio</strong></span> <span class='ocrx_word' id='word_1_18' title='bbox 950 469 1058 509; x_wconf 85' lang='lat' dir='ltr'><strong>bene</strong></span> <span class='ocrx_word' id='word_1_19' title='bbox 1080 467 1236 516; x_wconf 82' lang='lat' dir='ltr'><strong>vivere,</strong></span> <span class='ocrx_word' id='word_1_20' title='bbox 1258 480 1440 519; x_wconf 89' lang='lat' dir='ltr'><strong>quorum</strong></span> <span class='ocrx_word' id='word_1_21' title='bbox 1730 469 1789 510; x_wconf 80' lang='lat'><strong>45</strong></span> 
     </span>
     <span class='ocr_line' id='line_1_4' title="bbox 364 532 1363 587; baseline -0.002 -13"><span class='ocrx_word' id='word_1_22' title='bbox 364 534 646 587; x_wconf 77' lang='lat' dir='ltr'><strong>Conspicitur</strong></span> <span class='ocrx_word' id='word_1_23' title='bbox 666 533 810 574; x_wconf 89' lang='lat' dir='ltr'><strong>nitidis</strong></span> <span class='ocrx_word' id='word_1_24' title='bbox 828 532 1008 574; x_wconf 83' lang='lat' dir='ltr'><strong>fundata</strong></span> <span class='ocrx_word' id='word_1_25' title='bbox 1026 532 1213 584; x_wconf 85' lang='lat' dir='ltr'><strong>pecunia</strong></span> <span class='ocrx_word' id='word_1_26' title='bbox 1235 532 1363 573; x_wconf 85' lang='lat' dir='ltr'><strong>villis.</strong></span> 
     </span>
    </p>
   </div>
   <div class='ocr_carea' id='block_1_3' title="bbox 363 645 1790 687">
    <p class='ocr_par' dir='ltr' id='par_1_3' title="bbox 363 645 1790 687">
     <span class='ocr_line' id='line_1_5' title="bbox 363 645 1790 687; baseline -0.002 -8"><span class='ocrx_word' id='word_1_27' title='bbox 363 649 480 683; x_wconf 72' lang='lat' dir='ltr'><strong>desum.</strong></span> <span class='ocrx_word' id='word_1_28' title='bbox 495 651 544 678; x_wconf 78' lang='lat' dir='ltr'><strong>sut</strong></span> <span class='ocrx_word' id='word_1_29' title='bbox 558 652 700 679; x_wconf 74' lang='lat' dir='ltr'><strong>constans</strong></span> <span class='ocrx_word' id='word_1_30' title='bbox 723 649 804 679; x_wconf 78' lang='lat' dir='ltr'><strong>inter</strong></span> <span class='ocrx_word' id='word_1_31' title='bbox 823 657 931 687; x_wconf 77' lang='lat' dir='ltr'><strong>partu.</strong></span> <span class='ocrx_word' id='word_1_32' title='bbox 974 645 1019 677; x_wconf 79' lang='lat' dir='ltr'><strong>At</strong></span> <span class='ocrx_word' id='word_1_33' title='bbox 1034 646 1150 686; x_wconf 75' lang='lat' dir='ltr'><strong>quando</strong></span> <span class='ocrx_word' id='word_1_34' title='bbox 1161 645 1364 685; x_wconf 72' lang='lat' dir='ltr'><strong>prestantius</strong></span> <span class='ocrx_word' id='word_1_35' title='bbox 1377 646 1495 686; x_wconf 73' lang='lat' dir='ltr'><strong>aliquid</strong></span> <span class='ocrx_word' id='word_1_36' title='bbox 1511 651 1542 678; x_wconf 79' lang='lat' dir='ltr'><strong>et</strong></span> <span class='ocrx_word' id='word_1_37' title='bbox 1557 646 1671 677; x_wconf 68' lang='lat' dir='ltr'><strong>lautius</strong></span> <span class='ocrx_word' id='word_1_38' title='bbox 1683 649 1790 678; x_wconf 75' lang='lat' dir='ltr'><strong>nactus</strong></span> 
     </span>
    </p>
   </div>
   <div class='ocr_carea' id='block_1_4' title="bbox 363 687 1790 762">
    <p class='ocr_par' dir='ltr' id='par_1_4' title="bbox 363 687 1790 762">
     <span class='ocr_line' id='line_1_6' title="bbox 363 687 1790 761; baseline -0.001 -42"><span class='ocrx_word' id='word_1_39' title='bbox 363 694 518 761; x_wconf 42' lang='lat' dir='ltr'><strong>‘&#39;fni’&#39;ltssm</strong></span> <span class='ocrx_word' id='word_1_40' title='bbox 532 690 596 729; x_wconf 82' lang='lat' dir='ltr'><strong>ipse</strong></span> <span class='ocrx_word' id='word_1_41' title='bbox 609 699 663 720; x_wconf 84' lang='lat' dir='ltr'><strong>vos</strong></span> <span class='ocrx_word' id='word_1_42' title='bbox 683 691 750 721; x_wconf 81' lang='lat' dir='ltr'><strong>dico</strong></span> <span class='ocrx_word' id='word_1_43' title='bbox 763 699 867 730; x_wconf 84' lang='lat' dir='ltr'><strong>supere</strong></span> <span class='ocrx_word' id='word_1_44' title='bbox 883 692 913 720; x_wconf 80' lang='lat' dir='ltr'><strong>et</strong></span> <span class='ocrx_word' id='word_1_45' title='bbox 935 689 1014 719; x_wconf 79' lang='lat' dir='ltr'><strong>solos</strong></span> <span class='ocrx_word' id='word_1_46' title='bbox 1030 688 1132 718; x_wconf 77' lang='lat' dir='ltr'><strong>beatos</strong></span> <span class='ocrx_word' id='word_1_47' title='bbox 1154 697 1231 726; x_wconf 68' lang='lat' dir='ltr'><strong>esse,</strong></span> <span class='ocrx_word' id='word_1_48' title='bbox 1251 687 1304 728; x_wconf 73' lang='lat' dir='ltr'><strong>qui</strong></span> <span class='ocrx_word' id='word_1_49' title='bbox 1329 687 1446 719; x_wconf 73' lang='lat' dir='ltr'><strong>habetis</strong></span> <span class='ocrx_word' id='word_1_50' title='bbox 1465 697 1535 727; x_wconf 75' lang='lat' dir='ltr'><strong>opes</strong></span> <span class='ocrx_word' id='word_1_51' title='bbox 1556 687 1642 719; x_wconf 76' lang='lat' dir='ltr'><strong>bonis</strong></span> <span class='ocrx_word' id='word_1_52' title='bbox 1662 687 1790 727; x_wconf 72' lang='lat' dir='ltr'><strong>proediie</strong></span> 
     </span>
     <span class='ocr_line' id='line_1_7' title="bbox 366 740 533 762; baseline 0.006 -1"><span class='ocrx_word' id='word_1_53' title='bbox 366 740 382 761; x_wconf 74' lang='lat' dir='ltr'><strong>s</strong></span> <span class='ocrx_word' id='word_1_54' title='bbox 398 741 416 761; x_wconf 87' lang='grc' dir='ltr'><em>α</em></span> <span class='ocrx_word' id='word_1_55' title='bbox 437 741 447 761; x_wconf 78' lang='lat' dir='ltr'><strong>r</strong></span> <span class='ocrx_word' id='word_1_56' title='bbox 463 741 473 761; x_wconf 83' lang='grc' dir='ltr'><strong><em>ι</em></strong></span> <span class='ocrx_word' id='word_1_57' title='bbox 487 740 533 762; x_wconf 73' lang='lat' dir='ltr'><strong>as.</strong></span> 
     </span>
    </p>
   </div>
   <div class='ocr_carea' id='block_1_5' title="bbox 963 779 1194 792">
    <p class='ocr_par' dir='ltr' id='par_1_5' title="bbox 963 779 1194 792">
     <span class='ocr_line' id='line_1_8' title="bbox 963 779 1194 792; baseline -0.004 0"><span class='ocrx_word' id='word_1_58' title='bbox 963 779 1194 792; x_wconf 65' lang='lat' dir='ltr'><strong>eeeeeeeeeee</strong></span> 
     </span>
    </p>
   </div>
   <div class='ocr_carea' id='block_1_6' title="bbox 364 842 1792 917">
    <p class='ocr_par' dir='ltr' id='par_1_6' title="bbox 364 842 1792 917">
     <span class='ocr_line' id='line_1_9' title="bbox 364 842 1792 916; baseline -0.001 -41"><span class='ocrx_word' id='word_1_59' title='bbox 364 847 407 915; x_wconf 56' lang='lat'><strong>36</strong></span> <span class='ocrx_word' id='word_1_60' title='bbox 425 843 493 916; x_wconf 52' lang='grc' dir='ltr'><strong>’ἔτι</strong></span> <span class='ocrx_word' id='word_1_61' title='bbox 509 844 584 877; x_wconf 86' lang='lat' dir='ltr'><strong>cod.</strong></span> <span class='ocrx_word' id='word_1_62' title='bbox 599 845 824 877; x_wconf 85' lang='lat' dir='ltr'><strong>Schoenborn.</strong></span> <span class='ocrx_word' id='word_1_63' title='bbox 837 849 868 877; x_wconf 74' lang='lat'><strong>4.</strong></span> <span class='ocrx_word' id='word_1_64' title='bbox 882 849 1024 887; x_wconf 80' lang='lat' dir='ltr'><strong>quatuor</strong></span> <span class='ocrx_word' id='word_1_65' title='bbox 1039 845 1146 876; x_wconf 87' lang='lat' dir='ltr'><strong>ultimi</strong></span> <span class='ocrx_word' id='word_1_66' title='bbox 1164 853 1275 875; x_wconf 78' lang='lat' dir='ltr'><strong>versus</strong></span> <span class='ocrx_word' id='word_1_67' title='bbox 1290 843 1390 884; x_wconf 80' lang='lat' dir='ltr'><strong>positi</strong></span> <span class='ocrx_word' id='word_1_68' title='bbox 1407 847 1483 874; x_wconf 82' lang='lat' dir='ltr'><strong>sunt</strong></span> <span class='ocrx_word' id='word_1_69' title='bbox 1500 847 1578 874; x_wconf 84' lang='lat' dir='ltr'><strong>ante</strong></span> <span class='ocrx_word' id='word_1_70' title='bbox 1592 845 1624 874; x_wconf 77' lang='lat'><strong>4.</strong></span> <span class='ocrx_word' id='word_1_71' title='bbox 1641 842 1792 884; x_wconf 73' lang='lat' dir='ltr'><strong>priore-,⁹</strong></span> 
     </span>
     <span class='ocr_line' id='line_1_10' title="bbox 391 895 475 917; baseline 0.012 -1"><span class='ocrx_word' id='word_1_72' title='bbox 391 895 443 916; x_wconf 79' lang='lat' dir='ltr'><strong>aec</strong></span> <span class='ocrx_word' id='word_1_73' title='bbox 467 908 475 917; x_wconf 86' lang='lat'><strong>.</strong></span> 
     </span>
    </p>
   </div>
   <div class='ocr_carea' id='block_1_7' title="bbox 1010 937 1147 970">
    <p class='ocr_par' dir='ltr' id='par_1_7' title="bbox 1010 937 1147 970">
     <span class='ocr_line' id='line_1_11' title="bbox 1010 937 1147 970; baseline -0.007 0"><span class='ocrx_word' id='word_1_74' title='bbox 1010 939 1039 970; x_wconf 83' lang='lat' dir='ltr'>N</span> <span class='ocrx_word' id='word_1_75' title='bbox 1046 937 1147 970; x_wconf 80' lang='lat' dir='ltr'><strong>OTAE</strong></span> 
     </span>
    </p>
   </div>
   <div class='ocr_carea' id='block_1_8' title="bbox 365 996 1792 1184">
    <p class='ocr_par' dir='ltr' id='par_1_8' title="bbox 365 996 1792 1184">
     <span class='ocr_line' id='line_1_12' title="bbox 407 996 1792 1040; baseline -0.001 -10"><span class='ocrx_word' id='word_1_76' title='bbox 407 1003 447 1031; x_wconf 74' lang='lat'><strong>45</strong></span> <span class='ocrx_word' id='word_1_77' title='bbox 473 1000 611 1035; x_wconf 74' lang='lat' dir='ltr'><strong>Quorum</strong></span> <span class='ocrx_word' id='word_1_78' title='bbox 629 999 824 1040; x_wconf 75' lang='lat' dir='ltr'><strong>Conspicitur</strong></span> <span class='ocrx_word' id='word_1_79' title='bbox 847 1000 957 1031; x_wconf 78' lang='lat' dir='ltr'><strong>nitidis</strong></span> <span class='ocrx_word' id='word_1_80' title='bbox 975 1001 1052 1037; x_wconf 81' lang='lat' dir='ltr'><strong>sun·</strong></span> <span class='ocrx_word' id='word_1_81' title='bbox 1106 999 1204 1030; x_wconf 82' lang='lat' dir='ltr'><strong>datas</strong></span> <span class='ocrx_word' id='word_1_82' title='bbox 1227 1003 1327 1039; x_wconf 81' lang='lat' dir='ltr'><strong>atque</strong></span> <span class='ocrx_word' id='word_1_83' title='bbox 1353 998 1480 1038; x_wconf 81' lang='lat' dir='ltr'><strong>optime</strong></span> <span class='ocrx_word' id='word_1_84' title='bbox 1503 996 1732 1029; x_wconf 57' lang='lat' dir='ltr'><strong>constitutas?</strong></span> <span class='ocrx_word' id='word_1_85' title='bbox 1755 1001 1792 1028; x_wconf 92' lang='lat' dir='ltr'><strong>ut</strong></span> 
     </span>
     <span class='ocr_line' id='line_1_13' title="bbox 365 1046 1792 1088; baseline -0.002 -9"><span class='ocrx_word' id='word_1_86' title='bbox 365 1049 439 1079; x_wconf 77' lang='lat' dir='ltr'><strong>data</strong></span> <span class='ocrx_word' id='word_1_87' title='bbox 460 1048 588 1087; x_wconf 81' lang='lat' dir='ltr'><strong>pecunia</strong></span> <span class='ocrx_word' id='word_1_88' title='bbox 610 1047 708 1088; x_wconf 79' lang='lat' dir='ltr'><strong>villis]</strong></span> <span class='ocrx_word' id='word_1_89' title='bbox 731 1049 876 1080; x_wconf 80' lang='lat' dir='ltr'><strong>Censum</strong></span> <span class='ocrx_word' id='word_1_90' title='bbox 892 1049 1053 1080; x_wconf 83' lang='lat' dir='ltr'><strong>habentes</strong></span> <span class='ocrx_word' id='word_1_91' title='bbox 1106 1049 1154 1080; x_wconf 87' lang='lat' dir='ltr'><strong>ait</strong></span> <span class='ocrx_word' id='word_1_92' title='bbox 1170 1048 1241 1080; x_wconf 84' lang='lat' dir='ltr'><strong>Cic.</strong></span> <span class='ocrx_word' id='word_1_93' title='bbox 1260 1058 1320 1088; x_wconf 89' lang='lat' dir='ltr'><strong>pro</strong></span> <span class='ocrx_word' id='word_1_94' title='bbox 1336 1047 1485 1079; x_wconf 80' lang='lat' dir='ltr'><strong>Rabirio.</strong></span> <span class='ocrx_word' id='word_1_95' title='bbox 1529 1047 1623 1078; x_wconf 83' lang='lat' dir='ltr'><strong>Idem</strong></span> <span class='ocrx_word' id='word_1_96' title='bbox 1644 1054 1704 1087; x_wconf 86' lang='lat' dir='ltr'><strong>pro</strong></span> <span class='ocrx_word' id='word_1_97' title='bbox 1722 1046 1792 1076; x_wconf 87' lang='lat' dir='ltr'><strong>Do-</strong></span> 
     </span>
     <span class='ocr_line' id='line_1_14' title="bbox 366 1094 1752 1136; baseline 0 -10"><span class='ocrx_word' id='word_1_98' title='bbox 366 1095 470 1126; x_wconf 85' lang='lat' dir='ltr'><strong>fundo</strong></span> <span class='ocrx_word' id='word_1_99' title='bbox 497 1101 592 1127; x_wconf 79' lang='lat' dir='ltr'><strong>certo</strong></span> <span class='ocrx_word' id='word_1_100' title='bbox 613 1097 811 1136; x_wconf 83' lang='lat' dir='ltr'><strong>stabilitum,</strong></span> <span class='ocrx_word' id='word_1_101' title='bbox 833 1097 944 1128; x_wconf 87' lang='lat' dir='ltr'><strong>villam</strong></span> <span class='ocrx_word' id='word_1_102' title='bbox 975 1107 1050 1136; x_wconf 83' lang='lat' dir='ltr'><strong>pro·</strong></span> <span class='ocrx_word' id='word_1_103' title='bbox 1105 1107 1178 1128; x_wconf 88' lang='lat' dir='ltr'><strong>mo:</strong></span> <span class='ocrx_word' id='word_1_104' title='bbox 1200 1096 1467 1127; x_wconf 73' lang='lat' dir='ltr'><strong>‘fundatissimae</strong></span> <span class='ocrx_word' id='word_1_105' title='bbox 1482 1094 1616 1126; x_wconf 84' lang='lat' dir='ltr'><strong>familiae</strong></span> <span class='ocrx_word' id='word_1_106' title='bbox 1634 1094 1752 1126; x_wconf 79' lang='lat' dir='ltr'><strong>ruina.&#39;</strong></span> 
     </span>
     <span class='ocr_line' id='line_1_15' title="bbox 366 1143 1051 1184; baseline 0.003 -10"><span class='ocrx_word' id='word_1_107' title='bbox 366 1149 488 1175; x_wconf 76' lang='lat' dir='ltr'><strong>ventus</strong></span> <span class='ocrx_word' id='word_1_108' title='bbox 505 1150 614 1175; x_wconf 85' lang='lat' dir='ltr'><strong>certos</strong></span> <span class='ocrx_word' id='word_1_109' title='bbox 632 1143 846 1180; x_wconf 77' lang='lat' dir='ltr'><strong>referentem.</strong></span> <span class='ocrx_word' id='word_1_110' title='bbox 862 1146 871 1161; x_wconf 90' lang='lat'>‘</span> <span class='ocrx_word' id='word_1_111' title='bbox 882 1155 961 1184; x_wconf 82' lang='lat' dir='ltr'><strong>opes</strong></span> <span class='ocrx_word' id='word_1_112' title='bbox 977 1145 1051 1176; x_wconf 84' lang='lat' dir='ltr'><strong>fun·</strong></span> 
     </span>
    </p>
   </div>
   <div class='ocr_carea' id='block_1_9' title="bbox 842 1291 1321 1425">
    <p class='ocr_par' dir='ltr' id='par_1_9' title="bbox 842 1291 1321 1425">
     <span class='ocr_line' id='line_1_16' title="bbox 842 1291 1321 1334; baseline 0.004 -2"><span class='ocrx_word' id='word_1_113' title='bbox 842 1291 1149 1332; x_wconf 83' lang='lat' dir='ltr'><strong>EPISTOLA</strong></span> <span class='ocrx_word' id='word_1_114' title='bbox 1180 1291 1321 1334; x_wconf 88' lang='lat' dir='ltr'>XVI.</span> 
     </span>
     <span class='ocr_line' id='line_1_17' title="bbox 893 1387 1268 1425; baseline 0.005 -8"><span class='ocrx_word' id='word_1_115' title='bbox 893 1388 959 1417; x_wconf 82' lang='lat' dir='ltr'><strong>AD</strong></span> <span class='ocrx_word' id='word_1_116' title='bbox 996 1387 1268 1425; x_wconf 70' lang='lat' dir='ltr'><strong>QumrmM.</strong></span> 
     </span>
    </p>
   </div>
   <div class='ocr_carea' id='block_1_10' title="bbox 368 1462 1804 2175">
    <p class='ocr_par' dir='ltr' id='par_1_10' title="bbox 368 1462 1804 2175">
     <span class='ocr_line' id='line_1_18' title="bbox 368 1462 1798 1504; baseline 0.003 -12"><span class='ocrx_word' id='word_1_117' title='bbox 368 1462 481 1493; x_wconf 82' lang='lat' dir='ltr'><strong>Vitam</strong></span> <span class='ocrx_word' id='word_1_118' title='bbox 510 1462 641 1493; x_wconf 79' lang='lat' dir='ltr'><strong>beatam</strong></span> <span class='ocrx_word' id='word_1_119' title='bbox 669 1463 916 1504; x_wconf 73' lang='lat' dir='ltr'><strong>aeqnanimitate</strong></span> <span class='ocrx_word' id='word_1_120' title='bbox 942 1468 1110 1504; x_wconf 80' lang='lat' dir='ltr'><strong>constare,</strong></span> <span class='ocrx_word' id='word_1_121' title='bbox 1133 1468 1168 1495; x_wconf 88' lang='lat' dir='ltr'><strong>et</strong></span> <span class='ocrx_word' id='word_1_122' title='bbox 1191 1463 1398 1495; x_wconf 85' lang='lat' dir='ltr'><strong>conscientia</strong></span> <span class='ocrx_word' id='word_1_123' title='bbox 1415 1473 1504 1495; x_wconf 80' lang='lat' dir='ltr'><strong>verae</strong></span> <span class='ocrx_word' id='word_1_124' title='bbox 1531 1463 1676 1496; x_wconf 85' lang='lat' dir='ltr'><strong>virtutis.</strong></span> <span class='ocrx_word' id='word_1_125' title='bbox 1697 1463 1798 1496; x_wconf 69' lang='lat' dir='ltr'><strong>Base.</strong></span> 
     </span>
     <span class='ocr_line' id='line_1_19' title="bbox 411 1514 1799 1556; baseline 0.001 -9"><span class='ocrx_word' id='word_1_126' title='bbox 411 1514 569 1547; x_wconf 75' lang='lat' dir='ltr'><strong>Quintius</strong></span> <span class='ocrx_word' id='word_1_127' title='bbox 594 1514 767 1555; x_wconf 83' lang='lat' dir='ltr'><strong>Hirpinus,</strong></span> <span class='ocrx_word' id='word_1_128' title='bbox 781 1524 847 1556; x_wconf 90' lang='lat' dir='ltr'><strong>quo</strong></span> <span class='ocrx_word' id='word_1_129' title='bbox 863 1514 1076 1547; x_wconf 80' lang='lat' dir='ltr'><strong>familiariter</strong></span> <span class='ocrx_word' id='word_1_130' title='bbox 1098 1526 1192 1547; x_wconf 88' lang='lat' dir='ltr'><strong>usum</strong></span> <span class='ocrx_word' id='word_1_131' title='bbox 1209 1526 1284 1547; x_wconf 83' lang='lat' dir='ltr'><strong>esse</strong></span> <span class='ocrx_word' id='word_1_132' title='bbox 1302 1515 1480 1547; x_wconf 80' lang='lat' dir='ltr'><strong>Horatium</strong></span> <span class='ocrx_word' id='word_1_133' title='bbox 1496 1515 1596 1547; x_wconf 82' lang='lat' dir='ltr'><strong>etiam</strong></span> <span class='ocrx_word' id='word_1_134' title='bbox 1613 1525 1656 1547; x_wconf 86' lang='lat' dir='ltr'><strong>ex</strong></span> <span class='ocrx_word' id='word_1_135' title='bbox 1674 1524 1715 1547; x_wconf 87' lang='lat'><strong>11.</strong></span> <span class='ocrx_word' id='word_1_136' title='bbox 1731 1515 1799 1548; x_wconf 85' lang='lat' dir='ltr'><strong>Od.</strong></span> 
     </span>
     <span class='ocr_line' id='line_1_20' title="bbox 411 1566 1798 1608; baseline 0.001 -12"><span class='ocrx_word' id='word_1_137' title='bbox 411 1567 462 1596; x_wconf 87' lang='lat'><strong>11.</strong></span> <span class='ocrx_word' id='word_1_138' title='bbox 486 1566 845 1606; x_wconf 78' lang='lat' dir='ltr'><strong>intelligitur‚videlur</strong></span> <span class='ocrx_word' id='word_1_139' title='bbox 871 1567 1049 1598; x_wconf 80' lang='lat' dir='ltr'><strong>honoribus</strong></span> <span class='ocrx_word' id='word_1_140' title='bbox 1071 1567 1265 1608; x_wconf 82' lang='lat' dir='ltr'><strong>divitiisque</strong></span> <span class='ocrx_word' id='word_1_141' title='bbox 1288 1573 1321 1598; x_wconf 86' lang='lat' dir='ltr'><strong>et</strong></span> <span class='ocrx_word' id='word_1_142' title='bbox 1349 1577 1436 1598; x_wconf 80' lang='lat' dir='ltr'><strong>auroe</strong></span> <span class='ocrx_word' id='word_1_143' title='bbox 1463 1567 1616 1608; x_wconf 75' lang='lat' dir='ltr'><strong>populari</strong></span> <span class='ocrx_word' id='word_1_144' title='bbox 1642 1567 1717 1608; x_wconf 72' lang='lat' dir='ltr'><strong>plna</strong></span> <span class='ocrx_word' id='word_1_145' title='bbox 1741 1567 1798 1598; x_wconf 72' lang='lat' dir='ltr'><strong>tri·</strong></span> 
     </span>
     <span class='ocr_line' id='line_1_21' title="bbox 411 1616 1800 1660; baseline 0.001 -12"><span class='ocrx_word' id='word_1_146' title='bbox 411 1616 520 1649; x_wconf 82' lang='lat' dir='ltr'><strong>buisse</strong></span> <span class='ocrx_word' id='word_1_147' title='bbox 535 1628 634 1659; x_wconf 83' lang='lat' dir='ltr'><strong>quam</strong></span> <span class='ocrx_word' id='word_1_148' title='bbox 652 1629 711 1659; x_wconf 83' lang='lat' dir='ltr'><strong>par</strong></span> <span class='ocrx_word' id='word_1_149' title='bbox 725 1623 810 1658; x_wconf 83' lang='lat' dir='ltr'><strong>erat,</strong></span> <span class='ocrx_word' id='word_1_150' title='bbox 822 1623 958 1650; x_wconf 86' lang='lat' dir='ltr'><strong>servata</strong></span> <span class='ocrx_word' id='word_1_151' title='bbox 973 1623 1082 1650; x_wconf 76' lang='lat' dir='ltr'><strong>tamen</strong></span> <span class='ocrx_word' id='word_1_152' title='bbox 1097 1619 1158 1650; x_wconf 85' lang='lat' dir='ltr'><strong>viri</strong></span> <span class='ocrx_word' id='word_1_153' title='bbox 1176 1618 1253 1650; x_wconf 89' lang='lat' dir='ltr'><strong>boni</strong></span> <span class='ocrx_word' id='word_1_154' title='bbox 1271 1619 1380 1650; x_wconf 81' lang='lat' dir='ltr'><strong>laude.</strong></span> <span class='ocrx_word' id='word_1_155' title='bbox 1425 1618 1516 1650; x_wconf 83' lang='lat' dir='ltr'><strong>Huic</strong></span> <span class='ocrx_word' id='word_1_156' title='bbox 1541 1619 1641 1660; x_wconf 79' lang='lat' dir='ltr'><strong>igitur</strong></span> <span class='ocrx_word' id='word_1_157' title='bbox 1657 1627 1800 1659; x_wconf 82' lang='lat' dir='ltr'><strong>percon·</strong></span> 
     </span>
     <span class='ocr_line' id='line_1_22' title="bbox 411 1670 1800 1712; baseline 0.001 -12"><span class='ocrx_word' id='word_1_158' title='bbox 411 1670 498 1701; x_wconf 88' lang='lat' dir='ltr'><strong>tanti</strong></span> <span class='ocrx_word' id='word_1_159' title='bbox 510 1670 551 1701; x_wconf 89' lang='lat' dir='ltr'><strong>de</strong></span> <span class='ocrx_word' id='word_1_160' title='bbox 568 1671 654 1701; x_wconf 82' lang='lat' dir='ltr'><strong>villae</strong></span> <span class='ocrx_word' id='word_1_161' title='bbox 671 1670 833 1701; x_wconf 80' lang='lat' dir='ltr'><strong>reditibus</strong></span> <span class='ocrx_word' id='word_1_162' title='bbox 846 1670 1002 1702; x_wconf 76' lang='lat' dir='ltr'><strong>rescribit</strong></span> <span class='ocrx_word' id='word_1_163' title='bbox 1018 1671 1156 1711; x_wconf 83' lang='lat' dir='ltr'><strong>Noster,</strong></span> <span class='ocrx_word' id='word_1_164' title='bbox 1167 1671 1210 1702; x_wconf 90' lang='lat' dir='ltr'><strong>de</strong></span> <span class='ocrx_word' id='word_1_165' title='bbox 1223 1670 1384 1703; x_wconf 82' lang='lat' dir='ltr'><strong>reditibus</strong></span> <span class='ocrx_word' id='word_1_166' title='bbox 1398 1679 1462 1702; x_wconf 90' lang='lat' dir='ltr'><strong>non</strong></span> <span class='ocrx_word' id='word_1_167' title='bbox 1474 1679 1547 1702; x_wconf 81' lang='lat' dir='ltr'><strong>esse</strong></span> <span class='ocrx_word' id='word_1_168' title='bbox 1557 1670 1647 1712; x_wconf 88' lang='lat' dir='ltr'><strong>quod</strong></span> <span class='ocrx_word' id='word_1_169' title='bbox 1660 1670 1800 1706; x_wconf 82' lang='lat' dir='ltr'><strong>scribat.</strong></span> 
     </span>
     <span class='ocr_line' id='line_1_23' title="bbox 412 1722 1800 1764; baseline 0 -12"><span class='ocrx_word' id='word_1_170' title='bbox 412 1731 488 1753; x_wconf 84' lang='lat' dir='ltr'><strong>curn</strong></span> <span class='ocrx_word' id='word_1_171' title='bbox 503 1722 559 1753; x_wconf 86' lang='lat' dir='ltr'><strong>illa</strong></span> <span class='ocrx_word' id='word_1_172' title='bbox 576 1723 654 1754; x_wconf 80' lang='lat' dir='ltr'><strong>villa</strong></span> <span class='ocrx_word' id='word_1_173' title='bbox 669 1722 712 1753; x_wconf 90' lang='lat' dir='ltr'><strong>ob</strong></span> <span class='ocrx_word' id='word_1_174' title='bbox 730 1722 813 1754; x_wconf 86' lang='lat' dir='ltr'><strong>situs</strong></span> <span class='ocrx_word' id='word_1_175' title='bbox 837 1722 1064 1753; x_wconf 75' lang='lat' dir='ltr'><strong>amoenitatem</strong></span> <span class='ocrx_word' id='word_1_176' title='bbox 1084 1722 1385 1764; x_wconf 83' lang='lat' dir='ltr'><strong>salubritatemque</strong></span> <span class='ocrx_word' id='word_1_177' title='bbox 1401 1722 1478 1754; x_wconf 83' lang='lat' dir='ltr'><strong>coeli</strong></span> <span class='ocrx_word' id='word_1_178' title='bbox 1493 1722 1556 1754; x_wconf 86' lang='lat' dir='ltr'><strong>sibi</strong></span> <span class='ocrx_word' id='word_1_179' title='bbox 1573 1722 1722 1764; x_wconf 80' lang='lat' dir='ltr'><strong>placeat,</strong></span> <span class='ocrx_word' id='word_1_180' title='bbox 1737 1722 1800 1753; x_wconf 84' lang='lat' dir='ltr'><strong>ibi-</strong></span> 
     </span>
     <span class='ocr_line' id='line_1_24' title="bbox 414 1772 1800 1815; baseline 0.001 -12"><span class='ocrx_word' id='word_1_181' title='bbox 414 1783 478 1813; x_wconf 84' lang='lat' dir='ltr'><strong>que</strong></span> <span class='ocrx_word' id='word_1_182' title='bbox 494 1782 530 1804; x_wconf 89' lang='lat' dir='ltr'><strong>se</strong></span> <span class='ocrx_word' id='word_1_183' title='bbox 555 1774 706 1813; x_wconf 87' lang='lat' dir='ltr'><strong>corporis</strong></span> <span class='ocrx_word' id='word_1_184' title='bbox 729 1772 921 1804; x_wconf 79' lang='lat' dir='ltr'><strong>valetudine</strong></span> <span class='ocrx_word' id='word_1_185' title='bbox 947 1779 1042 1804; x_wconf 83' lang='lat' dir='ltr'><strong>recta</strong></span> <span class='ocrx_word' id='word_1_186' title='bbox 1069 1778 1104 1804; x_wconf 88' lang='lat' dir='ltr'><strong>et</strong></span> <span class='ocrx_word' id='word_1_187' title='bbox 1119 1774 1363 1815; x_wconf 83' lang='lat' dir='ltr'><strong>tranquillitate</strong></span> <span class='ocrx_word' id='word_1_188' title='bbox 1378 1775 1478 1805; x_wconf 85' lang='lat' dir='ltr'><strong>animi</strong></span> <span class='ocrx_word' id='word_1_189' title='bbox 1507 1773 1586 1806; x_wconf 81' lang='lat' dir='ltr'><strong>frui.</strong></span> <span class='ocrx_word' id='word_1_190' title='bbox 1628 1775 1703 1806; x_wconf 76' lang='lat' dir='ltr'><strong>‘ribi</strong></span> <span class='ocrx_word' id='word_1_191' title='bbox 1720 1784 1800 1805; x_wconf 80' lang='lat' dir='ltr'><strong>vero</strong></span> 
     </span>
     <span class='ocr_line' id='line_1_25' title="bbox 413 1823 1799 1865; baseline 0 -8"><span class='ocrx_word' id='word_1_192' title='bbox 413 1827 478 1857; x_wconf 85' lang='lat' dir='ltr'><strong>alia</strong></span> <span class='ocrx_word' id='word_1_193' title='bbox 493 1825 625 1856; x_wconf 86' lang='lat' dir='ltr'><strong>vivendi</strong></span> <span class='ocrx_word' id='word_1_194' title='bbox 642 1826 729 1856; x_wconf 80' lang='lat' dir='ltr'><strong>ratio</strong></span> <span class='ocrx_word' id='word_1_195' title='bbox 745 1825 917 1865; x_wconf 84' lang='lat' dir='ltr'><strong>probatur,</strong></span> <span class='ocrx_word' id='word_1_196' title='bbox 931 1834 1006 1863; x_wconf 87' lang='lat' dir='ltr'><strong>nec,</strong></span> <span class='ocrx_word' id='word_1_197' title='bbox 1022 1823 1145 1860; x_wconf 82' lang='lat' dir='ltr'><strong>fateor,</strong></span> <span class='ocrx_word' id='word_1_198' title='bbox 1160 1826 1246 1856; x_wconf 82' lang='lat' dir='ltr'><strong>male</strong></span> <span class='ocrx_word' id='word_1_199' title='bbox 1262 1825 1358 1863; x_wconf 86' lang='lat' dir='ltr'><strong>vivis,</strong></span> <span class='ocrx_word' id='word_1_200' title='bbox 1371 1826 1397 1856; x_wconf 91' lang='lat' dir='ltr'><strong>si</strong></span> <span class='ocrx_word' id='word_1_201' title='bbox 1413 1834 1478 1856; x_wconf 89' lang='lat' dir='ltr'><strong>non</strong></span> <span class='ocrx_word' id='word_1_202' title='bbox 1494 1825 1593 1856; x_wconf 89' lang='lat' dir='ltr'><strong>modo</strong></span> <span class='ocrx_word' id='word_1_203' title='bbox 1609 1826 1726 1862; x_wconf 79' lang='lat' dir='ltr'><strong>videri,</strong></span> <span class='ocrx_word' id='word_1_204' title='bbox 1741 1825 1799 1857; x_wconf 82' lang='lat' dir='ltr'><strong>sed</strong></span> 
     </span>
     <span class='ocr_line' id='line_1_26' title="bbox 414 1875 1802 1918; baseline -0.001 -9"><span class='ocrx_word' id='word_1_205' title='bbox 414 1882 450 1909; x_wconf 87' lang='lat' dir='ltr'><strong>et</strong></span> <span class='ocrx_word' id='word_1_206' title='bbox 464 1887 538 1908; x_wconf 85' lang='lat' dir='ltr'><strong>esse</strong></span> <span class='ocrx_word' id='word_1_207' title='bbox 555 1877 660 1908; x_wconf 88' lang='lat' dir='ltr'><strong>bonus</strong></span> <span class='ocrx_word' id='word_1_208' title='bbox 680 1877 807 1908; x_wconf 87' lang='lat' dir='ltr'><strong>studes.</strong></span> <span class='ocrx_word' id='word_1_209' title='bbox 852 1875 899 1908; x_wconf 88' lang='lat' dir='ltr'><strong>At</strong></span> <span class='ocrx_word' id='word_1_210' title='bbox 914 1886 1046 1915; x_wconf 81' lang='lat' dir='ltr'><strong>vei-eor,</strong></span> <span class='ocrx_word' id='word_1_211' title='bbox 1062 1886 1102 1908; x_wconf 90' lang='lat' dir='ltr'><strong>ne</strong></span> <span class='ocrx_word' id='word_1_212' title='bbox 1120 1877 1276 1909; x_wconf 85' lang='lat' dir='ltr'><strong>virtutem</strong></span> <span class='ocrx_word' id='word_1_213' title='bbox 1302 1877 1335 1908; x_wconf 89' lang='lat' dir='ltr'><strong>in</strong></span> <span class='ocrx_word' id='word_1_214' title='bbox 1358 1881 1500 1908; x_wconf 81' lang='lat' dir='ltr'><strong>externa</strong></span> <span class='ocrx_word' id='word_1_215' title='bbox 1521 1876 1634 1917; x_wconf 84' lang='lat' dir='ltr'><strong>specie</strong></span> <span class='ocrx_word' id='word_1_216' title='bbox 1647 1876 1802 1918; x_wconf 73' lang='lat' dir='ltr'><strong>vulgique</strong></span> 
     </span>
     <span class='ocr_line' id='line_1_27' title="bbox 414 1927 1803 1969; baseline 0.001 -10"><span class='ocrx_word' id='word_1_217' title='bbox 414 1929 573 1969; x_wconf 83' lang='lat' dir='ltr'><strong>opinione</strong></span> <span class='ocrx_word' id='word_1_218' title='bbox 589 1928 659 1959; x_wconf 82' lang='lat' dir='ltr'><strong>sola</strong></span> <span class='ocrx_word' id='word_1_219' title='bbox 673 1937 789 1968; x_wconf 83' lang='lat' dir='ltr'><strong>ponas.</strong></span> <span class='ocrx_word' id='word_1_220' title='bbox 835 1928 920 1959; x_wconf 80' lang='lat' dir='ltr'><strong>Quae</strong></span> <span class='ocrx_word' id='word_1_221' title='bbox 947 1937 1000 1959; x_wconf 88' lang='lat' dir='ltr'><strong>res</strong></span> <span class='ocrx_word' id='word_1_222' title='bbox 1023 1933 1076 1958; x_wconf 88' lang='lat' dir='ltr'><strong>est</strong></span> <span class='ocrx_word' id='word_1_223' title='bbox 1093 1937 1190 1967; x_wconf 83' lang='lat' dir='ltr'><strong>vana,</strong></span> <span class='ocrx_word' id='word_1_224' title='bbox 1212 1928 1322 1959; x_wconf 81' lang='lat' dir='ltr'><strong>aliena</strong></span> <span class='ocrx_word' id='word_1_225' title='bbox 1345 1927 1520 1968; x_wconf 79' lang='lat' dir='ltr'><strong>minusque</strong></span> <span class='ocrx_word' id='word_1_226' title='bbox 1535 1927 1679 1964; x_wconf 74' lang='lat' dir='ltr'><strong>stabilis.</strong></span> <span class='ocrx_word' id='word_1_227' title='bbox 1695 1937 1803 1969; x_wconf 71' lang='lat' dir='ltr'><strong>eaque</strong></span> 
     </span>
     <span class='ocr_line' id='line_1_28' title="bbox 414 1977 1803 2020; baseline -0.001 -9"><span class='ocrx_word' id='word_1_228' title='bbox 414 1989 479 2011; x_wconf 88' lang='lat' dir='ltr'><strong>non</strong></span> <span class='ocrx_word' id='word_1_229' title='bbox 496 1979 599 2020; x_wconf 84' lang='lat' dir='ltr'><strong>magis</strong></span> <span class='ocrx_word' id='word_1_230' title='bbox 614 1980 690 2019; x_wconf 83' lang='lat' dir='ltr'><strong>capi</strong></span> <span class='ocrx_word' id='word_1_231' title='bbox 707 1979 842 2020; x_wconf 82' lang='lat' dir='ltr'><strong>sapiens</strong></span> <span class='ocrx_word' id='word_1_232' title='bbox 868 1979 983 2018; x_wconf 88' lang='lat' dir='ltr'><strong>debet,</strong></span> <span class='ocrx_word' id='word_1_233' title='bbox 995 1989 1092 2020; x_wconf 83' lang='lat' dir='ltr'><strong>quam</strong></span> <span class='ocrx_word' id='word_1_234' title='bbox 1114 1978 1251 2010; x_wconf 82' lang='lat' dir='ltr'><strong>infamia</strong></span> <span class='ocrx_word' id='word_1_235' title='bbox 1266 1979 1347 2010; x_wconf 75' lang='lat' dir='ltr'><strong>falsa</strong></span> <span class='ocrx_word' id='word_1_236' title='bbox 1370 1978 1502 2010; x_wconf 88' lang='lat' dir='ltr'><strong>terreri.</strong></span> <span class='ocrx_word' id='word_1_237' title='bbox 1545 1977 1608 2009; x_wconf 87' lang='lat' dir='ltr'><strong>Vir</strong></span> <span class='ocrx_word' id='word_1_238' title='bbox 1623 1978 1729 2009; x_wconf 84' lang='lat' dir='ltr'><strong>bonus</strong></span> <span class='ocrx_word' id='word_1_239' title='bbox 1748 1983 1803 2010; x_wconf 83' lang='lat' dir='ltr'><strong>est</strong></span> 
     </span>
     <span class='ocr_line' id='line_1_29' title="bbox 415 2029 1804 2071; baseline 0.001 -10"><span class='ocrx_word' id='word_1_240' title='bbox 415 2031 548 2062; x_wconf 79' lang='lat' dir='ltr'><strong>virtutis</strong></span> <span class='ocrx_word' id='word_1_241' title='bbox 560 2039 683 2065; x_wconf 86' lang='lat' dir='ltr'><strong>amore,</strong></span> <span class='ocrx_word' id='word_1_242' title='bbox 695 2040 760 2062; x_wconf 90' lang='lat' dir='ltr'><strong>nou</strong></span> <span class='ocrx_word' id='word_1_243' title='bbox 778 2040 885 2071; x_wconf 74' lang='lat' dir='ltr'><strong>poenoe</strong></span> <span class='ocrx_word' id='word_1_244' title='bbox 900 2035 992 2061; x_wconf 89' lang='lat' dir='ltr'><strong>metu</strong></span> <span class='ocrx_word' id='word_1_245' title='bbox 1004 2041 1012 2061; x_wconf 75' lang='grc' dir='ltr'>ε</span> <span class='ocrx_word' id='word_1_246' title='bbox 1037 2035 1139 2071; x_wconf 85' lang='lat' dir='ltr'><strong>atque</strong></span> <span class='ocrx_word' id='word_1_247' title='bbox 1151 2039 1225 2061; x_wconf 88' lang='lat' dir='ltr'><strong>cum</strong></span> <span class='ocrx_word' id='word_1_248' title='bbox 1242 2034 1384 2062; x_wconf 84' lang='lat' dir='ltr'><strong>externa</strong></span> <span class='ocrx_word' id='word_1_249' title='bbox 1395 2029 1484 2062; x_wconf 86' lang='lat' dir='ltr'><strong>bona</strong></span> <span class='ocrx_word' id='word_1_250' title='bbox 1494 2039 1561 2061; x_wconf 86' lang='lat' dir='ltr'><strong>non</strong></span> <span class='ocrx_word' id='word_1_251' title='bbox 1573 2029 1804 2071; x_wconf 69' lang='lat' dir='ltr'><strong>magnifaciant.</strong></span> 
     </span>
     <span class='ocr_line' id='line_1_30' title="bbox 415 2081 1803 2122; baseline -0.002 -7"><span class='ocrx_word' id='word_1_252' title='bbox 415 2092 478 2115; x_wconf 86' lang='lat' dir='ltr'><strong>nec</strong></span> <span class='ocrx_word' id='word_1_253' title='bbox 495 2082 580 2113; x_wconf 89' lang='lat' dir='ltr'><strong>adeo</strong></span> <span class='ocrx_word' id='word_1_254' title='bbox 607 2086 736 2113; x_wconf 82' lang='lat' dir='ltr'><strong>metuat</strong></span> <span class='ocrx_word' id='word_1_255' title='bbox 751 2087 786 2114; x_wconf 90' lang='lat' dir='ltr'><strong>et</strong></span> <span class='ocrx_word' id='word_1_256' title='bbox 802 2083 928 2122; x_wconf 75' lang='lat' dir='ltr'><strong>cupiat,</strong></span> <span class='ocrx_word' id='word_1_257' title='bbox 945 2087 996 2114; x_wconf 88' lang='lat' dir='ltr'><strong>est</strong></span> <span class='ocrx_word' id='word_1_258' title='bbox 1011 2091 1089 2114; x_wconf 91' lang='lat' dir='ltr'><strong>vere</strong></span> <span class='ocrx_word' id='word_1_259' title='bbox 1115 2082 1201 2114; x_wconf 85' lang='lat' dir='ltr'><strong>liber</strong></span> <span class='ocrx_word' id='word_1_260' title='bbox 1225 2082 1409 2114; x_wconf 82' lang='lat' dir='ltr'><strong>habendus.</strong></span> <span class='ocrx_word' id='word_1_261' title='bbox 1453 2082 1540 2114; x_wconf 86' lang='lat' dir='ltr'><strong>Nam</strong></span> <span class='ocrx_word' id='word_1_262' title='bbox 1565 2082 1621 2122; x_wconf 91' lang='lat' dir='ltr'><strong>qui</strong></span> <span class='ocrx_word' id='word_1_263' title='bbox 1645 2081 1728 2112; x_wconf 89' lang='lat' dir='ltr'><strong>mori</strong></span> <span class='ocrx_word' id='word_1_264' title='bbox 1745 2091 1803 2122; x_wconf 80' lang='lat' dir='ltr'><strong>po-</strong></span> 
     </span>
     <span class='ocr_line' id='line_1_31' title="bbox 415 2134 845 2175; baseline 0 -9"><span class='ocrx_word' id='word_1_265' title='bbox 415 2139 495 2175; x_wconf 76' lang='lat' dir='ltr'><strong>test,</strong></span> <span class='ocrx_word' id='word_1_266' title='bbox 512 2134 539 2164; x_wconf 86' lang='lat' dir='ltr'><strong>is</strong></span> <span class='ocrx_word' id='word_1_267' title='bbox 551 2135 625 2174; x_wconf 85' lang='lat' dir='ltr'><strong>cogi</strong></span> <span class='ocrx_word' id='word_1_268' title='bbox 641 2143 706 2165; x_wconf 91' lang='lat' dir='ltr'><strong>nou</strong></span> <span class='ocrx_word' id='word_1_269' title='bbox 723 2138 845 2174; x_wconf 87' lang='lat' dir='ltr'><strong>potest.</strong></span> 
     </span>
    </p>
   </div>
   <div class='ocr_carea' id='block_1_11' title="bbox 375 2197 1508 2317">
    <p class='ocr_par' dir='ltr' id='par_1_11' title="bbox 375 2197 1508 2317">
     <span class='ocr_line' id='line_1_32' title="bbox 375 2197 1463 2252; baseline -0.001 -13"><span class='ocrx_word' id='word_1_270' title='bbox 375 2198 453 2239; x_wconf 69' lang='lat' dir='ltr'><strong>Nn</strong></span> <span class='ocrx_word' id='word_1_271' title='bbox 473 2197 754 2250; x_wconf 84' lang='lat' dir='ltr'><strong>perconteriS‚</strong></span> <span class='ocrx_word' id='word_1_272' title='bbox 774 2197 932 2238; x_wconf 86' lang='lat' dir='ltr'><strong>fundus</strong></span> <span class='ocrx_word' id='word_1_273' title='bbox 953 2211 1088 2248; x_wconf 86' lang='lat' dir='ltr'><strong>meus,</strong></span> <span class='ocrx_word' id='word_1_274' title='bbox 1112 2198 1273 2252; x_wconf 86' lang='lat' dir='ltr'><strong>optime</strong></span> <span class='ocrx_word' id='word_1_275' title='bbox 1295 2197 1463 2248; x_wconf 87' lang='lat' dir='ltr'><strong>Quinti,</strong></span> 
     </span>
     <span class='ocr_line' id='line_1_33' title="bbox 375 2262 1508 2317; baseline -0.002 -12"><span class='ocrx_word' id='word_1_276' title='bbox 375 2264 494 2305; x_wconf 88' lang='lat' dir='ltr'><strong>Arvo</strong></span> <span class='ocrx_word' id='word_1_277' title='bbox 513 2268 670 2317; x_wconf 82' lang='lat' dir='ltr'><strong>pascat</strong></span> <span class='ocrx_word' id='word_1_278' title='bbox 686 2263 853 2314; x_wconf 85' lang='lat' dir='ltr'><strong>herum,</strong></span> <span class='ocrx_word' id='word_1_279' title='bbox 874 2277 928 2304; x_wconf 85' lang='lat' dir='ltr'><strong>an</strong></span> <span class='ocrx_word' id='word_1_280' title='bbox 946 2265 1097 2305; x_wconf 85' lang='lat' dir='ltr'><strong>baccis</strong></span> <span class='ocrx_word' id='word_1_281' title='bbox 1118 2264 1342 2316; x_wconf 85' lang='lat' dir='ltr'><strong>opulentet</strong></span> <span class='ocrx_word' id='word_1_282' title='bbox 1363 2262 1508 2312; x_wconf 53' lang='lat' dir='ltr'><strong>olisvae,</strong></span> 
     </span>
    </p>
   </div>
   <div class='ocr_carea' id='block_1_12' title="bbox 418 2359 1804 2401">
    <p class='ocr_par' dir='ltr' id='par_1_12' title="bbox 418 2359 1804 2401">
     <span class='ocr_line' id='line_1_34' title="bbox 418 2359 1804 2401; baseline 0 -10"><span class='ocrx_word' id='word_1_283' title='bbox 418 2361 470 2392; x_wconf 85' lang='lat' dir='ltr'><strong>Ne</strong></span> <span class='ocrx_word' id='word_1_284' title='bbox 485 2370 615 2401; x_wconf 73' lang='lat' dir='ltr'><strong>quares,</strong></span> <span class='ocrx_word' id='word_1_285' title='bbox 630 2371 647 2391; x_wconf 88' lang='grc' dir='ltr'><strong><em>ο</em></strong></span> <span class='ocrx_word' id='word_1_286' title='bbox 659 2360 732 2392; x_wconf 83' lang='lat' dir='ltr'><strong>bone</strong></span> <span class='ocrx_word' id='word_1_287' title='bbox 746 2361 869 2400; x_wconf 76' lang='lat' dir='ltr'><strong>Quinti,</strong></span> <span class='ocrx_word' id='word_1_288' title='bbox 881 2364 982 2392; x_wconf 78' lang='lat' dir='ltr'><strong>ulrum</strong></span> <span class='ocrx_word' id='word_1_289' title='bbox 998 2371 1073 2401; x_wconf 79' lang='lat' dir='ltr'><strong>ager</strong></span> <span class='ocrx_word' id='word_1_290' title='bbox 1087 2371 1169 2393; x_wconf 74' lang='lat' dir='ltr'><strong>meus</strong></span> <span class='ocrx_word' id='word_1_291' title='bbox 1183 2361 1336 2392; x_wconf 80' lang='lat' dir='ltr'><strong>dominum</strong></span> <span class='ocrx_word' id='word_1_292' title='bbox 1341 2359 1492 2399; x_wconf 74' lang='lat' dir='ltr'><strong>frugibus</strong></span> <span class='ocrx_word' id='word_1_293' title='bbox 1506 2359 1638 2399; x_wconf 71' lang='lat' dir='ltr'><strong>nutriat,</strong></span> <span class='ocrx_word' id='word_1_294' title='bbox 1649 2369 1690 2391; x_wconf 77' lang='lat' dir='ltr'><strong>un</strong></span> <span class='ocrx_word' id='word_1_295' title='bbox 1705 2359 1804 2391; x_wconf 73' lang='lat' dir='ltr'><strong>baccis</strong></span> 
     </span>
    </p>
   </div>
   <div class='ocr_carea' id='block_1_13' title="bbox 970 2443 1202 2456">
    <p class='ocr_par' dir='ltr' id='par_1_13' title="bbox 970 2443 1202 2456">
     <span class='ocr_line' id='line_1_35' title="bbox 970 2443 1202 2456; baseline 0.009 -2"><span class='ocrx_word' id='word_1_296' title='bbox 970 2443 1202 2456; x_wconf 55' lang='lat' dir='ltr'><strong>eeeeeeeeeee</strong></span> 
     </span>
    </p>
   </div>
   <div class='ocr_carea' id='block_1_14' title="bbox 420 2494 1802 2536">
    <p class='ocr_par' dir='ltr' id='par_1_14' title="bbox 420 2494 1802 2536">
     <span class='ocr_line' id='line_1_36' title="bbox 420 2494 1802 2536; baseline -0.001 -9"><span class='ocrx_word' id='word_1_297' title='bbox 420 2496 570 2536; x_wconf 86' lang='lat' dir='ltr'><strong>Epistola</strong></span> <span class='ocrx_word' id='word_1_298' title='bbox 597 2499 717 2536; x_wconf 80' lang='lat' dir='ltr'><strong>quarta</strong></span> <span class='ocrx_word' id='word_1_299' title='bbox 742 2494 834 2526; x_wconf 88' lang='lat' dir='ltr'><strong>Libri</strong></span> <span class='ocrx_word' id='word_1_300' title='bbox 854 2495 991 2527; x_wconf 79' lang='lat' dir='ltr'><strong>secundi</strong></span> <span class='ocrx_word' id='word_1_301' title='bbox 1012 2495 1044 2526; x_wconf 92' lang='lat' dir='ltr'><strong>in</strong></span> <span class='ocrx_word' id='word_1_302' title='bbox 1073 2495 1137 2526; x_wconf 84' lang='lat' dir='ltr'><strong>Ed.</strong></span> <span class='ocrx_word' id='word_1_303' title='bbox 1162 2495 1350 2527; x_wconf 56' lang='lat' dir='ltr'><strong>sanam-2</strong></span> <span class='ocrx_word' id='word_1_304' title='bbox 1372 2495 1555 2536; x_wconf 84' lang='lat' dir='ltr'><strong>Bamberg.</strong></span> <span class='ocrx_word' id='word_1_305' title='bbox 1588 2495 1687 2527; x_wconf 84' lang='lat' dir='ltr'><strong>Gott.</strong></span> <span class='ocrx_word' id='word_1_306' title='bbox 1717 2495 1802 2526; x_wconf 79' lang='lat' dir='ltr'><strong>Exc-</strong></span> 
     </span>
    </p>
   </div>
   <div class='ocr_carea' id='block_1_15' title="bbox 379 2579 1802 2730">
    <p class='ocr_par' dir='ltr' id='par_1_15' title="bbox 379 2579 1802 2730">
     <span class='ocr_line' id='line_1_37' title="bbox 1025 2579 1162 2610; baseline -0.007 0"><span class='ocrx_word' id='word_1_307' title='bbox 1025 2579 1162 2610; x_wconf 79' lang='lat' dir='ltr'>NOTAE</span> 
     </span>
     <span class='ocr_line' id='line_1_38' title="bbox 422 2639 1557 2680; baseline -0.002 -9"><span class='ocrx_word' id='word_1_308' title='bbox 422 2643 439 2671; x_wconf 91' lang='lat' dir='ltr'><strong>l</strong></span> <span class='ocrx_word' id='word_1_309' title='bbox 467 2641 518 2670; x_wconf 87' lang='lat' dir='ltr'><strong>Ne</strong></span> <span class='ocrx_word' id='word_1_310' title='bbox 539 2640 740 2680; x_wconf 76' lang='lat' dir='ltr'><strong>perconteris]</strong></span> <span class='ocrx_word' id='word_1_311' title='bbox 778 2641 846 2671; x_wconf 87' lang='lat' dir='ltr'><strong>Per</strong></span> <span class='ocrx_word' id='word_1_312' title='bbox 869 2640 1064 2672; x_wconf 82' lang='lat' dir='ltr'><strong>insinuatio·</strong></span> <span class='ocrx_word' id='word_1_313' title='bbox 1117 2639 1244 2671; x_wconf 85' lang='lat' dir='ltr'><strong>toribus</strong></span> <span class='ocrx_word' id='word_1_314' title='bbox 1262 2641 1359 2671; x_wconf 87' lang='lat' dir='ltr'><strong>nimis</strong></span> <span class='ocrx_word' id='word_1_315' title='bbox 1375 2639 1557 2672; x_wconf 78' lang='lat' dir='ltr'><strong>credulum.</strong></span> 
     </span>
     <span class='ocr_line' id='line_1_39' title="bbox 379 2686 1802 2730; baseline -0.001 -10"><span class='ocrx_word' id='word_1_316' title='bbox 379 2696 455 2720; x_wconf 84' lang='lat' dir='ltr'><strong>nem</strong></span> <span class='ocrx_word' id='word_1_317' title='bbox 485 2697 597 2727; x_wconf 70' lang='lat' dir='ltr'><strong>agrum</strong></span> <span class='ocrx_word' id='word_1_318' title='bbox 627 2699 719 2720; x_wconf 86' lang='lat' dir='ltr'><strong>suurn</strong></span> <span class='ocrx_word' id='word_1_319' title='bbox 745 2689 906 2721; x_wconf 82' lang='lat' dir='ltr'><strong>describit</strong></span> <span class='ocrx_word' id='word_1_320' title='bbox 936 2689 1063 2722; x_wconf 69' lang='lat' dir='ltr'><strong>Poeta:</strong></span> <span class='ocrx_word' id='word_1_321' title='bbox 1161 2689 1287 2730; x_wconf 74' lang='lat' dir='ltr'><strong>Quinti]</strong></span> <span class='ocrx_word' id='word_1_322' title='bbox 1323 2690 1358 2720; x_wconf 85' lang='lat' dir='ltr'><strong>Is</strong></span> <span class='ocrx_word' id='word_1_323' title='bbox 1389 2688 1522 2719; x_wconf 81' lang='lat' dir='ltr'><strong>videtur</strong></span> <span class='ocrx_word' id='word_1_324' title='bbox 1543 2696 1616 2717; x_wconf 84' lang='lat' dir='ltr'><strong>esse</strong></span> <span class='ocrx_word' id='word_1_325' title='bbox 1646 2686 1802 2719; x_wconf 69' lang='lat' dir='ltr'><strong>Quintius</strong></span> 
     </span>
    </p>
   </div>
   <div class='ocr_carea' id='block_1_16' title="bbox 379 2735 1801 2817">
    <p class='ocr_par' dir='ltr' id='par_1_16' title="bbox 379 2735 1801 2817">
     <span class='ocr_line' id='line_1_40' title="bbox 379 2735 1801 2780; baseline -0.001 -13"><span class='ocrx_word' id='word_1_326' title='bbox 379 2736 500 2767; x_wconf 83' lang='lat' dir='ltr'><strong>deinde</strong></span> <span class='ocrx_word' id='word_1_327' title='bbox 517 2736 588 2776; x_wconf 84' lang='lat' dir='ltr'><strong>quis</strong></span> <span class='ocrx_word' id='word_1_328' title='bbox 605 2745 681 2766; x_wconf 80' lang='lat' dir='ltr'><strong>vere</strong></span> <span class='ocrx_word' id='word_1_329' title='bbox 704 2739 747 2768; x_wconf 83' lang='lat' dir='ltr'><strong>sit</strong></span> <span class='ocrx_word' id='word_1_330' title='bbox 771 2738 821 2768; x_wconf 91' lang='lat' dir='ltr'><strong>vir</strong></span> <span class='ocrx_word' id='word_1_331' title='bbox 841 2738 943 2768; x_wconf 80' lang='lat' dir='ltr'><strong>bonus</strong></span> <span class='ocrx_word' id='word_1_332' title='bbox 960 2739 1065 2777; x_wconf 84' lang='lat' dir='ltr'><strong>expli·</strong></span> <span class='ocrx_word' id='word_1_333' title='bbox 1119 2737 1358 2780; x_wconf 85' lang='lat' dir='ltr'><strong>Hirpinus,cui</strong></span> <span class='ocrx_word' id='word_1_334' title='bbox 1374 2743 1425 2768; x_wconf 82' lang='lat' dir='ltr'><strong>est</strong></span> <span class='ocrx_word' id='word_1_335' title='bbox 1442 2736 1600 2776; x_wconf 81' lang='lat' dir='ltr'><strong>inscripta</strong></span> <span class='ocrx_word' id='word_1_336' title='bbox 1617 2743 1659 2766; x_wconf 86' lang='lat' dir='ltr'><strong>n.</strong></span> <span class='ocrx_word' id='word_1_337' title='bbox 1673 2735 1740 2767; x_wconf 85' lang='lat' dir='ltr'><strong>Od.</strong></span> <span class='ocrx_word' id='word_1_338' title='bbox 1756 2738 1801 2767; x_wconf 84' lang='lat' dir='ltr'><strong>ll.</strong></span> 
     </span>
     <span class='ocr_line' id='line_1_41' title="bbox 381 2784 1064 2817; baseline 0.001 -1"><span class='ocrx_word' id='word_1_339' title='bbox 381 2791 457 2817; x_wconf 81' lang='lat' dir='ltr'><strong>cat:</strong></span> <span class='ocrx_word' id='word_1_340' title='bbox 475 2785 529 2815; x_wconf 86' lang='lat' dir='ltr'><strong>ubi</strong></span> <span class='ocrx_word' id='word_1_341' title='bbox 545 2784 716 2817; x_wconf 71' lang='lat' dir='ltr'><strong>Quintium</strong></span> <span class='ocrx_word' id='word_1_342' title='bbox 733 2790 829 2816; x_wconf 87' lang='lat' dir='ltr'><strong>notat</strong></span> <span class='ocrx_word' id='word_1_343' title='bbox 846 2787 936 2816; x_wconf 82' lang='lat' dir='ltr'><strong>velut</strong></span> <span class='ocrx_word' id='word_1_344' title='bbox 953 2787 1064 2817; x_wconf 82' lang='lat' dir='ltr'><strong>adula-</strong></span> 
     </span>
    </p>
   </div>
  </div>
 </body>
</html>
