1916 3262
475 290 686 323 HoRA'ru
719 288 995 321 GARM1NUM
1029 290 1127 322 mn.
1158 291 1212 322 11.
1243 280 1314 322 13.

163 386 286 420 infelix
323 390 361 419 et
399 383 672 419 abominandum.
719 382 863 415 Torrent.

165 436 340 478 caducum]
362 438 410 470 Te
425 437 551 478 lignum
567 435 751 473 ruinosum,
771 433 862 475 quod

161 488 197 519 in
212 492 318 529 caput
333 497 443 519 meum
458 486 504 518 nil
519 485 596 517 mali
607 485 766 516 meritum
779 483 861 515 inci-

163 538 258 572 disti.
302 537 485 580 [Nonnulli
501 535 601 569 oodd.
617 545 674 577 ap.
689 535 812 576 beck,
831 538 864 567 ee

159 588 348 629 cadentem]

203 640 262 682 [12
285 638 515 671 Schoeuborn.
526 639 559 668 2.
575 636 622 668 nil
636 635 812 678 merentis]

204 692 246 722 1³
270 690 356 727 Quid
372 689 500 731 quisque
518 687 613 728 vitet]
646 686 788 718 Arboris
807 696 863 718 oa-

161 747 237 771 sam
251 739 286 771 in
301 740 516 780 pulcerrimoe
538 737 720 769 sententiae
736 738 863 769 occasi-

159 798 258 821 onem
275 789 410 830 arripit,
433 797 534 830 quam
560 797 637 819 esse
654 789 864 819 verissimam

158 843 211 872 tot
235 838 426 879 repentinae
451 847 491 870 ac
518 836 670 870 fortuitae
694 838 864 869 homiuum

106 929 114 931 μ
158 893 285 920 mortes
300 888 487 920 declarant.
513 889 658 920 Torrent-

198 943 241 972 14
265 940 306 973 ln
334 941 443 983 horas]
478 942 551 973 Per
579 942 728 983 singulas
752 941 864 972 horas.

155 989 348 1032 Bosporum]
363 991 540 1032 Bosporus
557 992 696 1032 ponitur
709 999 770 1030 pro
783 999 865 1032 quo-

154 1040 240 1072 libet
259 1042 354 1083 nturi,
371 1045 408 1073 et
423 1041 552 1073 Poenus
566 1051 628 1083 pro
649 1041 768 1082 quovis
785 1050 866 1071 nau·

157 1094 206 1121 ta.
229 1090 405 1131 Bosporus
420 1096 474 1123 est
488 1092 594 1123 Ponti
614 1091 752 1131 fretum,
764 1100 865 1132 prop-

157 1145 212 1171 ter
223 1141 397 1180 augustias
410 1141 512 1172 valde
527 1142 773 1182 periculosum:
789 1150 864 1172 nam

156 1198 253 1222 mare
283 1199 351 1232 quo
379 1192 570 1232 angustius,
612 1202 655 1224 eo
696 1192 866 1233 periculo·

159 1248 240 1273 sius.

200 1293 240 1322 15
265 1290 398 1330 Poenm]
428 1291 475 1322 Et
503 1290 602 1322 Poeni
633 1291 712 1323 olim
746 1295 866 1331 gentes
884 1329 893 1331 -

156 1349 274 1372 omnes
285 1340 469 1381 navigandi
481 1340 522 1371 ad
537 1340 780 1372 remotissimas
794 1345 862 1372 ter-

154 1398 210 1422 ras
221 1390 330 1430 gloria
339 1393 550 1429 superarunt
565 1400 574 1420 :
589 1389 754 1430 imprimis
768 1389 862 1420 Hau-

153 1448 198 1470 no
215 1439 274 1470 ille
291 1438 610 1479 Carthaginensium
627 1438 710 1478 dux,
729 1438 772 1469 de
793 1448 862 1479 quo

154 1488 282 1529 Pomp.
297 1487 392 1520 Mela
408 1488 469 1519 lib.
485 1497 542 1519 ιιι.
553 1488 646 1519 Torr.
692 1489 800 1529 Neque
813 1490 862 1520 ul·

153 1537 222 1580 m]
246 1537 369 1579 Neque
382 1538 519 1570 aliunde
537 1539 660 1569 metuit
676 1538 862 1579 improvisa

152 1586 240 1628 fata,
254 1587 290 1620 id
305 1591 372 1628 est,
388 1597 500 1630 neque
517 1589 581 1620 sibi
597 1589 720 1621 metuit
735 1589 779 1621 ab
794 1591 861 1622 alio

153 1638 260 1671 exitio
274 1648 375 1680 quam
391 1648 411 1670 a
426 1639 593 1680 Bosporo.

165 1701 173 1706 ’
196 1690 239 1721 16
262 1689 356 1722 cm
370 1689 475 1730 timet]
499 1690 602 1722 caeea
627 1695 742 1722 autem
770 1697 861 1733 sunt,

153 1749 297 1782 quorum
320 1750 431 1772 causae
447 1740 661 1780 ignorantur.
709 1742 861 1774 Praeter·

153 1796 195 1820 ea
219 1789 455 1821 animadverte
479 1790 534 1821 hic
559 1790 757 1832 tribrachyn
782 1794 862 1832 poni

154 1847 217 1877 pro
239 1838 391 1880 dactylo,
421 1842 484 1870 met
507 1839 565 1879 ali,
588 1844 628 1870 ut
653 1849 746 1881 saepe
769 1842 862 1874 alias.

157 1885 306 1919 Lambini.

201 1940 240 1969 17
262 1937 361 1969 Miles
382 1937 536 1978 sagittas]
560 1938 662 1970 Miles
688 1940 862 1972 Romanus

155 1987 256 2019 timet
271 1988 426 2029 sagittas,
438 1993 473 2019 et
484 1990 633 2020 celerem
646 1989 763 2029 fugam
778 1992 861 2022 Par-

153 2037 215 2076 thi,
231 2038 289 2080 qui
306 2037 442 2079 fugiens
461 2044 603 2080 pugnat.
636 2041 728 2072 Vide
746 2051 772 2073 1.
791 2042 860 2074 Od.

154 2090 208 2119 19.

193 2139 239 2169 2⁰
266 2137 324 2170 Vis
351 2138 475 2179 rapuit]
531 2139 599 2170 Sed
630 2139 793 2171 violentia
823 2144 859 2172 et

152 2189 271 2220 mortis
301 2189 490 2220 necessitas
522 2190 612 2230 rapit
638 2200 859 2232 unumquem-

151 2247 218 2280 que
232 2247 323 2270 nunt:
338 2239 416 2277 hoe,
431 2249 523 2272 nuuc
539 2240 623 2272 illud
639 2242 830 2275 timentem.

194 2291 236 2320 21
262 2289 366 2326 Quam
379 2290 471 2331 pene]
495 2291 606 2324 Quam
625 2302 731 2333 parvo
751 2293 857 2325 inter-

153 2338 250 2370 stitio
265 2338 308 2369 ab
325 2338 443 2370 inferis
460 2340 607 2380 abfui‚id
624 2346 692 2382 est,
704 2352 723 2373 a
737 2349 859 2376 morte.

154 2387 270 2419 Fmae
287 2388 501 2429 Proser-prm]
522 2391 531 2406 ‘
549 2391 724 2433 Furvum‚'
748 2398 859 2426 atrum

154 2446 215 2468 sen
227 2438 363 2478 nigrum
379 2448 387 2468 z
412 2439 502 2470 unde
519 2444 555 2471 et
568 2439 698 2472 furtum
715 2442 860 2484 dictum,

154 2487 183 2518 si
201 2487 346 2518 Varroni
361 2488 544 2528 eredimus,
559 2490 650 2531 quod
666 2491 760 2524 fures
784 2499 861 2526 atra

154 2541 258 2568 nocte
274 2535 408 2568 facilius
425 2535 593 2570 furentur.
636 2541 726 2571 Vide
749 2542 858 2575 Gelli-

155 2596 211 2618 um
227 2595 254 2618 1.
271 2588 323 2617 18,
368 2587 378 2604 ⁸
393 2587 527 2618 Flavum
540 2587 550 2601 '
567 2589 669 2620 etiam
684 2600 807 2623 vocare
822 2593 859 2624 li-

155 2637 262 2675 cebit,
276 2636 356 2678 quia
373 2637 462 2667 senis
478 2636 556 2667 anni
572 2638 744 2671 mensibus
768 2642 858 2681 apud

154 2696 297 2728 superos
314 2686 438 2718 versari
453 2686 618 2720 creditur.
642 2689 731 2722 Torr.
777 2691 859 2722 Fur-

153 2746 202 2768 τω
227 2735 340 2777 regna]
374 2736 494 2777 Nigrae
524 2737 754 2779 Proserpina»,
782 2750 859 2782 quae

153 2787 296 2818 Plutoni
310 2796 395 2819 uxor
404 2791 469 2827 est,
479 2785 606 2819 inferni
620 2788 747 2829 regina.
770 2789 858 2823 Vide

154 2846 181 2870 ι.
198 2838 267 2871 Od.
284 2841 338 2870 28.

1506 281 1623 324 1415

962 384 1006 414 22
1028 382 1176 424 AEucum]
1197 383 1340 414 Patrem
1363 381 1519 424 Achillis,
1542 384 1629 418 infea

921 441 1037 464 rorum
1044 432 1229 473 janitorem
1246 436 1282 463 et
1293 431 1470 473 judicem:

966 485 1008 515 23
1033 483 1202 524 Sedeisque
1222 483 1408 524 descriptas,
1429 481 1499 523 elsa]
1534 482 1544 500 ‘
1559 483 1630 515 De«

917 532 1092 564 scribere'
1115 542 1177 574 pro
1190 532 1310 574 partiri
1333 531 1388 563 bio
1412 531 1568 572 sumitur,
1586 541 1627 564 ac

915 588 1014 614 suum
1026 583 1149 624 cuique
1162 583 1275 614 locum
1290 592 1330 614 ac
1343 582 1516 623 regionem
1529 581 1628 613 attri-

917 630 1036 664 bu'ere.
1078 633 1207 664 Verum
1222 632 1426 664 Torrentius
1443 631 1626 673 legendum

917 688 1035 715 censet
1051 684 1222 721 discretam
1234 693 1301 725 quo
1316 692 1383 715 non
1400 687 1468 714 tam
1486 682 1627 714 distine-

918 739 954 765 ta
979 735 1070 766 iuter
1085 743 1122 765 se
1139 743 1180 765 ac
1196 738 1358 775 separata
1375 733 1526 774 priorum
1546 741 1627 763 cona

918 785 996 816 cilia
1011 784 1206 825 significare
1219 785 1326 816 voluit
1335 784 1514 823 Horatius,
1526 791 1625 824 quum

919 836 1114 866 universum
1128 835 1279 876 Elysium
1296 835 1394 874 longe
1412 833 1454 865 ab
1470 833 1528 864 illa
1544 832 1627 864 sede

920 893 1100 918 remotum.
1146 886 1303 926 Sedesque
1315 884 1502 925 descriptas]
1528 883 1627 915 Cam-

921 947 981 978 pos
999 937 1146 978 Elysios,
1171 938 1205 968 iu
1223 936 1346 978 quibus
1361 935 1489 967 umbrae.
1506 934 1627 965 beato-

919 996 991 1018 rum
1010 987 1145 1028 placide
1162 987 1353 1028 quiescunt.
1390 985 1561 1027 [Sedesque
1573 986 1624 1015 ‹le-

918 1041 1020 1069 serlas
1034 1037 1135 1068 codd.
1149 1047 1204 1078 ap.
1218 1036 1358 1077 Jaeck.]

962 1090 1004 1119 24
1028 1087 1284 1130 AEoliisfidibus]
1306 1085 1411 1117 AEolis
1434 1085 1529 1116 dicta
1549 1093 1625 1126 quoe

921 1143 999 1170 ante
1016 1138 1143 1178 Mysia,
1158 1138 1296 1170 minoris
1311 1137 1403 1168 Asiae
1414 1136 1509 1177 regio
1520 1135 1626 1167 notis-

921 1188 1016 1223 sima,
1032 1198 1052 1218 a
1077 1188 1210 1219 Troade
1236 1188 1278 1219 ad
1307 1188 1440 1219 Ionium
1468 1191 1624 1217 extensa.

922 1238 983 1269 Cui
1000 1238 1129 1269 Lesbos
1146 1238 1309 1278 adjacens
1322 1237 1489 1268 uuiversae
1501 1235 1627 1267 Troadi

921 1288 1047 1318 dicitur
1062 1288 1260 1328 imperasse.
1305 1287 1402 1318 Idem
1426 1297 1508 1327 ergo
1521 1285 1626 1317 ΙΕοΙίὀ

918 1347 973 1368 um
1001 1347 1138 1369 carmen
1166 1338 1258 1379 quod
1288 1338 1471 1369 Lesboum.
1528 1338 1625 1368 Bene

916 1396 998 1427 ergo
1009 1387 1176 1419 Horatius
1187 1388 1341 1420 Alcaeum
1352 1394 1387 1420 et
1394 1388 1626 1429 Sapphonem‚

917 1437 1030 1477 Lyrici
1046 1438 1206 1469 carminis
1224 1437 1411 1478 principes,
1434 1437 1509 1477 ipse
1526 1437 1625 1478 Lyri-

915 1496 987 1527 cus‚
1005 1487 1037 1518 in
1052 1487 1171 1528 Elysio
1188 1487 1381 1519 collocavit.
1397 1487 1541 1519 Torrent.
1564 1487 1625 1518 AE·

915 1537 1131 1578 oliisfidibus]
1147 1539 1192 1570 Et
1203 1538 1343 1579 Sappho
1357 1538 1472 1570 Graiis
1485 1538 1624 1569 chordis

915 1594 1200 1621 murmurantem.
1244 1589 1393 1630 Scripsit
1408 1589 1551 1630 Sappho
1566 1589 1623 1620 ΙΕ-

914 1639 1014 1679 elice,
1030 1649 1104 1681 quae
1122 1640 1166 1672 de
1181 1640 1303 1681 puellis
1318 1640 1447 1672 Lesbiis
1463 1639 1625 1680 quereba-

917 1694 985 1728 tur,
1002 1690 1090 1730 quod
1108 1691 1172 1721 sibi
1195 1691 1230 1722 iu
1254 1700 1370 1722 amore
1393 1699 1460 1721 non
1483 1699 1625 1729 respon-

916 1738 1038 1770 derent
1051 1749 1059 1777 ;
1078 1749 1154 1770 nam
1166 1744 1300 1771 mortuo
1316 1749 1376 1771 suo
1390 1739 1525 1773 marito,
1538 1739 1624 1770 mul-

917 1792 968 1819 tas
986 1789 1117 1828 puellas
1132 1794 1167 1820 et
1186 1799 1310 1829 pueros
1329 1789 1516 1825 adamavit,
1531 1788 1622 1820 unde

917 1847 938 1868 a
954 1837 1066 1868 Poeta
1081 1838 1208 1869 dicitur
1231 1844 1240 1858 ‘
1258 1837 1429 1870 mascula?

959 1890 1000 1918 25
1026 1888 1148 1919 Puellis
1173 1890 1211 1919 de
1233 1887 1449 1929 popularibus]
1488 1887 1621 1920 Lesbiis

917 1938 1061 1974 scilicet,
1076 1939 1129 1969 vel
1145 1939 1236 1980 quod
1261 1938 1406 1979 Phaoni,
1430 1947 1530 1980 quem
1547 1938 1622 1980 ipsa

917 1989 1051 2039 perdite
1089 1990 1239 2027 amabat,
1271 1988 1494 2021 adhaerebant
1509 1995 1529 2020 :·
1567 1990 1623 2020 vel

916 2039 1008 2080 quod
1031 2049 1089 2070 eas
1109 2039 1257 2079 turpiter
1282 2040 1412 2070 amanti
1435 2048 1502 2070 non
1524 2039 1622 2071 obse-

915 2094 1112 2129 querentur.
1134 2089 1277 2120 Tor-vent.

957 2142 1000 2171 26
1024 2140 1068 2170 Ec
1090 2142 1120 2171 te
1142 2138 1318 2179 sonantem]
1342 2139 1387 2170 Et
1403 2148 1503 2180 quam
1532 2149 1621 2181 pene

915 2190 1058 2221 vidimus
1075 2195 1123 2227 te,
1149 2200 1169 2221 o
1186 2189 1318 2229 AIcaee,
1339 2191 1414 2230 lyra
1440 2196 1622 2222 canentem

914 2239 999 2270 dura
1011 2241 1100 2271 mala
1109 2241 1350 2281 navigationis,
1362 2239 1466 2281 fugae,
1479 2247 1514 2271 et
1529 2241 1622 2277 belli,

912 2300 1015 2322 aureo
1033 2293 1180 2331 plectro,
1197 2291 1232 2322 id
1245 2296 1310 2330 est,
1320 2292 1622 2332 excellentistylo,

912 2350 980 2382 quo
998 2346 1160 2382 tyrannos
1189 2352 1226 2373 es
1251 2342 1452 2374 insectatus.
1499 2342 1621 2373 Sonan-

914 2394 978 2423 iem
999 2392 1140 2433 plenius]
1172 2393 1255 2424 Cum
1285 2393 1329 2423 ob
1361 2393 1490 2433 ingenii
1522 2393 1619 2427 vires,

916 2447 986 2471 tum
1007 2442 1051 2472 ob
1074 2442 1226 2473 materiae
1250 2442 1469 2481 gravitatem.
1514 2442 1621 2473 Aureo

911 2491 1045 2532 plectro]
1066 2491 1149 2522 Eam
1178 2490 1290 2522 Alcaei
1316 2501 1459 2531 operum
1486 2497 1619 2531 partem

914 2541 969 2571 hic
985 2541 1159 2579 intelligit,
1173 2540 1208 2570 in
1224 2550 1293 2581 qua
1314 2542 1324 2558 ‘
1337 2549 1441 2571 aureo
1458 2539 1621 2570 donatum

915 2589 1066 2631 plectro’
1084 2589 1315 2622 Quintilianus
1331 2599 1408 2620 eum
1425 2588 1485 2620 ait.
1507 2589 1618 2621 Quam

915 2639 1107 2680 poematum
1120 2644 1253 2679 partem
1268 2639 1392 2669 Strabo
1407 2638 1464 2669 lib.
1479 2647 1562 2669 xm.
1579 2649 1621 2670 ea

914 2689 1121 2721 continuisse
1145 2693 1306 2727 testatur,
1320 2698 1394 2729 quae
1422 2691 1464 2720 ad
1489 2689 1622 2720 domes-

914 2741 1000 2771 ticas
1017 2738 1204 2771 seditiones
1229 2748 1270 2770 ac
1295 2744 1456 2780 tyrannos
1470 2740 1617 2779 pertine-

916 2790 1011 2821 bant.
1056 2788 1190 2821 Quibus
1203 2787 1436 2820 describendis
1449 2789 1500 2821 sic
1513 2789 1619 2830 poeta

914 2841 1112 2872 illenatura
1127 2839 1240 2880 gravis
1255 2839 1379 2879 eutuit,
1398 2844 1435 2871 ut
1447 2842 1616 2872 communi
