1930 3204
469 310 674 341 HORATH
707 309 988 341 SERMONUM
1025 310 1122 340 mn.
1155 310 1186 340 1.
1218 300 1260 339 l·

488 611 908 665 SERMONUM
963 611 1107 660 LIB.

125 773 264 806 San-vn.
278 782 304 806 1.
348 772 526 806 Invehitur
538 772 683 814 primum
696 772 729 804 in
746 781 825 814 pra-

169 834 245 856 vam
259 823 430 856 hominum
446 822 739 862 consuetudinem,
758 831 826 864 qua

168 873 220 915 fit,
232 879 274 906 nt
288 882 458 915 nunqnam
475 883 537 905 sua
553 878 646 904 sorte
661 873 731 904 sint
746 881 826 904 con-

166 923 268 960 tenti,
283 933 348 955 nec
363 923 397 955 in
413 932 475 955 suo
490 923 571 954 vitae
588 922 746 954 instituto
763 922 828 953 sibi

125 975 128 979 '
169 974 348 1014 placeant,
358 972 420 1004 sed
443 973 593 1004 alienum
617 981 677 1003 suo
701 970 831 1003 antefe-

147 1037 154 1045 ·
170 1027 310 1062 rant,‘et
323 1032 392 1053 snae
400 1021 611 1053 conditionis
627 1031 762 1062 semper
774 1030 833 1053 eos

162 1072 354 1113 ,poenitean
399 1070 533 1103 Deinde
546 1071 737 1107 avaritiam,
753 1080 834 1112 cap-

131 1130 133 1132 ·
173 1127 211 1154 ta
235 1131 278 1154 ex
305 1122 370 1153 boc
395 1131 552 1153 sermone
575 1121 770 1162 occasione,
785 1121 835 1152 in·

175 1177 342 1204 sectatur.

175 1221 263 1253 Haec
293 1222 405 1254 altera
434 1227 488 1253 est
517 1221 671 1263 Operum
698 1220 835 1256 Horatii

130 1281 226 1313 pars,
242 1273 349 1314 priori
372 1277 409 1304 et
433 1275 646 1313 argumento,
664 1275 699 1303 et
715 1271 835 1303 carmi·

131 1324 186 1354 nis
202 1323 291 1364 lege,
304 1327 339 1354 et
353 1323 433 1363 styli
448 1327 523 1353 arte
534 1322 678 1353 multum
691 1321 834 1353 dissimi-

131 1372 194 1405 lis:
220 1376 295 1404 tota
317 1372 408 1403 euim
422 1371 557 1402 humilis
571 1375 677 1412 atque
693 1371 833 1402 submis-

130 1431 182 1462 sa,
213 1426 250 1454 et
285 1421 535 1463 quodammodo
563 1420 733 1461 pedestris
768 1425 833 1453 est.

131 1471 262 1504 Merito
279 1472 382 1512 igitur
397 1472 470 1503 illas
487 1471 573 1503 Odas
584 1471 654 1502 sive
671 1471 834 1510 Carmina,

130 1522 192 1554 hos
203 1522 368 1555 Sermones
379 1522 602 1563 appellamus.
626 1521 761 1552 Eximia
777 1531 832 1553 ve·

130 1581 170 1604 ro
183 1572 305 1604 Poetae
323 1572 427 1604 nostri
442 1572 532 1612 laus,
543 1572 578 1602 in
595 1575 740 1613 utroque
751 1572 834 1603 scri·

130 1621 235 1657 bendi
263 1631 390 1663 genere
417 1621 468 1654 sic
493 1621 709 1662 excelluisse,
737 1627 777 1653 ut
799 1622 834 1653 in

133 1673 222 1706 Odis
250 1674 368 1705 vincat
393 1681 522 1710 omnes,
553 1673 587 1703 in
615 1672 836 1703 Sermouibus

133 1723 215 1754 nulli
231 1722 346 1755 cedat.
388 1722 552 1753 Sermones
566 1726 680 1752 autem
692 1730 769 1752 cum
787 1722 836 1752 di-

131 1772 257 1810 cimus,
287 1771 448 1811 Epistola
475 1770 592 1808 etiam,
619 1774 721 1811 atque
752 1770 838 1801 adeo

133 1821 227 1853 illam
244 1830 381 1863 quoque
395 1829 472 1860 quae
489 1819 532 1850 ad
549 1819 697 1850 Pisones
719 1819 838 1850 inscri-

134 1871 243 1909 bitur,
257 1869 589 1910 comprehendimu&
623 1870 838 1910 Quamquam

137 1920 227 1951 enim
257 1919 309 1950 11ae
336 1919 463 1960 majore
487 1927 571 1950 cura
595 1927 635 1950 ac
659 1918 840 1958 diligentia

137 1969 342 2009 conscriptae
359 1973 451 2008 sunt,
475 1967 540 2000 hoc
565 1967 606 1999 ad
625 1978 695 2000 rem
711 1969 839 2009 potius,

137 2029 237 2062 qnam
262 2024 404 2059 tractat,
426 2017 643 2053 referendum
664 2024 736 2050 est:
761 2029 838 2050 nam

135 2069 171 2100 in
187 2069 336 2101 numeris
353 2072 412 2100 aut
425 2067 529 2103 nulla,
548 2072 608 2100 aut
618 2069 741 2110 exigua
757 2078 839 2100 sane

136 2116 333 2150 differentia
357 2121 421 2150 est.
467 2117 589 2149 otiosa
611 2118 711 2149 etiam
734 2118 777 2149 de
799 2119 838 2149 li·

134 2169 274 2201 brorum
303 2167 423 2199 ordine
449 2167 638 2209 disputatio
661 2173 736 2200 est:
760 2178 836 2200 nam

135 2223 176 2250 nt
201 2219 337 2250 occasio
364 2217 512 2258 ferebat,
535 2218 584 2250 sic
612 2218 724 2251 Poe'ta
747 2229 838 2251 nunc

138 2268 250 2302 odam
266 2268 425 2310 aliquam,
438 2277 528 2299 nunc
540 2268 736 2300 Sermonem
747 2279 838 2300 com-

135 2318 270 2359 posuit;
298 2318 387 2358 quod
403 2327 444 2348 ex
461 2317 621 2357 historiis,
635 2328 720 2359 quas
738 2319 839 2350 modo

135 2369 207 2410 hic,
218 2368 318 2399 modo
333 2367 404 2399 illic
415 2367 567 2407 attingit,
577 2367 680 2398 facile
694 2372 841 2400 constat.

138 2417 264 2460 &tyre
286 2427 408 2448 nomen
432 2417 486 2448 vel
503 2426 524 2448 a
540 2417 639 2448 lance
659 2418 711 2448 vel
730 2428 749 2448 a
763 2418 841 2459 lege

140 2469 267 2510 Satyra
283 2468 412 2499 desumi
423 2468 564 2499 malunt.
594 2467 647 2499 Ac
663 2468 744 2500 satis
759 2478 839 2500 con-

141 2523 213 2551 stat
243 2518 371 2560 Satyroe
398 2518 471 2549 sive
496 2517 622 2549 Sutura
647 2526 766 2549 nomen
791 2518 840 2550 sic

142 2569 302 2609 usurpari
325 2568 446 2603 solere,
467 2573 507 2598 ut
525 2566 671 2598 mixtura
686 2566 841 2608 quaedam

142 2618 239 2650 varia
257 2622 359 2658 atque
374 2616 568 2648 inordinata
593 2625 706 2647 rerum
721 2625 762 2646 eo
777 2617 843 2655 sig-

141 2667 351 2701 nificaretur.
393 2666 462 2698 Sed
484 2675 545 2696 nos
571 2665 766 2706 Satyrorum
793 2665 842 2696 di-

142 2717 295 2758 cacitati,
323 2717 456 2758 Satyrae
481 2720 608 2748 nostrae
636 2724 760 2746 nomen
785 2725 840 2746 ae-

143 2774 281 2810 ceptum
294 2766 503 2798 referamus:
519 2765 606 2797 unde
621 2763 770 2806 ἄνθρωποι
780 2767 839 2798 Σα-

142 2817 258 2859 τνρικοὶ
271 2818 338 2849 τοῖς
350 2816 440 2856 βίοις,
455 2815 539 2847 dicti
552 2815 698 2856 Graecis,
714 2815 768 2856 qui
779 2815 840 2846 Sa-

1467 299 1577 340 1587

1166 611 1212 659 Ι.

879 774 1030 811 tyrorum
1046 778 1152 807 more,
1170 767 1244 810 pari
1261 767 1399 799 licentia
1415 770 1450 799 et
1466 767 1586 808 loque-

881 823 1001 852 rentur
1012 823 1049 851 et
1065 819 1234 851 viverent.
1263 817 1343 849 Vid.
1362 817 1490 849 Florid.
1503 818 1585 849 Suc-

880 871 940 903 ciss
958 879 984 903 1.
1001 873 1054 902 15.
1071 875 1108 902 et
1123 879 1183 902 ιιι.
1200 872 1232 901 8.
1260 868 1405 900 Tor-rent.

925 924 943 952 1
970 922 1034 958 Qui
1048 921 1094 963 fit
1122 919 1298 960 Moecenas]
1323 921 1490 953 Quaerens
1518 918 1590 950 Ho-

883 972 991 1004 ratius
1008 982 1070 1004 cur
1089 981 1189 1003 nemo
1207 981 1268 1002 sua
1284 975 1377 1002 sorte
1394 973 1590 1007 contentus,

885 1032 956 1054 rem
973 1022 1109 1064 quidem
1125 1023 1176 1054 ita
1192 1031 1227 1053 se
1243 1021 1373 1052 habere
1396 1020 1508 1050 multis
1532 1028 1592 1050 ex·

885 1073 1007 1114 emplis
1037 1071 1202 1107 ostendit,
1236 1070 1446 1112 propositam
1477 1074 1591 1100 tamen

885 1124 1110 1165 quaestionem
1126 1127 1247 1164 aperte
1264 1131 1330 1154 non
1347 1120 1501 1152 dissolvit
1517 1129 1526 1157 ;
1543 1119 1594 1150 in·

887 1174 982 1206 dicat
997 1180 1131 1206 tantum
1147 1174 1247 1215 hujus
1264 1172 1367 1204 animi
1378 1168 1593 1212 aegritudinis

888 1234 1040 1256 caussam
1058 1233 1132 1256 esse
1149 1224 1338 1259 avaritiam,
1361 1223 1442 1262 late,
1471 1227 1507 1252 ut
1530 1229 1594 1261 ego

888 1274 1024 1315 quidem
1041 1274 1203 1313 arbitror,
1217 1277 1363 1313 accepto
1387 1275 1396 1290 ‘
1409 1271 1575 1303 Avaritiae
1585 1269 1593 1282 ’

889 1323 1068 1356 vocabulo.
1115 1324 1238 1364 Neque
1251 1322 1341 1354 enim
1355 1321 1510 1362 pecuniae
1521 1324 1596 1351 tan-

889 1377 959 1404 tum
975 1372 1066 1404 avidi
1082 1382 1211 1411 sumus,
1235 1371 1295 1403 sed
1319 1372 1352 1402 in
1373 1381 1434 1402 suo
1448 1371 1594 1412 quisque

887 1422 970 1454 vitae
987 1431 1127 1462 genere,
1143 1426 1180 1453 ut
1197 1421 1262 1453 sibi
1285 1421 1372 1452 bene
1389 1421 1434 1452 sit
1457 1418 1595 1451 efficere

889 1472 1044 1511 studens,
1057 1472 1122 1503 illis
1136 1472 1255 1512 quibus
1267 1471 1387 1502 melius
1398 1480 1472 1502 esse
1482 1475 1595 1511 putat,

887 1521 1019 1553 invidet
1053 1526 1223 1562 tamquam
1251 1520 1472 1560 felicioribus,
1502 1519 1597 1551 ideo-

886 1581 952 1613 que
974 1571 1201 1612 praesentibus
1227 1580 1411 1612 numquam
1443 1570 1597 1612 acquies-

889 1623 949 1654 cit.
996 1621 1095 1653 Unde
1127 1621 1225 1653 labor
1256 1626 1293 1652 et
1328 1621 1498 1657 molestia,
1530 1630 1596 1652 non

889 1672 979 1713 quod
993 1676 1164 1711 susceptae
1177 1671 1261 1702 vitae
1276 1679 1415 1711 prorsus
1428 1671 1594 1710 poeniteat

891 1721 1043 1762 (assueta
1056 1722 1146 1751 enim
1163 1730 1228 1751 non
1241 1719 1342 1751 facile
1357 1719 1597 1760 relinquimus)

892 1770 952 1801 sed
980 1770 1058 1810 quia
1083 1770 1163 1800 dum
1189 1769 1274 1800 alios
1298 1769 1482 1807 intuemur,
1504 1778 1598 1800 more

892 1819 1052 1859 humano,
1066 1819 1186 1857 nostri,
1201 1818 1288 1859 qnod
1305 1818 1414 1859 inquit
1427 1818 1598 1855 Comicus,

893 1874 1024 1900 nosmet
1051 1869 1208 1909 poenitet.
1251 1868 1308 1899 De
1329 1867 1393 1898 hac
1409 1867 1513 1908 igitur
1529 1878 1598 1899 mo-

895 1919 1088 1950 rositate'ac
1098 1917 1202 1949 taedio
1215 1917 1360 1958 quodam
1371 1917 1422 1948 sui
1432 1917 1599 1959 (sumpis-

892 1978 986 2006 τησιν
1001 1968 1178 2009 appellant
1195 1965 1330 2007 Graeci)
1354 1966 1419 1998 hoc
1437 1968 1598 1999 Sermone

894 2019 967 2058 agit
989 2018 1166 2050 Horatius.
1194 2016 1284 2049 Torr.
1332 2017 1397 2052 Qui
1411 2017 1474 2058 fit]
1505 2018 1598 2051 Quo-

892 2068 994 2100 modo
1010 2068 1048 2100 fit
1062 2068 1074 2098 ?
1119 2067 1259 2108 Sortem]
1296 2067 1388 2098 Vitae
1417 2067 1599 2108 professio-

891 2128 982 2149 nem.

934 2169 956 2197 2
978 2166 1043 2198 Seu
1057 2165 1140 2196 ratio
1155 2164 1293 2205 dederit]
1331 2165 1372 2196 In
1399 2166 1598 2206 rationeju-

891 2216 1017 2247 dicium
1035 2219 1137 2257 atque
1149 2215 1295 2247 dilectus
1311 2219 1377 2247 est.
1422 2215 1522 2248 Quod
1535 2216 1598 2258 igi-

893 2270 949 2297 tur
964 2276 1006 2297 ea
1021 2265 1110 2297 duce
1131 2265 1211 2297 vitae
1234 2265 1384 2297 studium
1412 2266 1597 2307 sequimur,

892 2315 957 2347 hoc
987 2315 1031 2347 ab
1057 2316 1115 2346 illa
1142 2315 1351 2356 propositum
1379 2315 1597 2356 delatumque

894 2374 1035 2397 assensu
1058 2369 1176 2396 nostro
1201 2365 1462 2406 amplectimur3
1489 2365 1598 2406 atqui

896 2415 989 2445 nullo
1005 2414 1124 2446 ordine
1135 2418 1195 2445 aut
1205 2414 1455 2446 deliberatione
1468 2414 1597 2445 ducun-

897 2469 964 2504 tur,
989 2463 1034 2504 hi,
1057 2463 1146 2504 qnod
1163 2473 1206 2494 ex
1220 2463 1400 2495 occasione
1415 2464 1564 2503 rapiunt,
1577 2472 1597 2493 a

894 2514 1033 2545 fortuna
1049 2518 1180 2545 temere
1192 2513 1363 2554 objectum
1377 2517 1506 2544 tenent.
1529 2513 1597 2544 Ve-

897 2571 951 2596 tus
968 2569 1083 2595 autem
1097 2563 1274 2603 interpres
1290 2562 1434 2594 Poetam
1451 2562 1492 2593 ad
1509 2562 1598 2594 Stoi-

894 2624 952 2647 cos
968 2619 1070 2655 atque
1087 2613 1275 2653 Epicureos
1293 2613 1463 2653 respicere
1479 2613 1598 2644 existi-

894 2670 976 2704 mat,
992 2673 1134 2706 quorum
1146 2662 1195 2694 illi
1211 2662 1322 2693 omnia
1338 2661 1437 2694 fatali
1450 2663 1594 2704 quadam

894 2714 1026 2745 ratione
1049 2711 1124 2744 fieri
1139 2712 1272 2750 volunt,
1299 2711 1331 2742 hi
1356 2721 1437 2743 casu
1465 2722 1503 2744 ac
1528 2711 1594 2744 for·

894 2764 1003 2803 tuito;
1022 2773 1098 2805 quae
1111 2762 1189 2794 mihi
1207 2762 1380 2794 sententia
1393 2771 1460 2794 non
1477 2762 1593 2803 displi-

895 2819 962 2845 cet.
1007 2814 1052 2845 Et
1081 2812 1240 2844 Lambino
1270 2812 1404 2853 quidem
1435 2813 1498 2844 hoc
1520 2814 1593 2845 loco
