1930 3204
410 273 520 315 1576

412 373 505 406 Nihil
522 378 632 405 tamen
648 376 751 411 vetat,
765 373 845 414 quin
861 375 1016 407 turbinem
1031 385 1091 416 pro

411 422 548 453 rhombo
564 423 635 461 ipso
651 423 789 461 magico,
808 431 872 462 quo
894 423 936 454 ad
963 433 1090 455 amores

411 470 592 501 utebantur
610 469 780 510 veneticae,
794 471 1009 511 accipiamus.
1046 473 1091 503 ll-

410 519 467 550 lud
483 519 571 549 enim
587 518 755 558 Graecum,
777 519 838 551 hoc
853 520 1008 551 Latinum
1030 525 1092 552 est.

410 568 455 598 Et
467 570 551 596 retro
563 576 621 597 seu
635 569 644 584 ‘
658 571 840 598 retrorsum
856 568 1011 604 solvere,'
1026 578 1091 600 non

410 616 525 655 inepte
549 615 856 655 interpretabimur,
886 626 946 656 pro
970 617 1091 648 sistere

411 669 512 703 atque
529 663 747 704 agitationem
762 665 852 696 illam
868 665 1092 705 inhibere,vel

412 717 621 752 convertere,
631 718 667 743 ut
678 717 712 743 et
725 713 779 743 ille
791 714 844 744 cui
860 714 986 745 malurn
998 724 1093 754 para·

413 761 515 792 batur
536 762 658 801 agitari
686 761 828 793 desinat.
854 763 955 794 Ovid.
978 763 1093 795 Amor.

411 818 436 841 1.
451 812 484 840 8.
506 809 548 840 de
567 810 680 841 Lena:
705 814 713 828 ‘
726 811 797 842 Scit
820 811 906 841 bene
923 812 1003 850 quid
1020 821 1093 851 gra·

411 866 503 895 men,
525 858 604 898 quid
636 862 725 889 torto
748 859 883 890 concita
909 859 965 890 filo
990 859 1092 894 Licin,

411 905 491 945 quid
515 906 625 937 valeat
649 906 737 937 virus
763 907 903 938 amantis
919 906 1037 948 equae.5
1058 911 1095 938 et

411 953 569 992 Propert.
596 963 644 984 iv.
668 957 699 984 6.
736 955 933 985 ‘staminea
969 954 1094 985 rhombi

410 1000 544 1031 ducitur
566 1001 624 1032 ille
649 1001 744 1032 rota.'
788 1001 947 1032 ‘Rotam’
973 1011 1096 1032 vocans

411 1058 476 1080 non
486 1049 530 1080 ab
545 1050 756 1082 instrumenti
769 1051 906 1090 magici,
918 1052 1008 1091 quod
1023 1052 1095 1082 dix-

412 1097 508 1132 imus,
532 1096 651 1136 forma,
673 1099 731 1129 sed
755 1099 797 1128 ab
826 1099 1007 1138 agitatione
1023 1100 1097 1140 ipsa

412 1147 518 1177 instar
534 1151 627 1177 rotae.
660 1146 759 1177 Unde
773 1148 782 1163 ‘
797 1147 983 1178 rhombum'
996 1148 1096 1179 etiam

412 1196 422 1212 ‘
446 1194 618 1226 trochum’
643 1195 806 1235 appellari
847 1195 894 1226 ait
932 1196 1097 1236 interpres

411 1243 592 1275 Theocriti.
627 1243 719 1274 Male
735 1248 847 1275 autem
861 1243 919 1284 qui
933 1253 994 1284 pro
1010 1249 1018 1262 ‘
1031 1249 1098 1275 sta·

412 1291 554 1327 minea‚'
589 1297 597 1309 ¹
619 1291 798 1323 straminea
818 1291 827 1304 '
868 1293 938 1324 illic
967 1293 1097 1333 legunt.

412 1339 618 1371 Pererudite
667 1349 746 1371 vero
787 1341 921 1372 [areret.
962 1341 1020 1372 lib.
1047 1351 1097 1374 vr.

414 1387 627 1419 ‘Traxerunt
667 1389 745 1419 torti
775 1389 904 1427 magica
933 1390 1096 1430 vertigine

414 1434 487 1472 fili:
521 1436 530 1451 ¹
544 1436 730 1466 Rhombum
744 1436 753 1450 ’
778 1440 1016 1478 περιφραση-ικῶς
1039 1439 1096 1471 de·

413 1482 574 1515 scribens.
609 1483 709 1514 Unde
724 1490 760 1515 et
774 1486 783 1503 ⁸
799 1486 896 1517 turbo
908 1486 917 1501 ’
932 1491 1026 1518 recte
1038 1496 1096 1527 ap-

413 1532 559 1571 pellatur
580 1532 622 1563 ab
651 1532 817 1565 Horatio:
839 1543 906 1574 quo
934 1535 1096 1566 vocabulo

412 1580 508 1619 Virg.
522 1585 558 1611 et
571 1580 644 1611 Tib.
661 1589 721 1620 pro
736 1581 958 1614 instrumento
973 1583 1096 1614 lusorio

414 1629 464 1659 usi
475 1633 565 1659 sunt.
591 1628 681 1659 Solve
693 1630 860 1670 turbinem]
878 1631 983 1662 Retro
993 1633 1096 1666 solve,

414 1677 468 1706 vel
478 1675 533 1715 (ut
542 1675 598 1706 alii
615 1676 746 1716 volunt)
761 1682 851 1708 retro
866 1679 975 1716 volve,
986 1679 1020 1709 id
1035 1684 1100 1718 est,

413 1729 574 1755 converte
584 1725 616 1754 in
625 1725 824 1756 contrariam
838 1731 965 1766 partem
978 1728 1100 1759 Rhom-

414 1774 492 1805 bum
508 1774 672 1814 magicum
687 1784 753 1815 quo
767 1780 912 1807 mentem
923 1785 1028 1808 meam
1041 1777 1100 1808 ob-

411 1822 535 1862 ligasti,
549 1823 639 1854 etad
665 1833 811 1856 amorem
826 1826 918 1867 quasi
935 1825 1099 1867 vertigine

415 1871 555 1911 quadam
579 1871 731 1912 coegisti.

455 1923 476 1951 8
515 1921 619 1951 Movit
642 1924 778 1961 nepotem
810 1923 970 1962 Telephus]
1001 1924 1100 1955 Tele-

415 1969 499 2007 phus
510 1969 682 2008 Mysorum
704 1978 763 2000 rex
779 1969 820 2000 ad
835 1970 1100 2002 misericordiam

413 2015 510 2047 flexit
524 2015 700 2056 Achillem,
722 2017 818 2056 cujus
833 2023 954 2058 mater,
971 2019 1100 2054 Thetis,

415 2064 522 2094 Nerei
537 2064 602 2096 fuit
612 2064 691 2096 filia.
722 2066 882 2106 Telephus]
903 2068 987 2098 Cum
1002 2069 1099 2099 Grae-

416 2120 473 2141 cos
489 2112 627 2150 Trojanr
643 2116 801 2151 petentes
818 2115 909 2153 regni
923 2115 975 2145 sui
990 2119 1099 2146 trans-

415 2159 466 2190 itu
495 2159 701 2198 prohiberet,
726 2161 872 2199 graviter
897 2161 941 2191 ab
967 2161 1099 2193 Achille

414 2207 618 2244 vulneratus,
642 2216 702 2237 nec
725 2207 755 2237 ei
780 2208 910 2239 vulneri
932 2209 1098 2240 medelam

415 2254 600 2292 inveniens,
627 2255 776 2286 consulto
800 2256 935 2287 tandem
951 2258 1098 2294 oraculo,

414 2311 611 2342 responsum
634 2303 729 2339 tulit*
761 2303 799 2333 Ὃ
829 2303 948 2343 τρώσας
970 2303 1099 2336 ἰάσεται.

414 2351 563 2391 Supplex
588 2351 700 2391 ltaque
711 2350 836 2382 Achilli
861 2351 984 2391 factus,
999 2353 1034 2384 id
1057 2354 1100 2385 ab

414 2400 489 2440 ipso
506 2399 639 2440 quidem
663 2400 868 2440 impetravit,
883 2401 942 2432 sed
963 2411 1099 2443 quomo-

414 2449 458 2480 do
470 2450 644 2480 restitutus
656 2449 700 2480 sit
713 2449 905 2490 ambigitur.
948 2450 1101 2483 Commu-

413 2498 489 2528 nior
510 2497 622 2537 opinio
646 2501 700 2528 est
722 2497 895 2538 ferrugine
911 2499 954 2529 ab
977 2500 1099 2539 hastae,

415 2556 479 2586 qun
500 2547 592 2577 illum
616 2547 759 2586 laeserat,
786 2547 925 2588 cuspide
946 2548 1101 2590 decussa,

414 2595 580 2627 Achillem
595 2595 629 2626 id
651 2595 854 2636 praestitisse.
896 2597 994 2629 Unde
1018 2604 1100 2634 nata

415 2643 532 2674 Poetis
547 2644 692 2684 occasio,
707 2649 744 2675 ut
757 2649 792 2675 et
807 2645 925 2677 vulnus
938 2650 973 2678 et
985 2647 1098 2679 vulne-

415 2691 462 2720 ris
484 2691 681 2723 medicinam
703 2692 814 2723 eidem
841 2693 944 2725 hastae
974 2693 1098 2726 tribue-

418 2742 503 2770 rent.
558 2740 626 2771 Alii
651 2749 730 2773 vero
755 2740 858 2773 herba
893 2742 935 2774 ab
965 2741 1099 2774 Achille

862 284 999 314 NOTAE
1032 284 1286 315 VARIORUM
1328 286 1379 315 ΙΝ

1140 377 1287 417 inventa,
1298 386 1396 417 quam
1410 376 1587 408 Achilleon
1604 381 1640 408 et
1653 377 1820 410 Sideritim

1141 431 1272 461 vocant,
1289 430 1439 456 curatum
1456 427 1561 459 aiunt.
1603 426 1692 458 Hine
1707 426 1820 468 itaque

1141 477 1175 503 et
1189 472 1354 511 Τηλέφειον
1367 472 1468 510 ἕλκος,
1484 478 1519 505 et
1527 472 1696 513 Τηλέφειον
1707 476 1822 515 wine,

1140 522 1227 560 apud
1258 522 1403 553 medicos
1430 532 1491 562 pro
1517 523 1630 553 ulcere
1658 523 1729 555 sive
1751 525 1822 555 vul-

1141 579 1221 600 nere
1235 571 1433 611 inveterato,
1446 576 1548 612 atque
1562 571 1688 603 difficili
1702 582 1710 603 :
1734 572 1822 613 quod

1141 618 1317 658 Χειρῶνειον
1331 621 1516 659 appellant,
1531 621 1602 652 sive
1629 620 1718 661 quod
1743 621 1822 652 Chi—

1142 675 1202 696 ron
1217 667 1340 706 primus
1355 669 1434 698 talia
1450 669 1629 708 sanaverit,
1647 669 1719 700 nive
1734 669 1823 710 quod

1141 714 1292 746 Chironis
1308 721 1379 747 arte
1392 717 1464 756 ejus
1473 717 1653 758 discipulus
1662 716 1825 757 Achilles,

1142 763 1371 803 experimento
1391 765 1541 804 Telephi.
1582 765 1822 805 [Schoenborn.

1141 813 1173 842 2.
1199 811 1340 852 Telephos
1355 813 1536 845 Nereidum.
1586 814 1731 854 Guelph.
1751 814 1824 844 Mo-

1122 860 1127 867 '
1142 863 1192 890 tet
1205 869 1237 890 n.
1262 861 1406 901 Telephus
1420 861 1594 902 Neretum]

1183 910 1205 938 9
1228 908 1399 940 ordinarat
1423 911 1563 951 agmina]
1587 911 1628 942 In
1654 920 1751 952 quem
1774 910 1823 942 in-

1143 958 1313 986 struxerat
1334 957 1533 988 exercitum.
1744 992 1747 996 ,

1186 1006 1224 1034 11
1253 1004 1378 1034 Unxere
1391 1005 1518 1044 matres]
1532 1006 1622 1045 Ungi
1636 1006 1736 1038 solitu
1751 1016 1824 1039 cor-

1144 1060 1226 1091 pora
1245 1050 1479 1083 defunctorum
1493 1058 1568 1093 post
1579 1053 1750 1094 lotionem,
1762 1055 1826 1085 eti-

1144 1110 1196 1131 am
1216 1101 1455 1142 antiquissimis
1473 1103 1689 1143 temporibus,
1702 1111 1745 1134 ex
1759 1103 1825 1134 Mi-

1145 1150 1218 1180 seni
1243 1150 1331 1190 apud
1360 1150 1686 1190 Virgilium·funere
1709 1156 1826 1193 aperte

1145 1203 1287 1230 constat.
1331 1199 1438 1230 Recte
1462 1199 1575 1240 itaque
1589 1200 1728 1232 Flaccus
1751 1210 1828 1231 nos-

1146 1251 1199 1278 ter
1228 1247 1399 1279 Canidiam
1429 1248 1632 1288 lepidissima
1660 1248 1827 1280 derisione

1147 1299 1197 1327 tot
1226 1296 1396 1336 tantisque
1419 1297 1583 1337 exemplis
1607 1297 1736 1329 mollire
1771 1306 1829 1328 voa

1147 1345 1232 1384 lens,
1257 1345 1414 1376 Hectoris
1440 1355 1575 1386 corpus,
1595 1347 1732 1378 canibus
1761 1346 1828 1377 avi-

1146 1392 1274 1433 busque
1292 1394 1364 1433 jam
1380 1393 1736 1433 destinatum,Prinmi
1752 1401 1827 1434 pre-

1145 1441 1238 1472 cibus
1265 1441 1308 1472 ab
1330 1441 1458 1473 Achille
1487 1442 1714 1482 impetratum,
1742 1445 1778 1472 et
1807 1450 1828 1471 a

1145 1489 1291 1527 Trojanis
1313 1489 1506 1521 mulieribus
1531 1494 1683 1521 curatum
1708 1498 1756 1520 ac·
1776 1497 1827 1520 se·

1146 1537 1290 1576 pulturoe
1318 1537 1476 1568 traditum
1498 1542 1625 1578 narrat,
1641 1547 1680 1570 ac
1708 1537 1829 1569 Poeta-

1146 1593 1219 1614 rum
1235 1593 1326 1616 more
1347 1595 1366 1616 a
1387 1590 1484 1625 parte
1503 1590 1611 1617 totum
1626 1586 1827 1626 significans.

1150 1633 1285 1668 Unxere,
1316 1633 1434 1673 inquit,
1472 1637 1587 1665 matres
1614 1635 1698 1671 Ilioe,
1726 1635 1828 1666 verbo

1147 1680 1281 1720 quidem
1309 1682 1318 1699 ‘
1336 1681 1492 1712 unctum’
1530 1683 1744 1723 solummodo,
1767 1683 1829 1714 ned

1148 1728 1271 1767 reipsa,
1292 1728 1362 1759 sive
1382 1727 1563 1768 sententia,
1577 1731 1703 1762 solenni
1717 1732 1830 1772 gentis

1150 1784 1241 1806 more
1255 1777 1423 1816 sepultum
1433 1777 1623 1808 ostendens.
1650 1778 1740 1809 Vide
1753 1778 1830 1810 Mu-

1150 1828 1260 1855 retnm
1267 1824 1442 1856 variarum
1453 1826 1550 1857 Lect.
1560 1834 1616 1857 nr.
1626 1829 1679 1858 19.
1687 1826 1754 1858 Alii
1763 1827 1831 1868 leg.

1148 1873 1266 1904 luxere.
1308 1872 1432 1912 [Codd.
1447 1883 1502 1914 ap.
1514 1874 1636 1914 Jneck‚
1658 1875 1731 1907 111·ae
1742 1877 1832 1907 adde·-

1149 1926 1224 1954 tum.
1268 1922 1413 1963 Guelph.
1433 1923 1504 1955 Ilia
1517 1924 1708 1964 adduc-tuma

1193 1973 1233 2001 12
1255 1971 1465 2012 Homicidam]
1501 1972 1659 2004 Graecnm
1688 1973 1831 2005 vocabu-

1149 2019 1217 2050 lum
1233 2020 1421 2059 exprimere
1441 2025 1579 2052 conatus
1592 2025 1654 2057 est,
1673 2021 1732 2052 sed
1747 2020 1832 2052 infe-

1148 2067 1271 2102 liciter.
1287 2067 1314 2098 si
1330 2068 1486 2107 loquendi
1497 2078 1592 2099 usum
1604 2068 1832 2109 respiciamus.

1149 2114 1332 2154 ἀνδροφόνος
1359 2115 1447 2145 enim
1477 2116 1621 2147 virorum
1651 2117 1684 2147 in
1715 2117 1831 2156 praelio

1149 2161 1401 2192 interfectorem
1444 2161 1635 2200 significat:
1681 2163 1832 2195 homicida

1149 2209 1302 2240 sicarium
1321 2209 1446 2249 potius,
1465 2213 1523 2241 aut
1543 2211 1719 2243 latronem.
1762 2212 1830 2243 Ho-

1148 2257 1292 2288 micidum
1311 2257 1490 2297 Hectorem]
1524 2258 1706 2290 Hominum
1729 2260 1832 2292 inter-

1150 2304 1328 2343 sectorem,
1353 2304 1387 2335 id
1410 2309 1475 2344 est,
1497 2305 1604 2336 virum
1635 2306 1830 2339 bellicosum

1148 2353 1322 2392 iutelligit.
1362 2352 1521 2383 Hectoris
1550 2353 1694 2385 cadaver
1720 2355 1763 2386 ab
1785 2355 1833 2386 A·

1149 2401 1249 2432 chille
1263 2401 1403 2432 canibus
1425 2401 1640 2435 destinatum.
1682 2403 1834 2444 [Alition

1148 2455 1179 2484 et
1193 2450 1418 2482 Schoenborn·
1432 2450 1479 2490 2.]

1191 2502 1230 2530 13
1248 2500 1416 2538 Postquam
1426 2498 1559 2538 relictis]
1582 2499 1765 2544 Postquam
1779 2510 1831 2532 re-

1148 2547 1231 2580 licta
1257 2549 1354 2587 ‘froja
1378 2547 1531 2579 Priamus
1558 2557 1632 2579 sese
1658 2549 1700 2580 ad
1726 2549 1830 2590 pedes

1150 2596 1288 2637 Achillis
1327 2595 1462 2636 abjecit,
1499 2606 1610 2636 orans,
1638 2602 1677 2629 ut
1710 2606 1830 2638 eorpus

1150 2645 1309 2677 Hectoris
1330 2645 1392 2676 sibi
1404 2644 1574 2676 redderet.

1192 2697 1230 2726 14
1254 2692 1343 2734 Heu]
1364 2692 1542 2733 Indignum
1572 2693 1660 2725 enim
1688 2696 1829 2732 tantum,

1151 2743 1210 2776 tali
1236 2746 1339 2775 aetate
1373 2750 1487 2783 regem
1516 2741 1657 2785 genibus
1684 2741 1827 2779 advolvi,
