1904 3216
431 274 540 317 1688

431 375 490 407 sa.’
522 376 646 407 Divinoe
657 374 835 414 particulam
849 374 947 414 αυτ-ιε]
960 375 970 393 ‘
985 374 1106 414 Igneus

431 428 484 455 est
497 423 569 454 ollis
585 424 678 461 vigor
691 425 725 452 et
737 421 881 452 coelestis
897 422 989 462 origo
1003 418 1106 453 semi-

428 470 549 502 nibus.'
573 471 711 501 Torreat.

470 522 512 549 80
535 518 624 549 Alter
647 517 699 547 ubi
719 517 800 548 dicto
821 518 928 558 citius]
953 519 1028 550 Non
1051 527 1105 558 pa-

429 576 502 597 rum
518 566 662 605 cespitat
672 565 726 596 hic
737 565 965 605 Pseudacron,
977 567 1106 598 coordi-

428 623 509 645 nans
524 613 560 643 τὸ
574 613 655 644 dicto
668 613 770 652 citius,
783 613 885 644 verbo
896 614 998 653 surgit
1008 625 1019 645 .-
1033 624 1106 645 cum

426 662 551 693 rectius
567 662 658 702 (meo
677 662 807 702 quidem
826 662 972 703 judicio)
987 663 1107 702 apponi

427 711 573 741 debeant
595 710 745 751 proximo
772 710 962 751 participio,
990 715 1108 750 curata,

426 759 489 790 hoc
503 759 619 790 modo:
641 758 752 798 Alter,
763 759 818 799 qui
833 768 935 799 parvo
948 759 1039 798 vivit,
1050 760 1105 789 ubi

427 808 518 838 dicto
540 807 648 842 citius,
663 808 726 838 hoc
745 811 805 847 est,
822 816 922 846 parce
938 817 978 838 ac
999 808 1106 839 sobrie

426 856 586 891 membra,
609 856 668 886 hoc
690 859 752 894 est,
775 864 895 895 corpus
916 856 1056 894 curavit,
1071 862 1107 887 et

426 905 539 945 sopori
577 904 682 943 dedit,
717 904 823 943 surgit
858 909 1008 942 vegetus,
1043 907 1105 935 &c.

430 954 526 992 Gruq.
560 953 663 990 Alter,
687 951 739 982 ubi
762 952 842 981 dicto
869 952 976 991 citius]
999 952 1108 992 Alter,

426 1001 519 1040 cujus
545 999 654 1030 victus
677 1007 798 1038 parcus
826 1003 876 1030 est
901 1003 936 1030 et
958 999 1106 1040 frugalis.

429 1050 546 1079 Curata
556 1047 711 1088 Membra]
727 1047 881 1078 Membra
893 1048 1049 1079 mediocri
1062 1049 1107 1079 ci-

426 1097 470 1128 bo
486 1101 649 1128 recreata.
694 1096 789 1136 [Vnt.
813 1097 907 1127 Rom.
921 1099 952 1127 8.
967 1106 986 1126 a
1000 1106 1044 1127 m.
1058 1107 1108 1137 pr.

426 1146 519 1176 citius
532 1144 641 1184 dicta]
1023 1142 1027 1145 ⁷

468 1196 506 1224 81
536 1194 667 1232 Vegetus
697 1194 879 1233 praescriplu
912 1195 951 1224 ad
989 1194 1107 1234 munia]

426 1242 551 1274 Alacer
566 1242 607 1272 ad
623 1242 830 1273 necessarias
844 1242 1042 1274 functiones.

470 1294 511 1322 82
535 1291 600 1322 Hic
612 1294 710 1322 tamen
721 1292 761 1321 ad
773 1291 893 1330 melius]
916 1291 982 1324 Qui
1007 1300 1108 1331 parce

426 1340 522 1378 vivit,
558 1340 599 1370 ad
635 1340 803 1371 meliorem
836 1340 959 1372 victum
997 1345 1109 1380 potest

427 1392 654 1419 transcurrere
671 1387 858 1428 aliqnando.

470 1439 509 1467 83
533 1436 628 1466 Diem
647 1436 764 1474 festum
797 1436 917 1467 rediens
950 1436 1109 1467 advexerit

427 1484 539 1523 annus]
560 1488 569 1502 ‘
586 1484 717 1514 Annum
731 1484 740 1497 '
755 1493 816 1523 pro
836 1484 893 1514 illa
912 1484 988 1514 anni
1011 1490 1108 1523 parte

427 1532 527 1571 dixit,
542 1532 574 1562 in
591 1541 688 1572 quam
704 1531 774 1562 dies
789 1530 905 1569 festus,
919 1532 989 1562 sive
1001 1532 1107 1562 solen-

426 1581 490 1616 nis,
511 1585 567 1612 aut
594 1580 735 1620 publicae
751 1585 808 1610 aut
826 1580 963 1619 privatae
979 1581 1107 1611 laetitiae

426 1638 543 1659 caussa
554 1628 718 1659 inciderit.
762 1628 879 1658 Hilare
890 1633 999 1659 sutem
1013 1633 1046 1659 et
1053 1629 1108 1668 ju-

427 1676 535 1706 cunde
554 1675 657 1706 festos
681 1675 825 1714 agebant
847 1675 928 1713 dies,
951 1675 1108 1715 profestis

427 1724 542 1764 parci;
564 1728 602 1755 ut
616 1727 706 1755 esset
725 1723 821 1754 festis
844 1724 932 1764 quod
956 1723 1106 1764 prodige·

427 1777 515 1804 rent.
558 1773 698 1803 Plautus
721 1772 830 1803 Aulul.
854 1773 863 1789 ‘
880 1772 981 1810 Festo
1005 1772 1058 1803 die
1081 1773 1108 1803 si

426 1821 504 1862 quid
518 1821 721 1862 prodegerit,
734 1819 879 1860 profesto
891 1829 992 1860 egere
1008 1821 1108 1852 liceat

426 1870 489 1901 nisi
505 1868 719 1910 pepercerit.’
741 1869 909 1900 Advexerie
926 1874 1035 1900 autem
1050 1879 1108 1909 pro

425 1919 590 1950 adduxerit
611 1918 736 1950 habent
758 1918 832 1949 libri
853 1918 957 1949 nostri
980 1927 1108 1958 omnes,

426 1968 540 2000 demto
566 1977 632 1999 uno
656 1972 756 2009 atque
778 1968 884 1998 altero
910 1968 1107 2004 recentiore,

426 2026 468 2047 ex
483 2018 680 2057 glossemate
695 2016 823 2057 opinor.
849 2016 989 2047 Turrem.

467 2068 508 2097 84
536 2066 653 2105 Ubique
675 2065 827 2096 Accedent
853 2064 942 2104 unni]
978 2065 1022 2096 Et
1051 2065 1106 2096 ubi

425 2120 578 2146 senectus
595 2116 779 2146 advenerit.

467 2167 508 2195 86
528 2165 620 2194 AElas
633 2163 802 2202 Imbecilla]
824 2163 950 2193 Eadem
974 2173 1048 2203 quae
1071 2167 1106 2194 et

426 2217 435 2231 ⁸
451 2211 557 2242 mala'
582 2221 600 2241 a
623 2210 793 2242 veteribus
820 2210 935 2248 dicta;
957 2211 1017 2241 hoc
1042 2216 1104 2251 est,

425 2260 670 2300 senectns‚ipsa
679 2258 824 2290 morbus.
847 2259 1007 2298 Exempla
1018 2260 1104 2299 apud

425 2308 570 2341 Nonium
586 2307 681 2338 initio
698 2306 821 2346 operis,
836 2310 874 2337 ut
894 2311 929 2338 et
947 2307 1106 2346 juventus

425 2357 519 2388 dicta
532 2359 607 2387 κείω
618 2356 692 2386 bona
702 2365 713 2384 .·
735 2353 1009 2395 quemadmodum
1020 2355 1106 2386 enim

426 2406 505 2445 diei,
522 2405 571 2436 sic
585 2408 619 2435 et
635 2403 745 2435 aetatis
769 2403 858 2443 prior
879 2412 956 2443 pars
977 2403 1106 2443 melior,

426 2453 591 2495 posterior
606 2453 699 2493 pejor
714 2457 776 2483 est.
829 2451 924 2491 Virg.
946 2455 955 2469 ‘
968 2451 1105 2492 Optima

426 2513 570 2545 quaeque
596 2502 668 2533 dies
683 2501 811 2533 miseris
831 2501 1026 2533 mortalibus
1042 2502 1104 2533 aevi

425 2552 541 2584 Prima
551 2550 654 2591 fugit3
670 2543 810 2581 subeunt
823 2549 927 2581 morbi
939 2551 1105 2592 tristisque

425 2599 603 2632 senectus-⁹
638 2601 770 2632 Quanto
780 2603 890 2630 autem
900 2599 1105 2638 imbecillior,

427 2654 522 2681 tanto
538 2648 710 2680 tractanda
724 2648 863 2679 mollius.
905 2647 945 2678 In
957 2649 1104 2688 pluribus

430 2706 563 2737 quoque
598 2695 843 2736 exemplaribus
877 2695 924 2726 sic
961 2697 1102 2737 legitur:

434 2743 551 2784 Ubique
570 2744 726 2776 Accedunt
749 2743 833 2784 anni,
846 2744 974 2775 tractari
988 2744 1105 2775 mollius

873 285 1009 315 NOTAE
1040 284 1300 315 VARIORUM
1332 285 1381 315 IN

1153 377 1227 405 oetas
1240 374 1392 406 Imbeciua
1407 375 1495 405 volet.
1531 374 1611 406 Meo
1619 373 1747 415 judicio
1761 383 1830 407 ree-

1155 429 1230 460 tius.
1248 430 1385 461 Tor-rent.
1419 429 1514 469 [Vnt.
1529 430 1624 460 Rom.
1641 431 1673 461 2.
1687 439 1707 460 s
1721 437 1764 460 ru.
1779 428 1830 470 pr.

1152 478 1283 508 addatur
1296 479 1336 507 ad
1349 478 1467 518 istam-J

1195 530 1234 557 87
1259 527 1440 568 Proesumis,
1469 527 1540 567 θα]
1574 526 1664 559 Ante
1700 530 1831 566 ternpus

1155 583 1269 605 sunus.

1195 623 1252 662 [88
1274 624 1352 653 Vat.
1370 623 1467 654 Rom.
1483 626 1514 655 1.
1535 622 1689 662 Angelic.
1705 625 1737 654 1.
1754 631 1773 652 a
1787 631 1832 653 m.

1155 679 1207 710 pr.
1231 671 1403 704 Barberin.
1420 674 1450 703 1.
1471 676 1507 702 et
1523 671 1671 702 Vallicel.
1686 674 1717 702 1.
1733 670 1829 701 moui-

1153 719 1258 759 iiam]

1196 771 1237 799 89
1261 769 1429 800 Runcidum
1439 767 1562 808 aprum]
1583 767 1691 799 Notat
1701 766 1834 798 Plutar-

1155 816 1234 847 chus
1258 817 1409 857 Sympos.
1429 826 1480 848 vr.
1506 819 1537 847 4.
1564 820 1715 847 veterum
1741 814 1834 846 insti·

1154 868 1228 894 tuto
1251 874 1382 904 semper
1403 864 1528 905 aliquid
1551 861 1775 903 praesentibus
1801 863 1834 893 in

1153 911 1300 943 futurum
1327 913 1468 953 relinqui
1495 912 1639 943 debere:
1662 916 1763 951 atque
1789 911 1835 942 ita

1153 960 1396 999 interpretatur
1425 963 1576 990 notatum
1601 958 1685 990 illud
1710 958 1836 998 Pytha-

1155 1017 1244 1048 gorae
1267 1008 1451 1047 symbolum
1466 1007 1683 1047 (quamquam
1699 1005 1754 1036 atii
1777 1006 1835 1036 ali·

1157 1061 1209 1086 ter
1232 1054 1432 1095 exposuere)
1453 1053 1565 1093 χοίνικι
1587 1053 1630 1092 μὴ
1653 1051 1836 1092 haudmar,

1154 1103 1278 1134 choenici
1311 1113 1348 1134 ne
1382 1103 1527 1142 insidens,
1557 1105 1659 1142 atque
1693 1101 1833 1132 alteram

1154 1151 1232 1182 hnic
1258 1151 1397 1182 similem
1417 1150 1620 1190 paroemiam,
1643 1148 1837 1188 ἀποκείμενος

1155 1200 1251 1240 ἰχθὺς,
1265 1201 1357 1240 piscis
1366 1201 1521 1240 sepositus.
1565 1200 1714 1239 Utroque
1725 1204 1836 1230 nutem

1155 1250 1246 1281 dicto
1271 1250 1496 1288 admonemur,
1517 1248 1565 1279 sie
1591 1248 1639 1278 uti
1665 1247 1836 1288 proesenti-

1155 1298 1229 1337 bus,
1241 1303 1278 1329 ut
1293 1307 1462 1328 servemus
1475 1296 1600 1337 aliquid
1611 1297 1642 1327 in
1656 1301 1836 1335 posterum.

1157 1347 1201 1377 Et
1218 1347 1282 1377 tale
1305 1346 1428 1387 aliquid
1450 1345 1503 1376 hic
1519 1344 1650 1377 Ofellus
1674 1344 1834 1384 majorum

1155 1396 1307 1436 exemplo
1323 1395 1389 1426 suis
1406 1394 1581 1435 praecipit:
1604 1403 1679 1425 nam
1695 1394 1748 1424 vel
1761 1403 1836 1424 ran-

1155 1444 1264 1474 cidum
1279 1443 1352 1474 fleri
1365 1453 1480 1484 aprum
1497 1443 1542 1474 sit
1555 1443 1672 1478 satius,
1683 1451 1747 1483 quo
1758 1450 1836 1472 ven-

1156 1496 1231 1522 turo
1251 1490 1391 1522 forsitan
1415 1491 1537 1531 hospiti
1560 1494 1724 1528 servetur,
1737 1498 1834 1530 quam

1155 1539 1277 1569 domini
1295 1539 1388 1569 unius
1409 1540 1484 1578 gula
1506 1548 1581 1569 mox
1604 1538 1729 1569 absumi
1751 1537 1835 1568 inte-

1154 1597 1260 1628 grum.
1285 1588 1389 1618 Recte
1398 1587 1683 1619 enimJnvenalis:
1701 1586 1834 1618 ‘Quan-

1156 1641 1191 1666 ta
1215 1642 1266 1667 est
1297 1637 1374 1675 gula
1402 1645 1476 1676 quae
1506 1635 1567 1666 sibi
1595 1638 1701 1666 totum
1731 1633 1835 1664 Ponit

1157 1692 1271 1723 aprum
1283 1683 1306 1713 ?'
1331 1685 1468 1714 Tor-rent.
1513 1683 1685 1713 Rau-eidam
1710 1681 1834 1722 aprum]

1157 1731 1286 1771 Aprum
1309 1732 1430 1762 leviter
1443 1734 1625 1771 putentem·
1669 1730 1739 1761 Non
1763 1730 1835 1770 qnia

1156 1779 1261 1819 nam]
1285 1780 1329 1811 Et
1349 1788 1445 1810 nasus
1466 1779 1499 1809 in
1522 1777 1732 1819 proverbium
1754 1777 1836 1808 abiit

1157 1837 1217 1868 pro
1226 1828 1356 1869 jndicio
1370 1838 1379 1858 ε
1404 1827 1506 1859 veluti
1525 1826 1670 1867 odorari,
1681 1826 1774 1867 cnjus
1787 1825 1836 1856 iu-

1157 1881 1376 1908 strumentum
1389 1881 1440 1907 est
1449 1885 1558 1915 nasus,
1567 1885 1626 1916 pro
1638 1875 1833 1907 resciscere:

1157 1929 1192 1956 et
1203 1925 1284 1956 odor
1298 1934 1356 1965 pro
1369 1924 1565 1965 suspicione.
1588 1925 1745 1956 Erasmus.
1767 1922 1835 1954 Na·

1155 1974 1223 2014 sus]
1245 1974 1427 2006 Judicium.

1197 2025 1238 2053 90
1261 2022 1333 2053 Hac
1347 2022 1460 2062 mente]
1483 2022 1558 2053 Hac
1573 2020 1768 2053 intentione.

1197 2073 1234 2101 91
1266 2070 1414 2101 Vitiatum
1443 2068 1637 2108 commodius]
1673 2069 1833 2101 Putidum

1155 2118 1265 2158 potius
1281 2118 1408 2149 ederet.

1195 2168 1236 2195 93
1264 2165 1362 2195 Tellus
1387 2175 1433 2195 me
1457 2165 1572 2204 prima]
1594 2165 1648 2196 Sic
1663 2173 1687 2195 ι.
1708 2165 1780 2197 Sat.
1801 2166 1832 2195 3.

1154 2213 1163 2230 ‘
1178 2212 1260 2243 Cum
1286 2217 1523 2252 prorepserunt
1549 2212 1659 2252 primis
1679 2212 1833 2243 animalia

1155 2261 1277 2292 terris!
1321 2262 1364 2292 Et
1379 2262 1474 2301 Virg.
1500 2261 1623 2300 Georg.
1645 2262 1654 2278 ‘
1671 2261 1790 2301 Tuque
1813 2271 1833 2292 o

1154 2309 1207 2339 cui
1233 2309 1338 2348 prima
1360 2308 1556 2340 frementem
1586 2307 1686 2340 Fudit
1713 2318 1832 2350 equum

1155 2356 1278 2387 tellus!
1322 2355 1450 2389 Quibus
1465 2355 1626 2395 exemplis
1637 2355 1834 2387 doctissimis

1154 2406 1232 2436 viris
1247 2406 1423 2444 assentior,
1438 2409 1634 2445 perpetuum
1649 2404 1755 2436 videri
1769 2409 1834 2436 ter·

1156 2464 1202 2485 rae
1217 2454 1401 2494 epitheton,
1415 2463 1511 2494 quam
1533 2463 1650 2494 nempe
1666 2453 1833 2485 Hesiodus

1155 2507 1232 2534 aute
1258 2510 1373 2533 cetera
1395 2503 1572 2540 elementa,
1597 2506 1700 2542 atque
1727 2501 1832 2541 ipsum

1154 2551 1287 2590 coelum,
1298 2550 1448 2582 extitisse
1462 2549 1646 2581 tradiderit.
1657 2548 1743 2580 Vide
1752 2549 1834 2580 'rur-

1154 2599 1230 2631 neb.
1251 2609 1316 2631 vn.
1340 2603 1371 2631 9.
1395 2600 1534 2630 Torrent-
1569 2599 1678 2630 Prima
1699 2599 1833 2639 tulisset]

1154 2649 1269 2680 Tellus
1285 2650 1319 2679 in
1336 2649 1442 2689 prima
1457 2658 1516 2680 sua
1531 2653 1642 2680 aetate.

1195 2700 1236 2728 94
1260 2698 1336 2732 Quae
1355 2697 1488 2728 carmine
1505 2695 1642 2736 gratior]
1665 2696 1741 2727 Hoc
1761 2699 1830 2727 est:

1156 2746 1241 2779 Quae
1257 2744 1346 2777 fama
1367 2745 1511 2777 carmine
1534 2745 1702 2777 celebrata
1718 2748 1827 2785 potest
