1930 3204
417 285 528 328 1556

417 387 509 419 cibus
534 390 661 427 aptum,
685 394 751 427 quo
772 384 851 416 lecti
872 384 1100 417 obtendeban-

417 441 473 467 tur
488 446 496 466 ι
521 434 819 466 Alexandrinorum
835 434 1020 474 inventum,
1033 443 1098 475 quo

417 484 462 515 ob
489 484 560 515 Nili
584 482 734 524 paludes,
766 486 802 514 et
824 482 968 514 vicinum
994 491 1098 522 mare,

415 535 580 567 culicibus
597 543 666 573 prae
688 533 821 564 caeteris
841 532 1097 565 infestabantur.

418 582 603 623 Conopeum]
626 583 816 621 conopeum
828 586 881 612 est
893 581 1029 612 tentorii
1040 591 1097 621 ge·

414 641 476 662 nus
489 630 530 661 ad
547 630 668 661 culices
680 629 917 669 excludendos,
932 629 1099 669 thalamis,

415 689 480 711 non
495 680 615 710 castris
630 683 756 720 aptum.

458 731 496 759 17
519 727 571 759 Λα
583 728 676 768 hunc]
709 727 778 757 Pro
793 726 970 758 ‘adversus
986 725 1097 757 hunc!

413 777 494 808 Tale
510 777 590 807 illud
606 776 703 816 Virg.
725 775 736 792 ‘
751 776 962 815 clypeosque
974 774 1014 805 ad
1032 775 1100 805 tela

413 825 556 856 sinistris
595 825 749 856 Protecti
791 823 977 864 objiciunt!
1019 823 1100 854 'Pro

413 874 423 890 ‘
435 873 573 904 contra-⁹
601 874 764 905 Ver-terunt
778 877 889 903 autem
903 872 1013 902 media
1025 871 1100 902 bre-

413 922 467 953 vi:
491 927 541 959 ut,
569 923 636 953 ‘Di
664 923 726 952 tibi
753 921 887 952 divitias
915 920 1106 951 dederunt.'

412 970 490 1001 vid.
506 969 650 1000 Turneb.
672 978 746 999 xrv.
771 971 821 998 10.
866 968 918 998 Ad
936 968 1015 998 hunc
1029 968 1099 1005 sre-

412 1017 542 1056 mentes]
565 1018 692 1047 Contra
706 1017 794 1047 hunc
810 1016 992 1047 Antonium
1009 1016 1099 1046 Galli

411 1065 452 1094 ad
478 1064 647 1095 Caesarem
674 1064 936 1104 transfugientes
961 1073 1099 1094 conver-

413 1117 526 1144 terunt
552 1113 602 1143 bis
638 1113 728 1143 mille
765 1112 948 1143 frementes
985 1122 1100 1152 equos,

412 1161 615 1201 spadonibus
645 1162 808 1201 AEgypxiis
834 1161 958 1191 servire
984 1161 1100 1200 dedig-

411 1215 540 1241 nantes.
586 1210 688 1245 Nota,
709 1209 799 1250 quod
816 1211 930 1240 Cat-sar
947 1214 980 1240 et
994 1209 1100 1240 Anto-

411 1259 486 1289 nius
517 1259 688 1289 exercitus
722 1259 889 1290 habebant
923 1260 955 1289 iu
984 1259 1100 1290 littore

412 1311 448 1338 et
473 1307 647 1347 pedestres
663 1315 699 1338 et
719 1314 904 1348 equesti·eS‚
930 1318 994 1348 quo
1017 1312 1099 1339 tem-

411 1365 494 1395 pore
519 1357 642 1387 classes
666 1356 707 1386 ad
729 1357 850 1388 bellum
868 1358 986 1388 navale
1001 1362 1098 1388 erant

412 1410 550 1444 paratae.

457 1455 495 1483 18
520 1453 606 1484 Gaui
619 1457 760 1484 canentes
777 1454 945 1492 Caesarem]
980 1455 1098 1485 Canen-

411 1505 457 1533 τις
472 1511 533 1541 pro
555 1507 565 1520 ‘
577 1502 770 1533 laudantes’
786 1502 926 1541 exponit
943 1508 1038 1532 vetus
1052 1503 1098 1532 iu-

412 1555 553 1590 terpres.
597 1550 670 1590 Ego
683 1551 725 1581 ad
737 1551 910 1582 Gallorum
921 1556 1098 1582 consuetu-

412 1599 523 1629 dinem
561 1598 686 1638 refero,
713 1608 828 1638 magua
855 1609 938 1630 voce
972 1609 1098 1635 eorum,

411 1648 529 1688 quibus
547 1648 702 1686 militant,
727 1648 759 1677 in
776 1647 847 1678 acie
862 1648 996 1678 nomina
1011 1648 1098 1678 cien-

413 1698 508 1727 tium.
552 1697 628 1728 Quo
645 1697 794 1735 respexit
806 1697 907 1736 etiam
919 1697 1014 1736 Virg.
1029 1696 1099 1727 AEn.

412 1753 478 1775 vn.
502 1745 624 1775 ‘Ibant
651 1744 771 1784 aequali
793 1753 944 1781 numero,
960 1745 1100 1784 Regem·

412 1803 479 1834 que
490 1793 679 1835 cauebant-¹
725 1792 886 1822 Brodaeus
898 1792 1042 1822 Miscell.
1052 1801 1100 1824 vr.

412 1845 446 1873 2.
491 1843 568 1873 Non
583 1842 692 1872 miuus
708 1841 810 1871 etiam
834 1840 866 1870 id
889 1840 977 1880 quod
993 1841 1102 1880 sequi·

414 1895 470 1922 tur
486 1891 528 1922 ab
540 1891 678 1922 historia
692 1889 876 1930 dependet.
922 1889 1102 1928 Cleopatra

413 1941 501 1970 enim
515 1945 590 1980 post
606 1939 784 1979 pugnantis
807 1938 945 1969 Antonii
960 1939 1100 1969 classem

413 1997 490 2019 cum
516 1989 655 2019 navibus
670 1991 724 2018 60.
747 1988 788 2018 ad
807 1992 923 2026 portus
937 1986 1050 2017 fauces
1066 1988 1099 2017 iu

414 2036 566 2067 anchoris
592 2040 697 2072 stans,
716 2039 752 2065 et
777 2039 856 2065 ante
880 2043 1024 2074 pugnam
1050 2034 1098 2065 fu-

414 2092 489 2122 gam
505 2083 682 2122 meditans,
691 2083 820 2113 incerta
829 2082 936 2113 adhuc
949 2083 1098 2123 victoris,

413 2130 576 2171 profugit.
620 2130 697 2161 Hoc
721 2131 826 2170 igitur
855 2131 1013 2170 graphice
1039 2131 1096 2162 de·

413 2178 532 2209 scribit
547 2177 667 2215 Poe‘ta,
680 2178 690 2195 ‘
700 2178 928 2208 sinistrorsum
941 2179 1026 2209 citas
1041 2188 1097 2209 na-

414 2225 500 2257 vium
517 2235 646 2266 puppes
661 2225 695 2256 in
711 2230 811 2266 portu
826 2226 930 2256 latere
941 2226 949 2239 ’
970 2227 1096 2258 dicens.

413 2274 503 2305 Nam
524 2274 567 2304 ab
586 2273 686 2304 Actio
710 2274 913 2306 solventibus
935 2275 1096 2316 AEgyptus

413 2322 455 2353 ad
470 2322 635 2353 sinistram
651 2327 717 2362 est,
733 2323 811 2354 etin
824 2323 896 2363 ipso
910 2333 1006 2363 poeue
1023 2333 1097 2363 por-

414 2375 452 2401 tu
471 2370 686 2410 Cleopatram
706 2370 844 2401 latuisse
865 2379 1002 2402 necesse
1024 2377 1096 2410 est3

414 2419 576 2459 siquidem
593 2423 671 2450 ante
686 2423 804 2458 portus
819 2418 934 2450 fauces
947 2421 1096 2452 commis-

412 2477 484 2498 sum
501 2468 650 2508 praelium
662 2467 814 2498 historici
830 2469 977 2499 tradunt.
1022 2470 1096 2500 Nec

414 2522 541 2548 temere
571 2516 696 2548 navium
721 2526 835 2557 puppes
862 2516 969 2552 dixin
1000 2527 1097 2558 prora

413 2565 502 2595 enim
513 2565 612 2596 altior
623 2566 744 2605 puppis
759 2570 825 2596 est.
868 2565 981 2606 Auget
996 2567 1096 2606 igitur

414 2615 587 2645 latentium
602 2613 855 2654 turpitudinem,
869 2615 956 2656 quod
968 2625 1095 2655 puppes

413 2663 549 2702 quidem
563 2663 712 2704 conspici
727 2668 877 2703 potuere.

449 2713 490 2739 ‘20
499 2711 733 2752 sinistrorsum]
749 2713 820 2744 Hoc
835 2718 897 2752 est,
906 2718 1095 2752 παλιμπρυμ-

413 2757 511 2795 νηδύν.
554 2759 676 2792 Jacent
694 2766 803 2792 autem
820 2761 866 2793 ita
889 2771 988 2794 naves
1002 2763 1096 2794 sinis·

870 293 1008 325 NOTAE
1038 293 1299 325 vARtoRUM
1333 294 1383 323 IN

1150 387 1292 416 trorsum
1310 383 1490 424 puppibus,
1503 383 1711 417 dextrorsum
1724 389 1831 426 prosis

1151 433 1194 464 ad
1229 433 1424 474 fugiendum
1459 433 1637 466 conversis.
1679 433 1734 466 Au
1766 442 1833 469 nou

1150 487 1305 522 respectu
1330 482 1441 513 Italiae
1466 485 1502 512 et
1530 481 1704 514 Orientis?
1747 482 1834 516 Sauo

1150 539 1191 561 ex
1200 531 1340 562 Oriente
1353 540 1454 562 naves
1463 534 1636 566 venerant.
1649 530 1766 562 Prori-
1773 531 1835 571 iqi-

1149 583 1205 611 tur
1217 580 1259 612 ab
1274 580 1415 611 Oriente
1432 581 1558 612 aversis
1572 584 1743 613 venerant.
1781 581 1834 612 De

1149 629 1289 660 victoria
1301 634 1412 660 autem
1424 638 1498 660 cum
1509 629 1835 668 desperarent,n'nio·

1150 681 1294 714 trorsum,
1309 679 1370 710 hoc
1382 682 1446 715 est,
1459 682 1577 709 contra
1588 681 1835 711 eomer-tenuta

1151 726 1279 757 Glossae
1315 727 1491 766 Stephani,
1527 726 1664 764 sinister,
1689 725 1835 758 mnas.

1151 776 1264 806 Naves
1287 785 1369 816 ergo
1395 777 1608 807 sinistrorsum
1626 777 1710 815 1:52oe,
1731 786 1834 808 naves

1149 827 1226 854 suut
1248 825 1288 854 ad
1305 823 1498 864 fugiendum
1519 829 1661 865 ματαίως
1688 825 1741 856 vel
1757 826 1835 865 quia

1147 871 1339 903 inhibentur
1371 882 1440 911 [πω
1470 879 1561 903 metu
1580 883 1590 904 :
1627 874 1716 904 ciere
1745 874 1832 904 enim

1150 919 1289 958 puppim
1299 920 1521 952 sinistrorsum
1532 926 1585 952 est
1595 920 1733 961 πρύμνην
1746 921 1835 961 κρού-

1151 969 1271 998 σασθαι·
1299 967 1387 1007 quod
1403 967 1446 997 ab
1462 969 1502 998 iis
1516 968 1705 1010 fiebat,¹qui
1721 964 1838 1010 patria-⁴

1153 1016 1212 1046 tim
1241 1015 1420 1053 cedebant,
1445 1025 1484 1047 ac
1515 1020 1692 1048 retrorsum
1721 1027 1837 1057 naves,

1154 1063 1214 1094 sed
1231 1064 1361 1099 sennim,
1377 1063 1575 1103 flectebant,
1589 1074 1633 1095 ne
1650 1065 1738 1096 inter
1751 1065 1836 1106 fugi-

1154 1113 1276 1143 endum
1287 1113 1374 1144 hosti
1384 1123 1419 1144 se
1431 1118 1649 1153 exponerent.
1667 1114 1744 1145 Hoc
1755 1123 1836 1154 ergo

1153 1163 1244 1192 vult:
1270 1163 1383 1193 Naves
1405 1163 1479 1193 illas
1497 1162 1687 1203 Cleopatroe
1709 1166 1746 1194 et
1769 1162 1837 1194 Au·
1894 1175 1898 1179 ·

1154 1210 1249 1248 touii,
1275 1221 1350 1251 quae
1381 1212 1471 1251 prius
1499 1211 1632 1242 Italiam
1663 1210 1838 1252 petebant,

1155 1262 1270 1298 postea
1296 1258 1435 1299 πρύμνην
1457 1260 1606 1299 χωρῆσαι,
1625 1264 1662 1290 ut
1690 1259 1838 1300 loquitur

1153 1307 1346 1348 Euripides,
1372 1308 1404 1338 id
1437 1312 1502 1344 est,
1528 1308 1742 1340 retrocedere
1771 1318 1836 1339 σα».-

1153 1355 1254 1395 pisse,
1295 1361 1330 1386 et
1372 1356 1504 1387 Italiam
1541 1365 1657 1388 versus
1693 1365 1835 1396 puppes.

1151 1413 1264 1443 proras
1289 1413 1401 1435 versus
1424 1405 1599 1436 Orientem
1620 1404 1834 1436 converti-ne.

1151 1452 1310 1483 Heinsius.
1355 1453 1575 1485 Sinistrorsum
1586 1453 1672 1494 οὗτε]
1695 1453 1835 1492 cruqui-

1151 1509 1189 1530 us
1205 1501 1332 1531 duobus
1348 1501 1380 1531 in
1396 1501 1569 1532 codicibus
1582 1501 1652 1532 υἱέα
1665 1501 1730 1541 legi
1746 1499 1834 1532 affir-

1152 1554 1231 1580 mat.
1274 1551 1346 1589 Ego
1362 1551 1504 1590 Gryphii
1521 1551 1702 1582 editionem
1714 1551 1762 1582 sic
1778 1552 1835 1582 ba-

1152 1598 1230 1628 bere
1254 1599 1333 1637 scio,
1359 1599 1436 1629 alibi
1461 1598 1581 1629 vidisse
1603 1609 1668 1630 non
1693 1599 1837 1630 memini.

1154 1646 1282 1676 Nouius
1297 1648 1306 1663 ‘
1319 1646 1441 1677 citum’
1458 1651 1492 1678 et
1515 1648 1624 1678 celere
1647 1647 1834 1687 significare

1153 1694 1271 1731 tradit,
1284 1698 1320 1724 et
1333 1694 1474 1724 divisum
1489 1704 1527 1725 ac
1543 1699 1740 1734 separatum.
1783 1695 1837 1726 Si-

1153 1741 1336 1771 nistrorsum
1348 1741 1434 1781 citoe]
1460 1741 1695 1773 Alexandriam
1711 1752 1836 1774 versus.

1157 1789 1253 1829 Citoe]
1277 1789 1415 1829 Puppes
1443 1789 1484 1820 ad
1513 1788 1627 1829 fugam
1652 1790 1780 1821 celeres
1801 1796 1837 1822 et

1155 1844 1296 1878 paratae.

1196 1891 1232 1919 21
1259 1889 1295 1918 Io
1311 1888 1478 1928 triumphe]
1499 1887 1554 1919 Ad
1568 1889 1708 1928 primum
1723 1889 1838 1920 Actia-

1154 1947 1202 1967 cae
1225 1937 1372 1968 victoriae
1396 1938 1547 1968 nuntium
1573 1938 1646 1969 haec
1665 1938 1837 1977 scripsisse

1153 1986 1294 2017 Poetam
1310 1990 1389 2016 ante
1411 1986 1608 2019 monuimus.
1651 1986 1733 2018 eum
1756 1995 1837 2026 ergo

1153 2034 1287 2064 allatum
1318 2038 1410 2065 esset
1443 2033 1612 2074 aufugisse
1641 2033 1835 2070 Antonium,

1152 2082 1352 2121 triumphum
1375 2082 1479 2113 veluti
1502 2082 1611 2113 deum·
1624 2083 1766 2122 aliquem
1788 2083 1835 2112 al-

1149 2128 1310 2168 loquitur,
1326 2130 1381 2168 qui
1392 2130 1522 2168 plenam
1534 2130 1720 2165 victoriam,
1735 2139 1833 2170 quam

1150 2186 1295 2208 annuere
1305 2177 1421 2216 possit,
1433 2177 1540 2208 adhuc
1547 2182 1746 2218 remoretur,
1755 2187 1834 2209 non·

1151 2225 1228 2255 dum
1243 2231 1345 2265 capto
1360 2225 1520 2257 Antonio.
1539 2226 1713 2267 Triumphi
1730 2233 1835 2265 certe,

1151 2274 1202 2304 uti
1229 2278 1264 2304 et
1294 2273 1450 2312 Honoris,
1472 2273 1614 2314 effigiem
1636 2275 1670 2306 iu
1691 2276 1832 2316 antiquis

1150 2322 1488 2362 nummisssernimns.
1528 2323 1564 2354 Ῑο
1583 2323 1748 2363 triumphe]
1773 2325 1833 2354 Est

1150 2375 1280 2408 cantus,
1295 2379 1393 2411 quem
1410 2370 1419 2388 ‘
1431 2371 1572 2402 Paeana’
1589 2372 1833 2412 appellant·ve-

1148 2423 1254 2451 teres:
1272 2420 1357 2450 hunc
1368 2419 1516 2459 Apollini
1531 2424 1600 2452 tum
1611 2420 1652 2451 de
1664 2421 1750 2461 ejus,
1763 2426 1831 2452 tum

1149 2471 1190 2501 de
1204 2471 1367 2502 victorum
1379 2470 1546 2508 laudibus,
1557 2471 1734 2503 cauebant.
1746 2473 1831 2503 Nam

1148 2519 1332 2559 praesertim
1349 2519 1460 2550 Graeci
1475 2519 1558 2550 duos
1574 2519 1714 2551 Paeanes
1731 2520 1832 2551 habe·

1148 2569 1243 2607 baut,
1257 2569 1397 2599 alterum
1413 2568 1545 2607 Martis,
1570 2577 1634 2608 quo
1650 2568 1831 2599 utebantur

1148 2618 1245 2648 initio
1296 2626 1429 2656 pugna‘,
1475 2617 1614 2648 alterum
1651 2617 1828 2657 Apollinis,

1148 2664 1246 2706 quem
1263 2665 1342 2696 fusis
1357 2665 1519 2706 caesisque
1537 2666 1684 2698 hostibus
1709 2667 1826 2696 decun-

1147 2715 1277 2754 tabant‚
1294 2714 1569 2755 quemadmodum
1583 2716 1638 2746 hic
1655 2715 1738 2747 facit
1758 2714 1825 2744 Ho-

1149 2769 1211 2794 rat.
1250 2762 1427 2804 profligsto
1463 2764 1511 2794 M.
1545 2764 1699 2799 Antonio.
1742 2762 1825 2793 vide
