1916 3262
682 261 748 291 ne
778 258 913 291 ARTE
944 260 1169 292 ΡοΕΤιοΑ.
1539 251 1652 295 1303

196 353 291 398 Aut
305 368 451 410 operae
473 355 628 397 celeris
646 355 827 397 nimium
850 368 1045 410 curaque
1066 354 1271 406 carentis,

197 422 292 466 Aut
310 424 518 478 ignoratae
537 422 695 477 premit
714 424 824 465 artis
844 424 1025 466 crimine
1040 422 1175 477 turpi.

198 490 245 532 N
247 503 307 532 on
324 490 607 544 quivis'videt
626 489 913 532 immodulata
933 489 1143 544 poemata
1155 489 1326 544 Judex3

197 557 258 599 Et
277 557 384 600 data
404 557 623 599 Romanis
644 557 774 598 venia
793 562 862 599 est
881 557 1065 610 indigna
1079 556 1246 611 poetis.

198 624 424 667 Idcircone
442 636 585 677 vager,
606 624 883 678 scribamque
902 625 1113 666 licenter?
1173 623 1238 666 Ut
1263 636 1419 666 omnes

197 690 389 734 Visuros
406 695 591 746 peccata
612 696 760 745 putem
783 705 899 740 mea,
915 696 1036 733 tutus
1057 696 1103 733 et
1118 691 1234 733 intra

196 757 332 812 Spem
351 759 494 801 veniae
516 762 673 800 cautus
686 759 706 800 'i
737 759 874 802 vitavi
900 759 1090 814 denique
1110 759 1309 813 culpam,

1563 623 1649 667 265

192 881 318 913 operam
339 877 372 906 et
385 874 612 914 negligentiam
635 879 785 915 arguunt,
807 875 857 907 vel
882 878 1004 916 turpem
1025 875 1107 907 anis
1120 874 1291 906 inscitiam.
1335 874 1383 906 At
1405 874 1535 915 quilibet
1550 872 1657 913 judex

192 914 275 946 haud
287 915 511 949 animadvertit
532 918 708 949 inconditos
720 928 828 950 versus
840 929 850 949 .·
873 922 902 949 et
927 918 1028 959 poetis
1049 917 1177 949 Latinis
1196 918 1395 957 indulgentia
1413 917 1570 948 immerito
1583 925 1657 947 con-

193 966 280 989 cessa
304 962 363 991 est.
405 960 533 999 Ergone
557 961 625 991 ideo
643 961 774 1000 spatier,
799 964 829 992 et
851 970 962 1001 parum
991 964 1136 992 accurate
1158 959 1313 991 scribam?
1334 970 1378 992 an
1399 969 1506 991 ornnes
1530 960 1657 990 credam

192 1003 299 1032 errata
312 1010 381 1034 mea
399 1002 589 1044 cognituros,
613 1004 762 1043 providus
776 1007 807 1035 et
822 1013 947 1035 securus
962 1003 1045 1035 citra
1057 1013 1142 1045 spem
1157 1003 1388 1043 indulgentioe?
1431 1003 1513 1034 Tum
1533 1003 1657 1034 dmum

802 1085 1043 1099 “OemO‘m

193 1137 311 1176 mium,
325 1143 362 1171 et
377 1140 527 1172 carentis
543 1150 640 1181 cura,
663 1145 721 1173 aut
738 1143 823 1174 artis
839 1142 1017 1183 ignoratae.
1062 1141 1205 1172 Sensum
1230 1140 1272 1171 ad
1297 1140 1398 1172 Ennii
1421 1149 1540 1171 versus
1566 1139 1654 1171 refe-

194 1181 348 1221 rendum,
366 1182 450 1213 vidit
462 1183 564 1214 etiam
580 1184 706 1214 Acron.
719 1184 848 1216 Confer
858 1194 884 1216 r.
899 1185 973 1216 Sat.
991 1186 1043 1215 10.
1061 1186 1116 1215 53.
1131 1182 1197 1214 54.’
1217 1183 1294 1214 Fen.
1315 1193 1385 1214 cum
1397 1192 1509 1222 magno
1521 1183 1657 1223 pondere

193 1221 294 1255 Harl.
317 1226 347 1255 1.
364 1226 396 1255 2.
412 1227 443 1256 3.
453 1227 486 1257 4.
500 1228 531 1256 6.
543 1228 575 1257 7.
599 1230 635 1257 et
659 1231 730 1257 tres
758 1232 794 1258 et
817 1227 936 1268 viginti
960 1225 1063 1258 codd.
1091 1235 1146 1265 ap.
1164 1225 1281 1256 Feam.
1325 1225 1425 1257 ‘Hoc
1442 1235 1485 1255 ex
1501 1225 1657 1256 omnibus

194 1265 276 1301 suis,
292 1271 328 1298 et
343 1266 560 1307 Bersmamri,
586 1268 710 1299 aseivit
730 1269 764 1300 in
793 1274 923 1301 textum
952 1268 1157 1306 Bentleius3
1180 1267 1260 1308 quia
1276 1266 1412 1298 videtur
1427 1267 1539 1299 Poeta
1554 1276 1658 1298 vene·

194 1315 264 1340 rem
279 1308 447 1350 quandam
475 1310 508 1340 in
533 1309 609 1350 ipsa
634 1311 912 1350 pronuntiatione
934 1311 1047 1342 studio
1063 1310 1246 1350 quaesisse:
1271 1319 1340 1340 cum
1365 1319 1479 1348 magm
1499 1311 1655 1350 pondere.-

191 1358 268 1390 quae
282 1351 361 1382 dnm
385 1350 534 1391 profers,
556 1353 666 1390 ipsum
683 1352 767 1382 illud
785 1353 928 1393 pondus,
945 1357 980 1383 et
1002 1353 1097 1382 lente
1117 1350 1334 1382 ambulantes
1361 1350 1552 1391 Spondaeos
1568 1360 1655 1382 voce

192 1397 230 1423 et
245 1393 369 1432 spiritu
385 1393 618 1432 persentiscis.
663 1392 777 1425 Aliter
791 1404 889 1436 aeque
904 1394 994 1425 bene
1008 1393 1099 1433 apud
1117 1392 1316 1434 scriptores.
1359 1393 1480 1424 Cicero
1494 1393 1528 1424 in
1545 1391 1654 1424 Arato

189 1435 326 1466 vmsw.
339 1435 348 1451 ‘
360 1434 490 1476 Magno
505 1444 582 1466 curn
597 1435 749 1476 pondere
762 1435 899 1468 nautae-³
908 1435 1050 1467 Tertull.
1059 1433 1296 1475 Apolog.adV.
1308 1434 1488 1475 Gentes,c.
1500 1437 1552 1467 38.
1571 1439 1579 1453 ‘
1593 1435 1616 1467 J
1620 1445 1655 1466 u-

189 1475 325 1508 dicatur
340 1486 462 1518 magno
485 1486 560 1508 cum
587 1477 751 1517 pondere,
777 1484 817 1510 ut
840 1478 931 1518 apud
948 1483 1060 1509 certos
1075 1474 1119 1508 de
1137 1477 1206 1508 Dei
1224 1477 1440 1518 conspectu.’
1483 1476 1614 1509 Confer
1629 1486 1656 1510 r.

187 1517 263 1551 Sat.
280 1521 334 1551 10.
349 1522 403 1551 49.
425 1529 452 1552 1.
477 1520 590 1560 Epist·
605 1522 659 1551 20.
675 1523 708 1552 8.
731 1520 821 1552 infra
836 1521 927 1553 336?
951 1521 1134 1553 Fea.—261
1158 1520 1258 1552 Vatt.
1272 1522 1304 1551 9.
1322 1523 1374 1552 19.
1396 1520 1478 1552 Vat-
1506 1521 1604 1552 Rom.
1622 1522 1655 1552 9.

190 1561 336 1593 Chinian.
349 1565 380 1594 1.
390 1562 549 1594 Vallicel.
565 1565 596 1593 1.
612 1565 645 1594 3.
658 1568 695 1594 et
712 1568 783 1595 tres
798 1564 994 1603 Pulmanni,
1006 1563 1139 1595 nimium
1152 1562 1262 1594 celeris
1273 1573 1286 1599 ,·
1302 1562 1351 1594 ita
1367 1563 1516 1604 Cuning.
1527 1562 1654 1594 Sanad.

188 1603 340 1635 Mervill.
353 1607 390 1637 et
404 1605 602 1637 Pha—263
630 1605 675 1636 Ut
698 1606 801 1646 quivis
816 1606 895 1638 Vat.
911 1607 1026 1638 Palat.
1042 1608 1074 1636 3.
1119 1606 1208 1637 Num
1231 1604 1333 1645 quivis
1355 1605 1582 1638 zaran—265
1611 1605 1657 1636 Ut

189 1655 294 1681 onus
308 1646 392 1679 Vat.
407 1650 438 1679 1.
465 1657 485 1678 ει
509 1657 552 1678 m.
577 1656 628 1688 pr.
653 1657 738 1679 unus
757 1648 882 1680 Achill.
904 1649 1021 1688 Statii,
1042 1657 1129 1679 unus
1145 1647 1310 1687 Bentleii,
1325 1648 1383 1689 qui
1414 1648 1593 1687 adoptavit
1619 1647 1654 1678 in

190 1691 312 1728 ἰθείας
334 1689 414 1720 inde
437 1699 624 1730 anonymus
649 1693 746 1723 1713.
772 1692 859 1722 Cun.
884 1691 990 1723 Baxt.
1013 1690 1122 1722 Gesn.
1146 1691 1233 1722 Dor.
1260 1689 1382 1721 Oberl.
1408 1691 1520 1721 Wetz.
1544 1690 1655 1721 Zeun.

189 1729 346 1763 Schelle:
371 1730 503 1763 refutat
519 1731 642 1763 Sanad.
665 1737 674 1750 ‘
688 1731 758 1773 An,
784 1733 896 1774 inquit
919 1733 1098 1772 Horatius,
1119 1732 1279 1771 exemplo
1301 1733 1445 1763 aliorum
1472 1730 1655 1773 poetarum

190 1772 432 1809 Romanorum,
449 1773 571 1814 quibus
593 1774 674 1805 data
697 1779 751 1806 est
769 1776 880 1815 venia,
906 1774 1060 1815 indigna,
1081 1783 1148 1804 non
1165 1773 1297 1813 debita,
1321 1778 1417 1805 tutus
1433 1779 1558 1814 putare
1576 1783 1655 1814 pos-

192 1823 279 1851 sum,
295 1816 472 1853 lectiones,
486 1815 540 1845 vel
557 1815 732 1848 auditores
745 1817 888 1858 visuros,
903 1817 956 1847 vel
971 1816 1146 1847 audituros
1162 1821 1308 1856 peccata
1322 1826 1399 1847 mea
1415 1816 1532 1847 eadem
1547 1816 1656 1856 aequi-

191 1859 286 1895 tate3
309 1861 344 1888 et
359 1861 482 1888 cautus
498 1866 556 1887 ero
569 1857 669 1894 adeo,
683 1863 721 1889 ut
738 1867 872 1899 sperem
889 1859 965 1890 illos
979 1858 1123 1890 eandem
1141 1858 1272 1889 veniam
1288 1858 1369 1889 mihi
1386 1858 1528 1890 daturos
1537 1859 1562 1889 ?'
1574 1858 1653 1890 Fen.

193 1898 311 1930 Ceteri
325 1908 442 1931 omnes
456 1898 556 1930 codd.
572 1900 641 1939 vel,
654 1900 708 1932 An
723 1910 840 1941 omnes,
856 1906 895 1933 ut
912 1901 1012 1933 Harl.
1027 1903 1057 1932 1.
1070 1903 1104 1932 2.
1116 1902 1147 1931 3.
1163 1903 1194 1932 4.
1209 1903 1241 1931 6.
1254 1903 1286 1931 7.
1302 1900 1437 1933 Heller.
1453 1906 1489 1932 et
1505 1901 1654 1932 Schoen-

191 1940 290 1972 born.
307 1944 337 1972 1.
352 1944 384 1973 4.
396 1941 464 1980 vel,
479 1942 524 1973 Et
540 1951 656 1981 omnes,
673 1947 710 1974 ut
725 1943 759 1974 in
771 1944 851 1975 edd.
868 1948 952 1975 vett.
970 1943 1059 1985 quod
1075 1943 1251 1974 revocavit
1263 1943 1452 1975 Petu—266
1474 1943 1594 1975 Lamb.
1609 1952 1654 1975 ex

190 1982 341 2024 ingenio,
352 1987 384 2015 et
397 1987 489 2016 exera
499 1995 513 2021 ,·
535 1984 699 2026 rejiciunt
714 1995 846 2027 omnes,
861 1990 898 2018 et
911 1986 1104 2027 praesertim
1121 1985 1251 2018 Mutet.
1267 1986 1348 2018 Var.
1364 1986 1459 2018 [nect.
1473 1994 1562 2018 xm.
1577 1989 1653 2017 5.—

847 2061 993 2094 NOTAE

986 2116 1051 2146 266
1066 2113 1161 2145 Intra
1174 2113 1270 2155 Spem
1283 2113 1399 2154 venioe]
1422 2113 1574 2145 Praecisa
1590 2122 1655 2154 spe

943 2164 1034 2196 omui
1058 2164 1191 2196 veniae:
1215 2173 1282 2205 qua
1306 2163 1334 2195 si
1358 2163 1438 2195 mihi
1462 2163 1652 2203 blandirer,

187 2111 342 2152 syntaxis
356 2113 368 2143 ?

229 2164 294 2194 263
317 2163 394 2194 Non
414 2163 516 2204 quivis
535 2163 632 2202 videt,
649 2164 720 2205 Suu]
744 2165 889 2206 Prolep-

188 2212 248 2254 sis,
263 2213 308 2246 ad
322 2223 420 2256 quam
437 2223 515 2246 mox
535 2215 735 2256 respondet,
750 2217 760 2233 ‘
780 2215 890 2247 Idcir-

187 2273 275 2296 cone
289 2263 417 2306 ἥξει-ξ
431 2266 496 2296 &c.
526 2263 648 2306 Apage
662 2265 888 2298 versiculum:

190 2313 261 2344 Nec
285 2317 376 2346 tanta
401 2314 438 2345 in
462 2314 574 2346 metris
598 2315 689 2347 venia
709 2316 892 2348 conceditur

187 2362 255 2394 uti:
269 2372 370 2404 quem
380 2364 477 2395 velut
489 2363 624 2396 Horatii
637 2364 739 2398 affert
751 2365 892 2397 Servius

189 2412 233 2443 nd
250 2412 383 2444 AEneid.
397 2422 433 2444 v.
449 2417 485 2445 et
499 2414 672 2446 collocant
685 2415 791 2457 aliqui
809 2420 890 2447 ante

190 2461 312 2493 istum:
337 2462 412 2493 Non
425 2462 526 2502 quivis
540 2463 638 2503 viaet,
652 2466 704 2505 lyc-

233 2514 298 2543 264
319 2512 366 2542 Et
386 2513 463 2543 data
484 2513 647 2550 Romanis,
664 2515 734 2556 &it-J
757 2516 847 2549 Vide
862 2526 890 2549 1.

188 2561 262 2593 Sat.
276 2563 311 2594 4.
326 2565 364 2593 et
378 2564 433 2592 10.
455 2560 545 2593 Item
559 2571 602 2594 11.
614 2564 724 2604 Epist.
742 2568 774 2596 1.

232 2613 296 2643 266
319 2610 520 2651 Scribamque
542 2612 688 2653 licenter]
712 2613 817 2645 Nulla
830 2615 892 2645 ha-

190 2660 263 2692 bita
277 2661 409 2692 ratione
426 2661 550 2702 pedum
568 2666 604 2692 et
616 2662 702 2701 legis
716 2663 889 2695 metricae:

189 2720 232 2743 an
253 2711 451 2744 Latinorum
468 2711 714 2752 negligentiam
731 2711 891 2744 imitabor

188 2762 305 2804 potius
321 2768 420 2803 quam
437 2764 594 2793 exactam
611 2761 776 2794 rationem
794 2762 892 2795 Grae-

190 2811 326 2844 eorum?

943 2215 1132 2247 oscitanter
1149 2215 1350 2255 scriberem,
1373 2224 1437 2246 nec
1460 2214 1542 2246 mihi
1565 2215 1650 2246 satis

945 2274 1116 2298 caverem.
1161 2265 1247 2296 Sunt
1270 2265 1328 2306 qui
1351 2264 1580 2305 emendarint,
1595 2274 1650 2295 ex-

942 2319 1005 2347 tra.
1043 2314 1110 2347 Sed
1127 2308 1260 2347 veteres
1275 2315 1411 2347 codices
1427 2315 1651 2347 reluctantur.

943 2365 1034 2397 Vide
1048 2365 1163 2407 Agen.
1182 2374 1250 2397 xrr.
1266 2368 1319 2396 13.
1354 2365 1463 2396 Extra
1482 2374 1577 2405 spem
1595 2374 1651 2396 ve-

943 2415 1010 2447 niae
1026 2419 1080 2446 est
1098 2414 1156 2455 qui
1178 2415 1244 2446 scit
1266 2414 1395 2446 nullam
1410 2413 1485 2446 fore
1501 2414 1649 2446 veniam.

942 2465 1042 2496 Intra
1054 2473 1149 2505 spem
1162 2464 1271 2495 veniae
1288 2468 1410 2495 cautus
1423 2469 1459 2495 et
1476 2469 1570 2495 tutus
1585 2468 1651 2501 est,

945 2514 1001 2555 qui
1018 2514 1101 2545 licet
1118 2514 1252 2544 veniam
1268 2518 1405 2553 speret;
1429 2513 1517 2544 recti
1533 2520 1650 2546 amans

945 2563 1010 2594 sibi
1026 2566 1126 2594 cavet
1137 2567 1264 2602 tamen,
1276 2564 1312 2592 et
1325 2570 1475 2602 peccare
1484 2570 1551 2591 non
1564 2560 1648 2591 vult.

944 2613 1032 2645 Haec
1049 2621 1125 2652 ego.

986 2665 1047 2694 267
1068 2661 1174 2694 Vitavi
1188 2661 1318 2702 denique
1332 2661 1412 2700 culp.
1424 2660 1493 2701 ξι]
1508 2659 1609 2692 Quod
1622 2660 1649 2692 si

943 2721 1062 2745 versus
1086 2710 1256 2742 Iambicos
1280 2709 1464 2750 diligenter
1492 2709 1648 2750 condam,

947 2771 1012 2794 nec
1027 2762 1092 2792 hoc
1109 2759 1193 2791 satis
1210 2759 1252 2790 ad
1269 2759 1417 2791 laudem.
1441 2758 1556 2791 Plaut.
1570 2759 1646 2790 Tri-

947 2821 1038 2843 num.
1061 2811 1163 2843 Scen.
1180 2809 1243 2841 ult.
1260 2809 1270 2826 ⁴
1285 2809 1320 2841 Si
1337 2808 1417 2850 quid
1433 2809 1576 2841 amicum
1593 2818 1646 2840 er-
