1916 3262
306 299 415 340 1:388
764 313 900 343 No'rAE
934 294 1189 344 vAmoRUM
1224 314 1272 344 1N

306 402 384 432 tiam
401 401 442 432 ab
456 401 604 432 Hesiodo
618 407 798 433 mutuatum
815 413 903 434 esse:
921 402 989 434 Ῥέα

303 450 359 487 μὲν
371 450 431 490 ’γὰρ
445 450 552 491 βριάει,
563 451 616 491 ῥέα
627 451 658 482 δὲ
671 451 816 491 βριάυντα
823 451 987 491 χαλέπτει.

310 498 399 530 Valet
417 500 479 530 ima
500 499 640 538 summis]
666 502 757 531 Deus
785 501 852 532 alta
874 503 987 540 'potest

303 547 438 579 humilia
467 549 622 588 reddere,
651 549 851 590 humiliaque
877 550 911 580 in
941 550 987 580 al—

304 602 374 628 tum
391 600 559 630 attollere.

345 649 383 678 13
407 647 574 687 Attenuat]
596 649 688 679 Deus
705 649 860 680 obscurat
877 654 912 680 et
929 648 985 678 de-

303 694 418 733 primit
433 696 668 728 excellentem.

344 746 383 774 14
408 744 558 784 Obscura]
601 746 686 778 Qnae
714 755 778 776 non
808 752 985 786 apparent,

302 793 465 831 aperiens.
510 793 597 824 Hinc
616 794 745 833 apicem]
768 794 820 826 Ab
842 796 903 826 hoc
927 795 984 825 ho-

300 841 388 872 mine
402 841 543 881 apicem,
558 843 591 872 id
611 849 674 880 est,
689 845 911 874 summitatem
929 853 984 882 po-

301 891 432 921 testatis
447 890 557 922 aufert
578 892 736 930 Fortuna,
753 893 784 924 id
810 898 874 933 est,
891 894 984 924 Deus

299 939 351 969 hic
367 940 515 978 posuisse
540 941 675 980 gaudet,
697 942 730 971 id
749 946 812 976 est,
834 942 865 972 in
883 943 983 973 alium

298 997 378 1027 opes
388 993 424 1019 et
435 989 575 1019 honores
589 989 761 1020 transfert.
786 990 894 1021 Po'eta
906 992 984 1021 For-

299 1043 426 1076 tunam,
442 1043 477 1069 et
500 1040 607 1069 Deum
628 1049 686 1077 pro
708 1040 824 1070 eodem
848 1041 902 1071 hic
927 1051 982 1080 po-

297 1094 378 1116 nere
402 1086 545 1117 videtur.
590 1089 652 1118 Vel
676 1089 785 1127 potius
803 1091 982 1120 Fortunam

297 1135 365 1164 Dei
390 1135 574 1165 ministram
591 1141 698 1172 vocat,
715 1139 982 1178 quandoquidem

298 1183 398 1222 paulo
425 1189 503 1214 ante
531 1184 637 1223 ipsum
668 1185 777 1216 Deum
809 1192 983 1218 auctorem

296 1231 390 1263 fecit.
427 1233 550 1273 [Codd.
580 1243 633 1273 ap.
661 1234 784 1271 Jaeck‚
813 1236 873 1271 hic,
902 1236 985 1275 hinc,

295 1282 376 1321 huic,
397 1282 466 1321 huc,
486 1283 621 1322 apicem:
643 1288 679 1313 et
700 1292 776 1314 mox
799 1284 913 1315 similis
931 1294 982 1316 va-

297 1331 394 1361 riatio
409 1331 440 1361 in
457 1331 573 1363 iisdem
590 1331 674 1361 codd
683 1332 707 1371 .]

339 1382 377 1409 15
403 1380 480 1409 Cum
504 1380 637 1410 stridore
661 1379 764 1419 acuto]
795 1380 911 1411 Malim
926 1380 982 1412 hic

294 1427 456 1458 stridorem
473 1437 531 1467 pro
547 1428 656 1459 sonitu
671 1429 845 1468 migrantis
862 1430 983 1460 Fortu-

295 1487 346 1508 nae
375 1477 605 1517 interpretari,
629 1488 727 1518 quam
757 1489 817 1518 pro
848 1478 926 1510 fletu
948 1484 982 1511 et

295 1527 477 1566 ejulatione
500 1536 629 1565 eorum,
644 1537 663 1557 a
679 1528 798 1567 quibus
819 1528 982 1567 migrave-

295 1576 351 1616 rit,
368 1581 405 1606 ut
422 1577 625 1615 interpretes
643 1579 829 1608 voluerunt.
860 1578 907 1608 De
921 1579 981 1609 hac

296 1633 374 1654 vero
392 1633 498 1654 reruni
520 1625 746 1655 vicissitudine
770 1626 874 1656 multa
897 1636 980 1666 prae-

294 1673 383 1703 clare
406 1674 535 1703 Seneca
556 1675 702 1712 Thyeste
731 1682 883 1706 extremo
900 1676 980 1708 Act.

294 1729 348 1750 nr.
367 1721 506 1750 Torreat.
529 1721 667 1752 Stridore
678 1723 782 1762 acuto]
799 1725 882 1754 Cum
896 1729 981 1755 stre-

295 1769 365 1808 pitu
383 1769 545 1800 luctuoso.
914 1773 917 1777 ’

295 1818 377 1847 One
396 1825 507 1848 xxxv.
529 1818 746 1857 Προσευκτική.
774 1819 829 1851 An
843 1821 982 1852 Fon'ru·

336 1874 428 1897 ΝΛΜ.
473 1866 643 1897 Obsecrat
658 1878 745 1903 eam,
762 1873 796 1899 ut
814 1869 979 1901 caesarem

336 1919 512 1946 conservet
526 1916 558 1946 iu
575 1916 754 1947 Britannos
771 1917 908 1949 iturum.

335 1963 445 1994 Placet
472 1964 632 1995 Torrentio
657 1966 770 1996 vetusti
795 1968 909 1997 codicis
935 1969 981 1998 in·

292 2012 437 2050 scriptio.-
459 2013 510 2043 Aa
530 2014 694 2044 Fortunam
714 2025 780 2053 ⁴111ae
796 2016 888 2046 Antii
906 2018 980 2046 coli·

293 2064 354 2091 tur·
394 2062 526 2092 Antium
541 2063 627 2092 enim
650 2065 735 2094 Latii
753 2065 911 2104 oppidum
929 2066 978 2095 in-

294 2109 406 2148 primis
423 2110 547 2148 nobile,
563 2116 597 2140 et
613 2112 808 2142 Volscorum
825 2114 903 2143 olim
923 2123 977 2143 ca-

293 2162 353 2198 put
379 2157 483 2198 (nunc
514 2159 701 2198 Neptunium
729 2161 868 2201 vocant)
897 2165 979 2191 tem-

294 2206 385 2246 plum
410 2206 578 2245 Fortunae,
594 2208 686 2247 cnjus
704 2209 806 2239 etiam
822 2209 854 2239 in
873 2211 978 2241 tutela

293 2261 378 2295 erat,
391 2255 543 2286 habuisse
560 2257 700 2287 traditur
711 2258 977 2297 celeberrimum,

293 2304 343 2335 uti
358 2309 392 2335 et
410 2305 605 2343 Praeneste3
622 2311 723 2346 atque
741 2312 885 2347 utroque
903 2308 977 2338 loco

291 2359 396 2384 sortes
431 2353 594 2385 historicis
631 2355 781 2386 omnibus
822 2357 975 2396 cognitae.

294 2402 382 2433 Vide
400 2403 548 2433 Macrob.
563 2403 636 2434 Sat.
651 2412 675 2434 1.
693 2406 743 2434 10.
759 2409 794 2435 et
811 2413 846 2435 v.
862 2408 912 2435 16.

335 2453 349 2481 1
384 2451 413 2481 0
441 2451 542 2491 Diva]
580 2452 671 2492 Lege
702 2453 819 2483 Franc-
850 2453 976 2484 Luisini

293 2499 433 2539 Parerg.
450 2509 474 2531 1.
491 2503 543 2531 22.
566 2500 622 2531 ubi
645 2502 716 2532 haec
735 2502 811 2533 Ode
827 2501 978 2534 declara·

293 2553 358 2579 tur.
406 2550 435 2579 0
453 2549 552 2589 Dina]
577 2549 608 2580 Ο
627 2551 774 2582 Fortuna
789 2551 884 2583 Jovis
901 2553 977 2583 snb-

291 2597 452 2628 ministra.
510 2598 658 2639 Gratum]
695 2599 740 2629 Et
766 2599 808 2630 ob
836 2600 976 2631 coloniae

292 2645 538 2685 celebritatem,
549 2651 584 2677 et
599 2649 642 2677 ob
659 2648 774 2687 templi
790 2649 884 2680 donis
896 2658 975 2689 opu·

293 2693 375 2722 lenti
404 2695 667 2733 amplitudinem.
721 2696 866 2738 Antium]
890 2698 974 2729 Quae

294 2740 451 2779 praesides
466 2741 568 2772 Antio
585 2744 671 2782 urbi,
687 2745 720 2776 in
735 2755 800 2785 qua
815 2747 974 2786 templum

295 2788 356 2818 tibi
381 2794 607 2822 consecratur.
640 2791 687 2830 [0
709 2793 796 2824 Diva
814 2805 882 2835 qna»
901 2805 974 2834 gra-

1038 407 1101 434 tum
1118 405 1278 444 Gnelph]
1688 432 1698 434 e

1077 457 1097 484 2
1122 455 1263 484 Prasens
1288 456 1335 486 rec
1361 455 1429 489 imo,
1455 456 1522 495 swa]
1554 454 1628 487 Hoc
1654 460 1721 494 est,

1037 503 1045 519 ‘
1065 502 1165 532 Valet
1181 503 1243 532 iuna
1256 505 1389 534 summis
1407 503 1559 539 rnutare,’
1574 507 1639 535 &m
1675 506 1722 536 Et

1036 549 1146 580 facete
1158 551 1299 590 AEsopus
1311 553 1546 592 interrogatum,
1554 552 1631 593 quid
1643 562 1721 592 age·-

1037 604 1086 628 ret
1102 598 1248 638 Jupiter,
1265 601 1459 640 respondit:
1484 600 1529 631 Τὰ
1547 599 1604 639 μὲν
1617 601 1719 640 ὑψηλὰ

1034 649 1182 684 ταπεινοῖ,
1202 648 1242 679 τὰ
1265 647 1298 679 δὲ
1318 650 1445 680 ταπεινὰ
1469 650 1548 690 ὑψοῖ,
1571 651 1634 682 boe
1657 656 1720 688 est.

1034 698 1151 727 excelsa
1161 698 1315 736 deprimit,
1326 699 1454 729 humilia
1465 699 1598 730 extollit.
1621 699 1720 730 Unde

1035 744 1248 776 manifestum
1276 752 1335 785 est,
1365 748 1442 778 nihil
1465 757 1538 778 esse
1569 747 1601 778 id
1631 747 1720 788 quod

1035 794 1173 825 Fortuna
1188 795 1322 834 dicitur,
1338 796 1395 827 sed
1412 796 1525 827 divina
1541 797 1722 836 providen-

1035 843 1082 872 tia
1107 849 1228 874 cuncta
1256 844 1397 884 disponi.
1447 845 1587 885 Optime
1617 846 1718 876 etiam

1009 904 1015 909 ’
1034 891 1209 923 Juvenalis
1234 893 1294 930 ait,
1316 894 1387 925 Sat.
1412 903 1447 925 x.
1471 896 1480 911 ‘
1499 894 1636 925 Nullum
1658 903 1719 924 nu·
1742 937 1748 942 ¹

1035 950 1109 970 men
1127 941 1239 979 habes,
1255 943 1281 972 si
1298 943 1340 973 sit
1359 943 1559 982 prudentia:
1583 944 1642 974 sed
1658 952 1719 975 nos

1034 991 1082 1020 Te
1100 989 1238 1020 facimus
1263 991 1410 1022 Fortuna
1431 992 1717 1032 Deam.coeloquo

1034 1038 1201 1068 locamus.'
1231 1039 1376 1070 Perinde
1391 1049 1430 1071 ac
1445 1040 1472 1071 si
1489 1040 1631 1078 diceret,
1646 1049 1719 1070 nos·

1035 1092 1087 1117 tra
1099 1087 1291 1118 temeritate
1303 1092 1337 1118 et
1348 1088 1572 1119 inconstantia
1583 1088 1668 1124 fieri,
1681 1092 1719 1120 ut

1035 1135 1197 1172 Fortuna,
1212 1145 1288 1176 quoe
1307 1145 1367 1176 per
1385 1146 1419 1167 se
1441 1137 1520 1167 nihil
1535 1141 1600 1175 est,
1615 1137 1717 1167 etiam

1033 1185 1066 1214 in
1086 1184 1232 1215 Deorum
1257 1194 1395 1216 nurnero
1410 1186 1606 1216 collocetur.
1642 1185 1720 1216 Tor-

1033 1236 1114 1264 reat.
1170 1233 1330 1273 Praesens]
1369 1235 1508 1273 Potens,
1537 1241 1574 1265 et
1603 1238 1720 1273 parata

1033 1283 1196 1315 hominem
1214 1284 1256 1315 de
1280 1284 1346 1315 ima
1368 1285 1466 1325 plebe
1488 1285 1520 1315 in
1543 1285 1646 1316 altum
1668 1283 1720 1315 ef-

1033 1331 1133 1362 ferre.

1073 1383 1093 1410 4
1122 1381 1260 1421 Vertere]
1285 1381 1419 1417 Mutare
1433 1382 1465 1412 in
1482 1381 1594 1412 caedes
1609 1386 1643 1411 et
1665 1379 1717 1412 fu-

1031 1437 1120 1459 nera.

1073 1481 1091 1507 5
1115 1477 1237 1518 Ambit]
1259 1479 1309 1509 Te
1327 1482 1435 1518 rogat.

1073 1527 1195 1566 [Ruris.
1237 1528 1368 1566 colonas,
1401 1531 1431 1559 te
1464 1528 1628 1567 dominam,
1661 1530 1716 1567 Esc-

1030 1574 1133 1606 Wolf.
1151 1585 1204 1615 ap.
1220 1576 1359 1616 Jaeck.]

1071 1626 1090 1654 7
1116 1625 1308 1664 Quicunque]
1332 1626 1448 1656 Omnis
1473 1631 1505 1656 te
1530 1630 1639 1666 rogat,
1659 1626 1714 1665 qni

1031 1672 1176 1710 lacessit,
1192 1673 1224 1703 id
1242 1679 1308 1711 est,
1323 1674 1378 1714 qui
1395 1674 1544 1713 navigat,
1561 1679 1595 1704 et
1617 1675 1715 1704 remis

1029 1719 1174 1759 impellit
1189 1722 1324 1762 pelagus
1339 1723 1556 1761 Carpathium
1568 1722 1715 1762 Bithyna

1031 1770 1154 1810 carina,
1170 1781 1236 1811 qua
1260 1781 1386 1802 merces
1410 1782 1449 1802 ex
1473 1772 1632 1812 Bithynia
1652 1772 1718 1804 fer·

1030 1824 1156 1850 rentur.
1184 1821 1394 1860 [Qaaecunque
1407 1821 1636 1852 Schoenborn.
1646 1821 1701 1861 2.]

1070 1871 1091 1899 9
1116 1869 1239 1908 Dacus]
1261 1869 1354 1900 Gens
1373 1870 1531 1900 bellicosa
1546 1869 1646 1910 juxta
1664 1870 1715 1901 Is·

1030 1923 1117 1948 trum
1131 1916 1268 1949 fluvium
1284 1919 1418 1958 degens.
1465 1919 1612 1959 Profugi]
1635 1921 1716 1959 Scy-

1030 1966 1096 1998 thae
1111 1967 1143 1997 in
1162 1968 1320 2006 plaustris
1339 1973 1493 2008 tanquam
1515 1968 1548 1998 in
1565 1967 1715 1998 domibus

1029 2016 1227 2054 habitantes,
1253 2021 1379 2046 certam
1407 2017 1520 2046 sedern
1550 2025 1712 2055 nusquam

1027 2063 1202 2094 habentes.

1071 2113 1111 2141 10
1133 2111 1259 2142 Latium
1265 2111 1375 2150 ferox]
1401 2110 1592 2142 Animosum
1609 2115 1712 2152 atque

1027 2160 1165 2198 elatum,
1189 2165 1257 2190 tum
1280 2169 1340 2199 per
1361 2169 1410 2198 se,
1427 2165 1496 2190 tum
1515 2159 1602 2199 quod
1622 2160 1655 2190 in
1670 2169 1711 2190 eo

1027 2209 1090 2239 sita
1105 2214 1192 2239 esset
1205 2209 1322 2247 Roma,
1340 2213 1390 2239 tot
1406 2209 1553 2247 gentium
1570 2209 1711 2248 imperio

1026 2257 1182 2296 superba.
1226 2257 1323 2288 Unde
1345 2258 1470 2288 factum
1490 2258 1657 2296 existimo,
1673 2262 1712 2289 ut

1026 2306 1159 2336 sublata
1175 2306 1318 2345 Republ.
1335 2307 1475 2346 imperio
1492 2307 1525 2336 in
1542 2307 1636 2338 nnius
1653 2317 1711 2347 po-

1026 2359 1181 2386 testatem
1210 2356 1359 2394 redacto,
1387 2355 1539 2386 Caesares
1568 2358 1712 2397 quoqne,

1027 2405 1082 2445 qui
1101 2415 1209 2436 rerum
1235 2406 1460 2445 potiebantur,
1475 2415 1610 2436 aureum
1630 2407 1712 2438 For·

1026 2457 1115 2484 tunoe
1131 2454 1362 2484 simulachrum
1386 2463 1447 2493 per
1470 2464 1584 2486 manus
1608 2455 1711 2487 tradi·

1027 2507 1095 2534 tum
1109 2503 1142 2533 in
1155 2503 1312 2533 interiore
1326 2502 1479 2533 cubiculo
1491 2505 1711 2543 servaverint,

1027 2561 1100 2591 quae
1117 2561 1183 2582 una
1198 2561 1272 2582 cum
1288 2551 1434 2591 Imperio
1449 2553 1630 2583 successori
1645 2556 1710 2583 tra·

1025 2600 1178 2631 debatur.
1222 2601 1312 2631 Hinc
1325 2601 1425 2631 etiam
1442 2598 1582 2638 factum,
1598 2605 1635 2631 ut
1650 2609 1710 2641 pel·

1027 2650 1203 2680 Fortunam
1217 2649 1550 2688 Caesarisjumretur.
1571 2649 1710 2680 Τοπωὲ.

1067 2701 1105 2728 11
1131 2696 1265 2737 Malres]
1298 2697 1416 2728 Solent
1442 2703 1564 2729 matres
1589 2699 1707 2728 timere

1023 2747 1151 2778 liberis.

1070 2798 1110 2826 12
1126 2794 1296 2835 Purpurei]
1314 2794 1422 2834 Reges
1433 2803 1578 2834 purpura
1585 2792 1708 2824 ornati·
