1916 3262
502 291 710 325 nonA‘rn
743 290 1019 322 osummuu
1053 292 1150 322 mn.
1182 292 1212 321 1.
1243 282 1312 323 24.

218 391 235 419 1
262 388 343 424 Quis
353 387 524 428 desiderio]
552 386 715 427 Virgilius
740 387 873 418 Musam

172 439 372 480 alloquitur.
405 438 493 470 Vide
506 437 634 479 Sigouii
651 436 833 468 Emendat.
850 437 872 470 Ι.

172 498 214 521 1¹.
252 490 334 526 Quis
355 488 522 529 desiderio]
545 487 578 519 0
609 487 709 519 Musa
737 487 872 527 Melpo-

171 550 271 573 mene
295 541 350 572 cni
373 544 474 582 pater
497 547 614 571 vocem
635 537 798 579 liquidam
815 538 872 569 de-

170 590 224 624 dit
234 601 311 623 cum
321 591 466 626 cithara,
479 589 643 631 praecipe,
655 589 688 620 id
703 593 770 629 est,
783 598 872 629 prae-

170 645 334 677 monstra,
350 640 404 671 vel
419 639 518 678 doce,
533 648 597 670 cur
608 647 799 680 quenquam
812 647 872 679 pu-

171 689 253 722 deat
267 689 439 722 desiderio
452 693 518 720 tam
532 687 628 719 chari
641 687 789 719 hominis
801 686 871 719 affi-

170 741 225 772 ci?
240 745 301 773 aut
315 740 391 783 quis
400 739 526 772 debeat
537 749 615 771 esse
630 738 707 770 finis
723 739 799 780 ejus
812 738 871 771 de-

169 791 296 823 siderio
307 791 320 822 ἓ

209 844 232 873 8
257 840 418 881 Lug-ubres
441 839 642 882 Caum11n
662 840 810 883 antiquis
834 840 872 872 li-

166 891 238 923 bris
265 891 411 931 lugubri·
432 891 626 933 legebatur.
670 892 784 923 Purus
809 901 870 932 pu·

166 945 222 972 tus
234 941 446 974 Graecismus
462 946 528 984 est,
543 952 643 984 quem
659 951 728 972 non
751 941 870 972 adver-

166 997 284 1025 terunt
297 993 402 1026 docti.
433 995 629 1035 Melpomene
643 994 782 1034 lugubris
796 1004 869 1025 con-

165 1045 232 1083 tus,
249 1047 305 1075 est
328 1042 419 1085 qnod
447 1044 565 1076 Graeci
589 1044 759 1085 dicerent,
773 1043 794 1082 ἡ
807 1045 870 1076 τῶν

165 1094 283 1133 Ἰοφῶν
306 1091 455 1132 &cudi-mv
479 1092 683 1134 Μελπομένη,
709 1104 786 1126 cum
818 1094 869 1125 iu-

168 1141 342 1182 telligunt,
356 1141 423 1175 θεά.
447 1144 576 1185 Latini,
591 1145 671 1186 quia
687 1145 868 1176 articulum

166 1200 234 1223 non
259 1193 470 1234 exprimunt,
493 1194 739 1226 obscuritatem
761 1194 870 1225 vitare

166 1251 234 1273 non
250 1248 404 1284 possunt.
434 1244 627 1285 Melpomene
641 1244 784 1285 lugubris
796 1254 871 1276 cun·

166 1295 229 1328 tus,
245 1297 313 1333 est,
328 1294 470 1334 lugubris
489 1298 601 1326 cantus
615 1295 686 1326 dea.
731 1295 869 1332 Qumre,

166 1341 288 1384 inquit,
325 1352 347 1374 o
377 1344 608 1385 Melpomene,
624 1345 697 1385 quis
728 1345 868 1376 tandem

165 1393 286 1423 modus
296 1391 430 1424 futurus
444 1393 488 1424 sit
497 1393 698 1425 Quintilium
715 1393 868 1434 lugendi.

164 1440 331 1472 Heinsius.
374 1441 538 1481 Lugubres
550 1441 675 1482 cantus]
697 1442 867 1475 Querulos

163 1496 298 1527 cantus,
336 1491 379 1522 ad
422 1492 669 1534 deplorandam
705 1493 868 1527 Quintilii

162 1547 306 1573 mortem
321 1542 611 1574 accommodatos.

206 1595 227 1624 3
252 1593 314 1625 cin·
325 1593 572 1635 liquidam,&c.]
597 1593 867 1635 Csuoram,cla-

163 1653 250 1683 ran,
271 1653 424 1684 suavem,
438 1653 506 1675 non
525 1653 674 1676 raucam.
706 1644 865 1677 Mncrob.

165 1702 217 1726 vt.
234 1696 267 1726 8.
289 1694 439 1727 Turneb.
458 1703 561 1726 xxvi.
575 1697 630 1726 86.
671 1695 788 1736 Pater]
804 1695 867 1728 Ju-

163 1745 266 1786 piter,
282 1745 381 1786 cujus
395 1743 475 1776 fitiae
500 1744 663 1776 dicuntur
688 1745 799 1776 Musae
824 1754 866 1776 ex

164 1795 401 1836 Mnemosyne.

207 1850 227 1877 6
252 1845 359 1886 Ergo]
378 1845 455 1876 Vox
483 1844 695 1884 indignantis
723 1849 781 1875 aut
807 1844 869 1875 do-

164 1896 264 1927 lentis
285 1900 351 1927 est.
397 1893 605 1934 Quintilium]
635 1893 712 1925 Nisi
737 1899 869 1935 tempo·

165 1954 239 1976 rum
269 1945 356 1976 ratio
379 1944 547 1983 obstaret,
572 1943 749 1975 crederem
778 1944 868 1976 hunc

163 1996 388 2029 Quinctilium
420 1995 549 2026 Varum
581 1994 701 2035 fuisse,
730 1995 772 2026 de
801 2004 868 2036 quo

163 2055 265 2087 supra
281 2045 350 2077 Od.
368 2048 420 2077 18.
454 2045 549 2085 Ergo
565 2044 669 2075 alium
686 2043 791 2075 fuisse
808 2053 867 2075 ue-

162 2105 257 2128 cesse
272 2100 334 2133 est,
350 2100 385 2126 et
395 2105 471 2127 eum
487 2094 637 2136 quidem,
651 2098 688 2124 ut
705 2093 866 2132 arbitror,

162 2140 282 2188 de'quo
291 2145 460 2178 Eusebius
471 2143 628 2177 Chronic.
637 2143 777 2184 Olymp.
790 2145 865 2174 189.

163 2196 215 2228 bis
229 2196 345 2229 verbis
359 2208 367 2228 :
386 2196 595 2230 Quinctilius
611 2194 865 2230 Cremonensis,

161 2245 296 2287 Virgilii
305 2250 343 2278 et
354 2245 493 2278 Horatii
502 2244 693 2284 familiaris,
706 2244 863 2276 moritur.

164 2295 310 2330 Torrent.
337 2297 442 2328 Turn.
460 2304 555 2327 xxx.
572 2297 625 2327 28.
673 2294 863 2336 Perpetuus]

161 2344 338 2387 Perpetua
345 2355 436 2378 mors
444 2344 864 2386 occupat.[Schoenborn.

163 2397 196 2427 2.
212 2405 231 2426 a
247 2405 292 2427 m.
307 2405 375 2428 sec.
387 2399 553 2437 pei-petum
567 2395 682 2436 dolon]

204 2448 227 2476 6
240 2445 387 2477 Justitioe
397 2445 500 2486 soror]
523 2445 690 2487 Egregie:
703 2450 756 2477 est
771 2446 862 2478 enim

163 2492 263 2533 fides,
279 2495 428 2535 justitiae
450 2494 720 2532 fundamentum.
744 2501 783 2527 nt
805 2496 864 2527 Ci-

163 2553 245 2576 cero
260 2544 384 2586 inquit,
398 2545 432 2575 id
449 2548 514 2584 est,
533 2545 699 2577 dictorum
715 2555 863 2578 conven-

162 2599 345 2636 torumque
357 2594 550 2625 constantia
562 2603 602 2625 ac
615 2595 755 2626 veritas.
778 2596 864 2627 Tum

163 2645 253 2677 bene
279 2645 458 2675 veritatem
479 2642 560 2674 fidei
581 2647 617 2675 et
635 2643 779 2683 justitiae
804 2644 864 2676 ad-

157 2695 290 2736 jungit,
312 2703 455 2735 quarum
479 2692 576 2724 nulla
599 2692 672 2724 sine
700 2692 766 2724 alia
790 2702 863 2724 esse

165 2750 223 2778 aut
244 2746 433 2778 subsistere
450 2747 587 2786 potest;
613 2742 738 2775 Cicero
760 2741 863 2775 Offic-

158 2795 224 2828 Jib.
242 2804 268 2827 1.

204 2849 226 2879 5
251 2845 438 2886 Incorrupta
457 2842 578 2885 Fides}
592 2842 696 2875 Fides
712 2839 788 2885 quae
805 2851 864 2874 ne·

1514 283 1628 327 1375

924 395 990 427 qne
1006 395 1109 428 prece
1125 395 1235 428 noque
1251 386 1363 426 pretio
1384 388 1626 428 corrumpitur.

925 436 1082 477 Nudaque
1101 435 1237 477 Veritas]
1253 435 1392 468 Veritas
1406 442 1539 477 aperta,
1549 438 1626 469 sim-

924 487 1006 527 plex
1020 496 1061 518 ac
1077 486 1147 518 sine
1162 486 1255 518 fuco.

966 540 987 569 8
1013 538 1161 579 Quando]
1184 539 1278 570 Raro
1294 542 1353 570 ant
1368 547 1552 579 nunquam.

965 591 987 620 9
1011 589 1154 631 Occidit]
1177 590 1337 621 Mortuus
1354 594 1408 620 est
1422 588 1494 630 ille,
1510 588 1627 621 multis

922 638 1021 670 bonis
1037 639 1282 679 deplorandus.

966 690 1008 720 10
1024 689 1118 721 Nulli
1123 689 1280 731 flebilior]
1299 689 1411 731 Auget
1426 688 1562 731 quidem
1575 689 1627 721 his

922 739 1034 771 verbis
1057 740 1194 780 Virgilii
1220 741 1362 779 luctum,
1379 739 1439 771 sed
1463 740 1627 781 paulatim

921 788 1047 821 labitur
1060 789 1102 821 ad
1119 790 1395 822 consolationem.
1433 790 1518 821 Cum
1534 789 1626 821 enim

921 840 1075 871 omnibus
1095 841 1308 872 moriendum
1331 841 1388 880 sit,
1407 850 1519 882 neque
1537 841 1628 882 quis-

920 900 1021 932 quam
1035 891 1078 923 ab
1091 891 1209 924 inferis
1225 897 1420 928 revocetur.
1432 892 1624 932 sapientem

920 940 1023 973 decet
1038 942 1147 974 dolori
1164 942 1300 975 modum
1314 953 1454 984 ponere.
1483 943 1628 975 Terreni,

920 992 970 1033 [O
983 993 1103 1033 Virgici
1119 994 1287 1037 Guelpli.]

967 1046 1002 1074 11
1023 1044 1204 1082 Tusruslra
1215 1045 1302 1086 pius]
1323 1044 1447 1076 Monet
1459 1054 1535 1076 cum
1549 1044 1626 1076 Diis

919 1102 986 1124 non
1003 1103 1079 1125 esse
1098 1095 1333 1135 pugnandum,
1348 1103 1391 1126 ne
1414 1104 1475 1134 pro
1493 1095 1624 1135 pietate

920 1144 954 1175 in
971 1145 1130 1185 amicum,
1146 1146 1191 1177 sit
1217 1145 1340 1186 impius
1363 1144 1397 1175 in
1422 1145 1528 1181 Deos,
1543 1155 1627 1186 quo-

920 1204 995 1226 rum
1011 1199 1095 1227 nutu
1107 1195 1236 1227 cecidit
1252 1195 1475 1234 Quinctilius,
1487 1204 1554 1226 non
1573 1204 1626 1226 re-

921 1244 1074 1276 victurus
1092 1254 1239 1284 unquam
1258 1254 1320 1285 pro
1334 1243 1504 1276 arbitratu
1521 1245 1627 1276 bomi-

920 1295 983 1327 nis.
1000 1296 1097 1336 Cruq.
1138 1295 1186 1327 Tu
1188 1296 1317 1334 frustra
1332 1294 1419 1336 pius]
1433 1296 1496 1334 Tu,
1507 1305 1626 1336 quam-

920 1344 970 1374 vis
993 1344 1067 1384 pius
1083 1354 1130 1381 es,
1145 1345 1180 1375 in
1199 1354 1321 1375 vanum
1340 1344 1452 1384 poscis
1467 1345 1575 1385 Deos,
1586 1350 1626 1377 nt

918 1392 1125 1424 Quintilium
1149 1393 1193 1424 ab
1209 1393 1326 1424 inferis
1350 1393 1538 1424 excitatum
1560 1394 1625 1426 tibi

919 1442 1117 1475 restituant.
1164 1443 1343 1484 Creditum]
1376 1443 1454 1474 Non
1485 1443 1533 1475 ita
1561 1445 1624 1476 tibi

918 1501 1119 1525 concessum
1136 1503 1156 1525 a
1172 1493 1264 1532 Diis,
1282 1498 1318 1525 ut
1333 1503 1502 1535 uunquam
1516 1504 1625 1526 more-

919 1547 1028 1575 retur.
1071 1544 1181 1576 Recte
1204 1544 1295 1575 euim
1320 1544 1461 1575 Lucret.
1488 1544 1546 1576 lib.
1564 1554 1625 1577 ιη.

918 1595 928 1612 ‘
946 1595 1095 1637 Vitaque
1119 1595 1300 1637 mancupio
1319 1595 1403 1626 nulli
1420 1595 1535 1635 datur,
1552 1606 1624 1628 om-

917 1644 1017 1677 nibus
1033 1645 1119 1677 usn?
1155 1646 1351 1677 Precariam
1374 1646 1501 1687 quippe
1519 1647 1623 1679 vitam

916 1695 1060 1736 agimus,
1077 1695 1191 1727 dantis
1206 1696 1349 1727 arbitrio
1366 1696 1524 1736 posituri.

961 1747 1002 1776 13
1026 1745 1113 1780 Quid
1138 1745 1183 1785 si]
1218 1745 1386 1786 Equidem
1416 1745 1623 1777 crediderim

917 1793 1111 1834 legendnm,
1129 1794 1194 1829 Qui
1206 1794 1236 1825 si
1253 1795 1408 1834 Threicio,
1424 1797 1478 1835 ἅμ’.
1514 1795 1625 1835 Prop-

919 1847 972 1874 ter
986 1841 1026 1874 τὸ
1041 1843 1211 1882 tufi-usim
1222 1845 1308 1885 pius,
1322 1846 1376 1884 ᾀτ.
1399 1844 1540 1876 Judicet
1555 1845 1624 1876 lec-

919 1898 983 1924 tor.
1009 1894 1107 1934 Cruq.
1154 1895 1245 1930 Quod
1258 1894 1286 1925 si
1305 1894 1462 1934 Threicio]
1478 1895 1577 1927 Quod
1594 1895 1624 1926 si

919 1946 955 1974 tu
972 1942 1131 1975 blandius
1152 1947 1189 1975 et
1210 1943 1447 1974 delectabilius
1463 1943 1623 1975 Threicio

919 1992 1059 2034 Orpheo
1079 1992 1257 2024 moderere
1269 1992 1383 2029 fidem,
1399 1992 1431 2023 id
1450 1998 1500 2023 est
1516 1993 1623 2024 citha-

917 2051 964 2074 rae
993 2042 1168 2082 chordam,
1190 2041 1341 2072 auditam
1366 2041 1558 2082 arboribus,
1588 2042 1623 2073 id

917 2095 983 2130 est,
1007 2101 1110 2132 qnam
1135 2091 1273 2123 arbores
1299 2091 1486 2122 audiebant
1508 2097 1544 2123 et
1568 2101 1623 2123 se-

916 2140 1134 2183 quebantur3
1158 2151 1224 2173 nou
1256 2142 1376 2173 redeat
1401 2147 1517 2174 tamen
1543 2152 1620 2174 san-

915 2192 989 2232 guis
1012 2201 1109 2223 vanae
1134 2192 1284 2233 imagini,
1306 2192 1339 2224 id
1357 2197 1422 2232 est,
1437 2194 1557 2224 animae
1573 2194 1622 2225 in-

914 2250 1102 2282 corporeae,
1117 2251 1217 2284 quam
1239 2242 1432 2274 Mercurius
1448 2252 1514 2273 uon
1533 2243 1620 2275 leuis

915 2292 1074 2332 precibus
1099 2292 1176 2333 (sed
1195 2292 1428 2333 inexorabilis)
1454 2293 1496 2324 ad
1521 2303 1620 2325 revo-

914 2341 1055 2374 candam
1071 2341 1137 2374 fati
1153 2343 1396 2375 necessitatem
1410 2344 1516 2374 semel
1528 2353 1620 2375 com·

914 2393 1041 2433 pulerit
1056 2397 1092 2424 et
1106 2392 1367 2434 congregaverit
1379 2393 1411 2423 in
1430 2393 1619 2424 animarum

914 2443 1181 2483 multitudinem,
1209 2444 1304 2483 virga
1326 2453 1386 2474 sua
1410 2443 1560 2482 horrida,
1583 2444 1616 2474 id

914 2498 979 2532 est,
994 2493 1168 2531 caduceo;
1191 2493 1233 2524 de
1247 2503 1312 2534 quo
1329 2493 1406 2524 vide
1421 2503 1522 2534 supra
1539 2494 1618 2524 Ode

914 2552 981 2575 xit.
1030 2541 1084 2574 Ad
1115 2543 1247 2583 Orphei
1275 2548 1389 2574 autem
1414 2548 1451 2574 et.
1472 2544 1618 2584 Eurydi-

913 2603 971 2626 ces
987 2592 1136 2624 fabulam
1152 2593 1305 2632 respicit,
1321 2592 1474 2623 omnibus
1489 2599 1616 2625 uotam.

912 2642 1016 2683 [Quin
1038 2642 1067 2673 si
1093 2641 1184 2673 Bibl.
1209 2643 1293 2673 Crit.
1318 2644 1413 2672 1820.
1437 2645 1522 2672 11.2·
1539 2645 1615 2676 581.

917 2692 1062 2725 Thu-aicta
1078 2691 1244 2732 Guelpli.]

956 2743 1015 2784 [14
1027 2741 1261 2774 Schoenborn.
1277 2744 1310 2773 2.
1323 2744 1459 2773 mactare
1473 2750 1535 2782 pro
1549 2751 1614 2773 mo-

913 2795 1029 2826 derere.
1043 2791 1192 2832 Guelpli.
1199 2791 1300 2833 fldem
1313 2791 1502 2832 arboribus]

959 2847 997 2875 15
1025 2843 1122 2875 Vanoe
1141 2842 1288 2884 imagini]
1312 2841 1404 2876 Quid
1429 2841 1610 2882 imaginem
