1916 3262
2 2325 6 2330 .
0 2219 13 2305 xvv„

479 292 688 325 nolimu
721 292 998 323 cAnmNUM
1035 293 1133 323 mn.
1166 294 1197 324 1.
1227 283 1298 325 26.

157 387 319 420 hederam
351 387 450 419 viridi
479 384 636 428 opponit,
662 386 755 417 sicut
778 386 857 418 alibi

159 437 301 470 viridem
316 442 462 478 myrtum
472 440 582 472 vocat,
592 442 771 477 antequam
784 436 858 477 pul-

158 487 192 518 la
208 497 282 519 esse
298 487 430 528 incipit.
460 487 570 518 Locus
586 496 605 517 a
624 485 732 517 Poeta
748 486 795 517 ita
807 485 858 517 fn-

159 543 235 569 erat
256 542 464 578 conceptnst
490 537 586 578 pubes
606 537 721 568 hedera
743 537 860 568 virenti

161 586 307 618 Gaudeat
322 588 408 628 pulla
427 587 541 626 magis,
552 590 644 626 atque
665 587 764 628 myrti
780 587 857 618 Ari-

158 637 365 676 dusmffla
380 639 435 679 &a
471 637 648 677 Quereris,
660 637 784 678 inquit,
802 638 859 678 ju-

158 691 336 718 ventutem
370 686 475 726 magis
506 686 604 717 viridi
636 696 736 727 quam
768 687 860 728 pulla

159 737 324 768 delectari
340 735 479 775 hedera,
495 736 682 777 juvencula
699 736 860 768 videlicet

158 796 261 827 quam
289 796 378 819 ann:
426 786 583 827 qnodque
615 787 726 818 aridas
756 788 858 828 myrti

155 836 297 869 frondes
310 836 451 878 abjiciat
474 842 510 868 et
529 837 647 869 Hebro
668 843 859 870 consecret.

157 885 243 918 Cum
268 885 378 918 Poeta
401 896 483 928 ergo
507 887 710 928 simpliciter
732 889 860 921 dixisse

155 939 305 978 poterat,
323 941 490 969 amatores
515 944 642 978 myrtos
664 948 738 969 suas
755 938 860 980 depo-

157 995 251 1027 nere,
281 986 398 1018 maluit
427 985 624 1026 ἆστεΐζεσθαι
654 993 690 1019 et
719 993 859 1020 venuste

156 1036 262 1077 loqui.
307 1037 454 1078 Myrtos,
477 1038 602 1080 iuquit,
631 1048 710 1070 suas
733 1039 859 1078 aridas,

159 1096 237 1120 cum
261 1091 366 1120 aetate
393 1089 482 1120 illius
507 1098 607 1131 quam
631 1095 759 1131 amant,
782 1090 860 1130 qnia

158 1137 275 1170 vetula
289 1143 352 1178 est,
368 1138 487 1170 Hebro
510 1139 695 1178 dedit-anu
719 1145 755 1171 et
771 1149 860 1171 amo·

159 1195 231 1218 rem
246 1187 470 1219 transferunt.
501 1189 679 1220 Hactenus
696 1189 861 1222 Heinsius.

93 1240 100 1245 '
159 1236 291 1269 Hedera
304 1238 433 1278 virenti,
448 1241 480 1269 et
493 1239 578 1278 pulla
593 1239 710 1280 myrto]
733 1239 861 1272 Juven-

159 1288 252 1319 culas
277 1294 453 1328 comparat
477 1289 640 1320 Horatius
663 1289 802 1321 hederae
827 1295 861 1322 et

159 1341 285 1378 myrto,
301 1337 486 1370 fruticibus
509 1343 677 1378 perpetua
700 1348 797 1370 coma
813 1341 861 1371 vi-

159 1387 331 1418 rentibus:
355 1397 438 1418 anus
462 1387 607 1418 extincti
628 1386 720 1418 floris
741 1389 860 1420 mulie-

157 1445 212 1468 res
227 1437 331 1468 aridis
346 1436 523 1467 frondibus
547 1446 588 1468 ac
611 1436 762 1477 caducis,
777 1448 859 1479 quas

156 1495 202 1518 ex
217 1485 392 1518 arboribus
416 1486 501 1526 ripae
526 1496 598 1518 snae
624 1487 743 1519 adsitis
769 1488 860 1520 deci-

157 1536 291 1577 dentes,
309 1536 430 1577 hyeme
446 1537 639 1578 ingruente,
658 1539 764 1570 volvit
786 1540 858 1571 He-

156 1586 249 1621 brus.
284 1587 407 1621 virens
422 1587 552 1619 hedera
567 1594 603 1623 et
622 1589 714 1629 pulla
729 1595 859 1631 myrtus

157 1637 315 1669 similiter
331 1637 460 1669 viridis.
505 1639 606 1670 Pulla
621 1641 711 1671 enim
728 1646 859 1682 myrtus

158 1688 202 1719 de
231 1687 366 1724 arbore,
399 1689 497 1730 cnjus
533 1688 615 1722 folia
648 1691 749 1722 etiam
778 1697 862 1732 tum,

159 1747 262 1780 quum
278 1739 423 1770 maxime
443 1740 567 1777 virent,
582 1740 679 1780 nigra
698 1746 789 1779 sunt,
806 1751 862 1773 co-

110 1789 113 1792 “
158 1786 230 1819 lore
246 1796 368 1828 nempe
384 1787 530 1819 obscuro
546 1798 586 1819 ac
602 1790 699 1829 nigro
717 1790 863 1820 viridan-

161 1837 222 1869 tia.
246 1837 381 1869 Salvum.
430 1838 568 1878 Vir-enti]
591 1838 762 1870 Viridiore
782 1843 863 1870 aeta-

162 1891 222 1926 te;
246 1887 367 1928 puellis
385 1887 554 1918 nimirum.

165 1969 170 1974 ,
206 1939 248 1968 18
271 1937 367 1968 Paua
382 1937 483 1976 tnagis
498 1942 590 1978 atque
606 1936 723 1979 myrto]
748 1938 863 1970 Quod-

162 1995 228 2027 que
253 1986 362 2027 magis
388 1987 538 2027 gandeat
567 1988 659 2027 pulla
684 1994 807 2029 myrto,
828 1988 862 2019 id

162 2039 228 2071 est,
239 2035 408 2068 subviridi
424 2041 535 2077 myrto
552 2046 639 2077 pene
656 2038 764 2078 nigra.
787 2039 862 2069 Me·

161 2085 303 2126 tapbora
319 2090 373 2117 est
388 2096 396 2117 ε
413 2096 491 2117 nam
507 2093 637 2127 myrtus
654 2088 751 2128 nigra
767 2089 862 2129 poni-

159 2140 218 2168 tur
246 2145 309 2177 pro
334 2135 445 2168 forma
471 2142 661 2174 constante,
688 2149 764 2180 quae
795 2149 862 2171 non

118 2207 123 2213 ι
156 2179 261 2222 sicile
277 2187 379 2228 perit,
395 2187 503 2228 qualis
520 2193 573 2219 est
596 2189 630 2220 in
653 2189 766 2229 puella
785 2190 863 2221 sub-

158 2237 257 2271 fusca
268 2243 304 2270 et
318 2239 493 2280 nigrante:
517 2239 656 2271 laudant
668 2239 759 2271 Galli
774 2240 863 2272 hunc

160 2288 323 2331 calorem,
335 2299 437 2330 qurum
449 2290 595 2330 puellam
613 2290 661 2320 sic
677 2290 862 2322 coloratam

162 2338 337 2378 appellant
351 2339 426 2371 belle
439 2340 605 2371 Brunette.

205 2388 248 2418 19
279 2386 400 2419 Aridus
427 2388 571 2426 frondeis
598 2389 718 2429 hyemis
748 2390 862 2430 sodali]

167 2436 267 2470 Quod
283 2437 458 2470 edentulus
474 2443 512 2470 et
526 2449 666 2479 rugosas
681 2449 765 2471 auus
782 2446 864 2472 aeta·

164 2491 201 2519 te
226 2486 367 2528 frigidas
395 2487 532 2519 dedicet
564 2489 682 2521 Hebro
708 2491 864 2522 Thraciae

165 2535 270 2569 fluvio
281 2537 580 2579 frigidissimo‚qui
596 2539 725 2571 idcirco
739 2541 866 2572 dicitur

164 2587 296 2628 hyemis
335 2587 473 2625 sodalis,
509 2588 598 2628 quod
633 2589 866 2629 Septentrioni

165 2637 334 2678 subjacet,
365 2637 423 2668 ubi
452 2638 632 2669 maximum
665 2644 719 2670 est
746 2639 864 2681 frigus.

165 2688 222 2719 De
238 2696 305 2729 quo
322 2687 355 2718 iu
373 2688 483 2727 Epist.
498 2687 540 2718 ad
557 2687 684 2719 Julium
708 2689 864 2721 Florum:

165 2739 175 2754 ⁴
189 2737 395 2778 Hebrusque
412 2737 514 2768 nivali
527 2738 692 2778 compede
710 2738 869 2770 vinctus.’

167 2787 339 2828 Quicquid
363 2789 449 2818 enini
476 2788 720 2829 abominamur,
735 2789 769 2820 in
791 2799 868 2830 pro·

166 2836 328 2870 fluentem
343 2839 446 2870 autin
462 2839 570 2878 ignem
585 2839 686 2878 abjici
699 2845 868 2880 optumus.

250 2891 368 2931 Delph.
381 2895 412 2923 et
432 2892 507 2923 Vur.
523 2893 609 2923 Clas.

1499 261 1611 327 1357

909 386 956 418 Et
979 385 1135 426 Scaliger
1162 384 1300 427 quidem
1325 385 1396 424 igni
1421 394 1482 425 pro
1504 387 1614 420 Hebro

909 437 1023 478 aptius
1035 437 1103 468 dici
1123 436 1272 478 potuisse
1289 435 1431 475 indicat,
1443 436 1502 466 sed
1515 439 1614 470 male.

907 487 1107 520 Scortillum
1134 487 1223 518 enim
1247 485 1434 518 marcidum
1454 487 1541 526 jain,
1564 496 1614 519 at.

908 546 975 579 qne
984 537 1171 578 exoletum,
1182 537 1236 568 cui
1248 537 1360 577 potius
1371 536 1614 578 marito‚qnam

909 587 1042 626 Hebro,
1059 587 1189 629 hyemis
1207 587 1329 626 sodali,
1349 587 1533 618 conveniat
1548 598 1558 626 ς
1579 594 1616 619 at

901 638 1179 678 juvencularum,
1196 647 1278 679 quas
1301 637 1416 669 ederae
1440 647 1479 669 ac
1503 643 1615 678 myrto

909 694 1102 729 comparat,
1117 689 1282 730 conditio,
1298 688 1343 720 ob
1360 689 1504 720 virorem
1521 689 1616 720 illum

911 734 1178 777 tenacissimum,
1188 739 1310 769 merito
1320 738 1525 779 expetenda.
1541 739 1618 770 Tor-

909 791 991 820 rent.
1023 788 1142 819 Aridus
1147 788 1287 826 frondes
1300 788 1421 830 hyemis
1434 789 1534 819 sodali
1549 789 1615 819 De-

909 838 990 870 dicet
1007 838 1132 880 Hebro]
1152 838 1249 869 Inter
1263 848 1304 869 ea
1318 849 1393 878 ‹111ae
1408 838 1524 870 Caesar
1537 839 1616 870 Sca·

910 889 996 930 liger
1010 889 1192 920 Horatium
1207 898 1386 930 perperam
1398 889 1526 921 dixisse
1539 899 1616 930 pro-

909 939 1059 980 nuntiat,
1087 939 1189 970 etiam
1218 939 1300 970 illud
1328 939 1528 970 criminatus
1553 946 1616 978 est,

911 989 1000 1029 quod
1018 989 1130 1020 aridus
1146 987 1284 1020 frondes
1301 988 1420 1020 Hebro
1434 988 1617 1028 dedicarit,

911 1049 986 1071 cum
1018 1049 1068 1070 eae
1099 1038 1239 1073 flammis
1275 1039 1388 1079 potius
1429 1039 1614 1070 exurendae

912 1089 1079 1120 committi
1108 1088 1266 1119 debuisse
1293 1087 1486 1129 videantur,
1513 1097 1614 1129 quam

910 1137 1103 1169 fluminibus
1120 1137 1340 1169 absorbendae
1357 1138 1459 1169 tradi.
1506 1138 1614 1169 Nimi-

914 1197 987 1219 rum
1004 1197 1071 1219 non
1089 1197 1129 1218 eo
1146 1187 1258 1227 modo,
1275 1197 1342 1228 quo
1358 1187 1459 1226 vulgo
1476 1187 1616 1228 legitur,

913 1237 1094 1278 Horatium
1113 1238 1291 1278 scripsisse
1309 1243 1412 1277 puto:
1437 1237 1495 1268 sed
1512 1242 1617 1269 muta-

913 1289 1004 1319 tione
1031 1287 1104 1319 fere
1131 1288 1246 1318 nulla:
1284 1288 1419 1318 Dedicet
1448 1288 1546 1318 Euro.
1579 1293 1617 1319 nt

913 1337 1027 1368 aridas
1056 1337 1196 1368 frondes
1225 1336 1346 1367 eodem
1376 1336 1478 1367 modo
1504 1338 1616 1369 ventis

911 1386 1124 1426 dissipandas
1140 1386 1257 1425 donet,
1279 1395 1345 1426 quo
1362 1387 1518 1426 sequenti
1543 1397 1616 1418 car-

910 1436 1022 1467 mine:
1057 1441 1064 1453 ¹
1082 1437 1271 1467 Tristitiam
1297 1441 1334 1467 et
1357 1441 1467 1467 metus
1494 1437 1618 1468 Tradit

912 1486 1080 1527 protervis
1103 1487 1138 1518 in
1161 1496 1254 1517 mare
1272 1487 1446 1518 Creticum
1470 1487 1617 1518 Portare

911 1536 1047 1568 ventis)
1080 1536 1132 1568 Ac
1141 1537 1269 1568 Eurum
1285 1537 1436 1578 ‘hyemis
1448 1537 1614 1569 sodalem’

911 1592 1024 1625 vocat,
1040 1592 1078 1619 ut
1104 1587 1182 1618 alibi
1211 1587 1390 1628 Zephyros
1413 1588 1423 1604 ⁴
1439 1588 1538 1618 Veris
1560 1598 1617 1619 co-

911 1636 1032 1668 mites'
1050 1637 1250 1677 appellavit.
1275 1638 1426 1677 Rutgers.
1468 1637 1619 1677 [Dedicet

909 1687 999 1719 Auro
1014 1688 1124 1719 codex
1141 1698 1197 1728 ap.
1213 1687 1355 1727 Jaeck.]

912 1739 996 1769 One
1023 1746 1132 1769 xxv1.
1169 1737 1393 1778 Εὐχαριστική.
1441 1738 1497 1769 An
1537 1738 1617 1769 Mu-

956 1797 1044 1828 sAM,
1062 1797 1111 1819 ms
1129 1788 1230 1819 AEuo
1254 1789 1391 1820 LAMIA.
1438 1789 1616 1819 Musarum

958 1839 1108 1869 cultores
1125 1838 1236 1869 minus
1251 1839 1352 1878 curis,
1365 1844 1399 1869 et
1415 1838 1616 1869 rnoeroribus

957 1898 1031 1920 esse
1048 1888 1224 1919 obnoxios.
1271 1887 1381 1919 Poeta
1394 1898 1490 1919 suum
1510 1889 1618 1919 Lami-

957 1949 1011 1970 am
1042 1939 1152 1970 Musae
1183 1939 1352 1979 Pimplea-2
1387 1939 1616 1970 commendat.

956 1988 1040 2029 [Hie
1054 1990 1163 2020 laudat
1185 1990 1322 2019 studium
1336 1988 1550 2029 mduscumque
1572 1989 1619 2026 qt*-

933 2040 1033 2080 .ficii‚
1048 2039 1252 2081 vituperando
1267 2048 1372 2069 omnes
1385 2039 1496 2070 alienis
1514 2039 1617 2070 inten-

955 2093 1004 2120 tos
1016 2089 1126 2130 officiis
1139 2088 1372 2120 Sclioenborn.
1388 2089 1438 2130 2.]

957 2142 973 2170 l
994 2139 1100 2170 Musis
1115 2138 1248 2179 amicus]
1269 2139 1363 2170 Vera
1379 2148 1418 2169 ac
1435 2138 1547 2170 solida
1568 2138 1618 2170 fe-

913 2191 1024 2222 licitas
1041 2195 1093 2223 est
1109 2200 1184 2222 cum
1204 2190 1311 2221 Musis
1325 2190 1473 2222 versari:
1499 2190 1541 2222 ab
1562 2200 1619 2222 ea-

914 2251 986 2273 rum
1011 2241 1238 2272 contubernio
1261 2240 1431 2281 aegritudo
1453 2244 1489 2271 et
1507 2247 1618 2271 metus

913 2291 1106 2332 longissime
1132 2290 1268 2322 absunt.
1311 2291 1455 2332 Semper
1470 2290 1517 2322 ibi
1534 2291 1620 2321 laeti-

915 2343 977 2379 tia,
992 2351 1128 2381 semper
1142 2346 1264 2373 cantus
1279 2344 1314 2372 et
1328 2341 1476 2376 choreae,
1493 2349 1531 2372 ac
1549 2341 1619 2370 vel-

915 2393 966 2424 uti
996 2393 1131 2424 assidua
1167 2391 1324 2432 quaedam
1356 2392 1514 2430 ebrietas,
1553 2400 1618 2431 qua

915 2442 1096 2473 exhilarati
1114 2443 1229 2480 animi,
1243 2442 1287 2472 ab
1304 2441 1392 2472 omni
1414 2441 1551 2481 penitus
1567 2449 1619 2470 re-

917 2501 989 2522 rum
1018 2492 1245 2531 periturarum
1272 2490 1508 2522 sollicitudine
1537 2489 1619 2519 libe-

917 2546 1048 2571 rentur.
1073 2541 1217 2571 Torrent-
1263 2540 1368 2571 Musis
1393 2539 1522 2578 amicus,
1549 2538 1617 2578 ὅτ]

917 2591 1014 2623 Ordo
1031 2595 1082 2621 est
1096 2601 1104 2618 ε
1129 2591 1203 2630 Ego
1219 2591 1346 2621 amicus
1361 2589 1470 2619 Musis
1489 2587 1619 2618 tradam

917 2641 1092 2672 tristitiam
1115 2645 1150 2670 et
1173 2645 1300 2670 metum
1325 2637 1492 2678 protervis
1507 2636 1618 2668 ventis

917 2695 1054 2731 portare
1072 2691 1104 2720 in
1130 2689 1304 2720 Creticum
1322 2697 1426 2725 mare,
1441 2686 1475 2717 id
1501 2690 1566 2721 est,
1583 2691 1620 2717 ut

918 2744 1056 2781 portent
1085 2748 1142 2770 eas
1176 2739 1296 2770 animae
1334 2737 1555 2779 aegritudines
1583 2735 1618 2767 in

918 2800 1023 2821 mare.

961 2843 981 2871 2
1007 2839 1156 2879 Tradam]
1179 2838 1331 2870 Tradere
1349 2839 1469 2877 ventis,
1489 2842 1543 2868 est
1560 2837 1618 2869 ob-

840 2893 960 2925 Horat.
1466 2893 1486 2922 4
1509 2890 1532 2922 S
