1930 3204
381 271 493 313 1504

379 372 510 410 nitimi3
533 381 670 414 quorum
694 373 781 404 enim
804 373 931 414 campis
960 374 1063 406 immi·

378 425 472 461 nent,
481 426 517 453 et
526 431 567 453 ea
579 422 685 452 Italiae
695 423 770 453 loca
781 431 854 453 com
860 423 1063 463 plectuntur,

377 479 450 511 quoe
466 479 567 511 supra
582 472 748 502 Veronam
764 476 800 502 et
812 471 951 503 Conium
973 477 1063 504 stunt.

383 519 494 551 Videre
509 520 630 560 Rha-ti]
664 521 778 551 'Palem
796 521 918 559 Rhoeti,
931 525 967 552 et
981 521 1063 552 Vin·

376 568 476 601 delici
485 569 598 600 videre
608 570 752 600 Drusum
759 569 821 600 sub
828 569 970 609 Alpibus
978 569 1064 601 bella

378 623 561 657 gerentem,
576 626 595 662 a
612 626 676 658 quo
691 621 787 648 erant
801 617 980 657 subjugati.

410 670 449 698 18
478 667 644 708 Vindelici]
667 667 723 698 Ita
743 667 821 697 libri
843 676 968 702 omnm,
996 676 1062 697 non

376 720 406 747 et
427 716 591 756 Vindelici,
612 721 650 748 ut
670 716 797 748 Mureti
821 715 922 747 habet
944 715 1062 746 editio.

376 766 434 797 lta
456 771 493 797 ut
517 766 640 805 Rhoeti,
661 765 914 806 propinquiores
938 764 1062 803 Italiae,

378 824 506 845 summa
520 816 620 846 etiam
631 814 767 855 Alpium
781 814 948 845 tenuerint
961 823 969 844 ς
983 813 1064 842 Vin-

376 863 475 894 delici
493 864 664 902 ulteriora,
676 872 789 894 versus
806 864 977 894 Noricum.
1010 862 1064 892 Vi·

379 912 422 942 de
433 912 502 943 Od.
515 915 565 943 14.
579 912 719 943 Torrent.
751 911 883 950 Quibus]
906 912 971 943 Qui
984 911 1064 940 Vin-

377 961 476 992 delici
491 970 551 992 cur
571 961 744 992 securibus
765 961 798 991 in
814 956 931 1000 praelio
946 959 1064 998 (Ama-

375 1019 493 1040 zonum
516 1010 624 1049 more)
647 1014 796 1046 utantur,
817 1018 882 1039 non
890 1009 960 1049 jam
977 1017 1065 1049 quae-

377 1057 517 1088 rendum
543 1058 666 1089 censui.
710 1058 806 1088 Ordo
828 1062 900 1087 est:
933 1056 1065 1088 Quibus

379 1112 417 1137 ut
433 1115 503 1136 mos
517 1106 668 1136 obarmet
684 1115 761 1136 suas
776 1106 911 1136 dextras
928 1104 1066 1134 Amazo-

376 1155 433 1185 nia
445 1155 565 1194 securi,
574 1154 661 1185 unde
673 1154 838 1185 deductus
849 1154 905 1191 sit,
916 1161 1065 1194 quaerere

377 1204 502 1234 distuli.

418 1255 460 1283 20
482 1252 651 1283 Amazonia
673 1252 789 1292 securi]
816 1251 901 1282 Plin.
927 1250 986 1283 lib.
999 1259 1065 1282 vn.

377 1301 494 1340 tradit,
515 1302 655 1333 Set-urim
677 1302 902 1333 Penthesilea?
926 1301 1066 1333 Amazo-

377 1360 455 1381 num
468 1350 590 1389 reginae
601 1350 771 1380 inventum
781 1349 893 1380 fuisse.
917 1351 960 1380 Et
971 1349 1065 1389 Vir-g,

376 1399 418 1429 de
432 1399 574 1429 Camilla
585 1402 738 1438 tanquam
751 1398 794 1428 de
807 1399 974 1428 Amazone
986 1407 1065 1438 qua-

374 1447 450 1478 dam
463 1447 614 1486 loquens,
625 1446 686 1476 ait:
704 1447 714 1463 ‘
725 1446 824 1476 Nunc
833 1446 973 1476 validam
983 1445 1064 1476 dex-

376 1499 429 1525 tra
444 1494 530 1534 rapit
545 1492 713 1524 indefessa
726 1492 926 1533 bipennem.’
956 1493 1063 1523 Porro

375 1553 416 1575 eo
441 1543 514 1583 ipso
528 1542 615 1583 qnod
630 1542 829 1573 Amazoniam
854 1542 985 1573 securim
1005 1542 1063 1582 ap'-

374 1593 479 1631 pellat
491 1591 612 1622 Horat.
626 1600 821 1631 quamquam
838 1590 1063 1630 dissimulans,

374 1641 456 1671 satis
478 1643 596 1678 aperte
618 1638 744 1670 indicat
764 1649 824 1670 cur
846 1649 887 1670 ea
905 1649 942 1669 se
957 1649 1064 1670 arma-

375 1688 485 1719 verint
509 1687 646 1724 Rhoeti;
676 1696 797 1727 nempe
819 1693 855 1717 ut
879 1696 921 1717 ex
944 1687 1063 1718 Servio

375 1736 506 1767 discere
525 1740 592 1772 est,
605 1736 646 1766 ab
664 1735 900 1775 Amazonibus,
927 1745 967 1766 ac
990 1745 1063 1776 pro-

376 1785 455 1816 inde
470 1795 489 1816 a
503 1785 634 1824 Scythis
646 1784 788 1815 oriundi.
811 1785 950 1816 Tor-rent.

418 1836 460 1864 22
482 1834 548 1864 Nec
563 1834 642 1864 scire
649 1833 705 1870 sas
720 1833 780 1873 est]
802 1833 842 1863 In
857 1833 987 1864 duobus
1010 1842 1065 1864 co·
1079 1836 1081 1838 ’

375 1882 506 1913 dicibus
520 1881 639 1913 Bland.
652 1882 787 1922 legitur.
809 1882 925 1913 nescire
937 1881 1065 1920 suestre.

376 1932 462 1963 Utra
473 1932 575 1963 lectio
596 1932 722 1962 rectior
731 1930 932 1971 sit‚judicet
945 1932 1064 1962 lector.

376 1981 473 2019 Cruq.
514 1980 578 2011 Fas
614 1980 674 2019 est]
704 1980 792 2011 Pote
818 1984 890 2018 est;
927 1977 1065 2010 δυνατόν.

377 2028 466 2058 Vide
482 2036 508 2058 1.
524 2027 591 2058 Od.
607 2031 639 2058 2.

415 2078 456 2105 23
478 2076 627 2106 Victrices
636 2077 780 2116 caiervoe]
804 2077 919 2107 Rhoeti
930 2086 1063 2116 semper

375 2128 452 2154 ante
481 2124 633 2163 victores,
669 2133 758 2155 nunc
786 2124 931 2154 consiliis
957 2125 1062 2155 Drusi

375 2171 520 2202 vicissim
532 2172 621 2211 victi,
629 2180 774 2211 sensere,
785 2178 820 2203 et
830 2172 963 2212 experti
973 2178 1063 2212 sunt,

376 2219 470 2260 quid,
485 2221 550 2250 &c-

417 2270 457 2298 24
482 2268 626 2298 Consiliis
652 2268 789 2308 νει-ἔοικε]
811 2269 889 2299 Duo
904 2269 988 2299 Mas.
1002 2268 1060 2299 ha-

375 2317 456 2348 bent
492 2317 649 2356 revivit-m,
686 2317 746 2348 sed
777 2318 863 2348 male
876 2327 885 2348 ε
923 2317 1062 2348 victrices

375 2367 462 2398 enim
479 2368 610 2397 revictus
624 2366 718 2396 dicit.
754 2367 809 2397 De
824 2375 890 2407 quo
902 2366 1061 2406 loquendi

377 2424 500 2456 genere
516 2423 542 2446 ι.
556 2415 624 2446 od.
641 2418 670 2446 l.
695 2415 833 2446 Tor-rent.

417 2467 458 2495 25
482 2464 618 2504 Indoles]
640 2463 761 2495 Innata
776 2464 895 2495 virtus.

418 2515 460 2543 26
482 2513 620 2551 Augusti
646 2516 802 2552 paternus,
829 2513 899 2553 εγω]
932 2512 1037 2543 Recte
1050 2522 1058 2543 ε

377 2570 451 2591 cum
466 2562 556 2591 enim
572 2561 743 2600 Augustus
766 2561 893 2592 Liviam
916 2571 936 2591 a
952 2561 1062 2601 priore

375 2609 494 2640 marito
508 2609 581 2640 Tib.
597 2609 744 2645 Nerone,
756 2610 935 2651 etquidem
950 2610 1062 2640 volen-

378 2661 426 2695 te,
443 2664 538 2690 sexto
541 2659 613 2699 jam
626 2668 736 2690 mense
752 2659 935 2703 gravidam,
950 2659 982 2689 in
999 2668 1064 2689 ma-

378 2705 567 2738 trimonium
597 2709 796 2749 accepisset,
825 2718 932 2750 eaque
961 2709 1062 2740 tertio

380 2761 455 2796 post
471 2765 583 2787 mense
606 2761 720 2788 natum
736 2758 880 2789 Drusum
897 2758 983 2798 patri
1009 2758 1062 2789 'ri-

834 283 973 314 NOTAE
1005 283 1264 314 VARIORUM
1299 284 1348 314 {N

1112 375 1206 406 bei-io
1229 375 1449 406 reddidisset:
1474 375 1618 407 moriens
1645 375 1793 411 'laborm

1112 430 1148 456 et
1162 426 1235 455 lmic
1252 427 1375 463 Druso,
1395 429 1430 455 et
1452 425 1540 465 prior
1561 425 1630 457 tilio
1650 426 1798 467 Tiberio,

1113 473 1300 512 Augustum
1323 478 1468 504 tutorem
1499 477 1700 505 testamento
1721 474 1795 506 reli-

1112 522 1196 561 quit.
1240 521 1330 553 Hinc
1346 522 1401 552 ille
1417 527 1577 560 paternus
1593 522 1662 563 ejus
1682 522 1796 554 in‘Ne-

1112 579 1209 600 rones
1224 571 1362 602 animus.
1391 571 1527 602 Torrent.

1153 621 1194 648 28
1217 617 1257 648 In
1281 619 1405 658 pueros]
1445 618 1615 649 Tiberium
1644 622 1680 649 et
1706 618 1797 650 Dru-

1111 675 1194 696 sum.
1235 666 1345 706 [Unus
1365 667 1474 698 Vand.
1497 675 1552 707 ap.
1575 666 1697 702 Bothe,
1726 667 1796 708 Inp-

1111 723 1142 744 a.
1159 713 1317 755 Neronia]

1153 765 1194 794 29
1216 763 1326 794 Fortes
1351 767 1493 794 credimur
1510 763 1661 803 fortibus]
1684 763 1740 796 Ob
1762 764 1797 795 id

1113 816 1292 852 tantopere
1321 813 1488 844 aestimata
1518 812 1689 853 nobilitas,
1719 813 1797 854 qnia

1113 860 1275 899 majorum
1297 861 1401 892 virtus
1423 861 1455 892 in
1483 867 1636 902 posteros
1664 870 1796 902 quoqne

1113 908 1285 939 dimanare
1295 909 1458 941 creditur.
1501 910 1591 941 Huic
1603 915 1713 942 autem
1725 910 1796 942 Ho-

1114 957 1192 987 ratii
1207 959 1397 996 sententiae,
1421 958 1471 988 bis
1487 958 1596 990 verbis
1617 969 1796 1000 expressae‚

1114 1016 1180 1037 non
1197 1016 1332 1047 parvam
1350 1007 1510 1038 conciliat
1525 1007 1681 1047 gratiam,
1706 1009 1795 1049 qnod

1115 1057 1208 1088 Nero
1224 1057 1334 1096 gentis
1347 1056 1498 1088 Claudiae
1514 1061 1550 1087 et
1559 1065 1748 1097 pronomen
1762 1061 1797 1088 et

1114 1113 1298 1145 cognomen
1313 1105 1426 1145 lingua
1439 1105 1684 1143 Sabinasortem
1697 1105 1798 1146 signi-

1113 1152 1205 1185 ficat.
1264 1153 1313 1185 At
1339 1154 1538 1186 Claudii-ex
1560 1153 1693 1185 Sabinis
1721 1154 1797 1185 orti.

1115 1202 1243 1233 Gellius
1274 1211 1357 1234 xm.
1385 1206 1438 1234 21.
1481 1202 1580 1236 Quod
1611 1208 1724 1234 antem
1750 1202 1798 1234 ait

1106 1250 1246 1288 sortibus
1260 1255 1296 1282 et
1310 1251 1407 1291 bonis,
1429 1251 1471 1282 de
1486 1251 1588 1282 animi
1601 1250 1797 1282 fortitudine

1114 1301 1202 1340 loqui
1215 1310 1249 1331 se
1260 1301 1491 1342 ostendit,non
1503 1301 1650 1342 eorporis
1663 1301 1797 1333 viribus.

1117 1349 1261 1380 Torreat.

1155 1399 1191 1427 31
1221 1397 1287 1427 Nec
1308 1396 1456 1428 imbellem
1467 1397 1602 1437 seroces]
1628 1398 1658 1429 E
1678 1398 1797 1438 squilla

1113 1454 1177 1476 non
1194 1445 1341 1476 nascitur
1356 1454 1441 1476 rosa.

1154 1496 1194 1524 33
1210 1493 1380 1533 Doctrina]
1393 1495 1566 1530 Doctrina.
1577 1499 1612 1526 et
1627 1494 1798 1535 educatio,

1114 1542 1274 1574 virtutum
1286 1543 1460 1582 igniculos,
1473 1544 1568 1575 nobis
1583 1549 1703 1575 natura
1716 1545 1796 1575 insi-

1114 1596 1180 1628 tos,
1195 1593 1348 1631 provehit
1361 1592 1402 1622 ad
1418 1592 1669 1633 perfectionem.

1155 1642 1195 1670 34
1222 1640 1369 1679 Rectiqae
1382 1641 1494 1681 culm]
1515 1641 1614 1672 Recti
1630 1651 1734 1682 antor,
1759 1646 1796 1673 et

1112 1688 1271 1727 studium,
1291 1688 1324 1718 id
1343 1693 1406 1723 est,
1431 1693 1531 1719 rectae
1547 1689 1744 1730 disciptinae,
1759 1694 1796 1721 et
1816 1720 1820 1723 ,

1114 1736 1210 1766 bonae
1226 1737 1462 1772 institutiones,
1475 1742 1619 1768 mentera
1634 1739 1795 1774 muniunt,

1113 1789 1148 1815 et
1165 1783 1331 1815 robustam
1349 1785 1504 1816 reddunt.

1156 1837 1196 1865 35
1225 1835 1385 1876 Utcunque
1409 1836 1544 1876 defecere
1568 1836 1681 1877 mores]
1712 1836 1797 1868 Ubi·

1114 1891 1247 1924 cunque
1263 1883 1339 1914 boni
1356 1893 1463 1915 mores
1486 1883 1655 1924 deficiunt,
1672 1885 1796 1925 culpae,

1114 1931 1147 1961 id
1167 1937 1230 1970 est,
1252 1931 1343 1963 facta
1365 1932 1528 1974 improba,
1551 1933 1639 1964 illam
1666 1939 1795 1964 natnrae

1117 1979 1301 2011 bonitatem
1332 1981 1527 2022 deturpant,
1563 1981 1795 2024 dedecoreque

1113 2026 1272 2059 afficiunt.

1153 2079 1194 2106 37
1213 2077 1296 2112 Quid
1311 2078 1419 2108 debeas
1432 2077 1620 2117 Neronibus]
1642 2077 1718 2108 Hoc
1729 2081 1793 2113 est,

1111 2124 1142 2154 ei
1159 2124 1306 2155 Claudiae
1324 2126 1434 2164 gentis
1449 2126 1546 2165 stirpi
1563 2135 1620 2156 seu
1643 2124 1792 2164 familiai,

1114 2173 1167 2202 cui
1185 2181 1367 2211 cognomen
1385 2173 1486 2204 Nero.
1523 2173 1695 2205 Claudiam
1710 2182 1790 2214 qao·

1110 2229 1172 2261 que
1189 2225 1323 2260 gentem
1339 2222 1513 2261 patriciam
1526 2222 1687 2261 intellige.
1714 2222 1793 2254 Fuit

1111 2269 1197 2300 enim
1219 2274 1255 2300 et
1273 2270 1415 2310 plebeia,
1430 2279 1492 2301 nec
1508 2272 1658 2310 potentia
1675 2272 1791 2306 minor,

1111 2326 1173 2348 nec
1199 2318 1377 2357 dignitate.
1424 2319 1471 2349 At
1497 2319 1668 2349 Neronum
1695 2328 1794 2350 nemo

1111 2375 1254 2406 unquam
1267 2366 1408 2406 Reipub.
1421 2367 1546 2398 not-nit.
1582 2367 1670 2399 Quia
1682 2372 1791 2399 tamen

1113 2415 1286 2455 dignitatis
1317 2425 1355 2447 ac
1385 2417 1545 2456 potentiae
1574 2416 1793 2456 patriciorum

1112 2466 1263 2496 acerrimi
1279 2475 1410 2505 semper
1421 2471 1602 2497 assertores
1614 2465 1721 2506 fuere,
1734 2475 1792 2506 po-

1113 2516 1191 2554 pulo
1215 2515 1395 2555 iniquiores
1411 2519 1510 2555 atque
1533 2514 1721 2546 infestiores
1737 2515 1792 2545 bn-

1114 2564 1288 2595 bebantnr.
1334 2564 1410 2594 Val.
1426 2564 1519 2596 Max.
1535 2572 1575 2596 ιι.
1589 2566 1620 2595 9.
1641 2568 1676 2595 et
1695 2562 1790 2595 Suet.

1112 2612 1245 2644 Tiberio
1259 2621 1289 2643 c.
1301 2615 1333 2643 3.
1359 2613 1499 2643 Torrene.
1732 2622 1733 2625 ¹

1155 2663 1195 2691 38
1219 2659 1537 2701 Metaurwmflumen]
1559 2659 1698 2691 Flamen
1709 2659 1788 2691 Um·

1113 2708 1206 2747 briae,
1221 2709 1275 2740 ubi
1286 2708 1449 2740 Asdrubal
1461 2717 1535 2739 cum
1551 2707 1787 2748 quinquaginta

1113 2766 1170 2787 sex
1186 2756 1332 2789 millibus
1343 2757 1522 2792 hominum,
1538 2754 1667 2787 Claudii
1681 2754 1788 2786 Nero-
