1916 3262
406 299 515 342 1316

870 315 911 352 Q.
949 314 1152 346 Hortarii
1187 300 1356 348 FnAcci

405 405 468 446 Ut
487 406 672 459 pictura,
694 407 871 461 poesis:
902 410 982 450 erit
1001 423 1114 462 quae,
1135 411 1173 451 si
1193 414 1372 465 propius
1394 416 1494 462 stes,

403 471 468 512 Tc
486 473 633 526 capiat
651 474 803 525 magis,
826 479 870 514 et
889 475 1107 526 quaedam,
1129 477 1167 516 si
1188 476 1356 529 longius
1379 479 1526 518 abstes
1544 490 1555 518 ι

403 536 519 577 Haec
542 541 658 578 amat
677 538 930 590 obscurum;
963 540 1084 580 volet
1102 540 1198 581 haec
1220 542 1301 581 sub
1321 542 1419 582 luce
1439 542 1592 591 videri,

401 601 431 643 J
435 602 572 643 udicis
590 609 783 655 argutum
804 618 900 657 quae
917 617 1002 645 non
1022 606 1221 647 formidat
1239 619 1444 648 acumen:

402 668 517 708 Haec
533 669 700 721 placuit
719 671 880 722 seme13
910 672 1004 712 haec
1025 672 1171 712 decies
1190 673 1370 725 repetita
1388 674 1593 726 placebit.

1731 676 1816 716 365

402 733 441 773 Ο
462 734 600 786 major
612 735 1049 790 juvenum2quamvis
1068 741 1112 777 et
1130 750 1239 778 voce
1261 741 1439 790 paterna

402 801 598 852 Fingeris
618 802 671 841 ad
691 807 869 852 rectum,
884 808 925 844 et
943 816 1018 856 per
1037 808 1078 844 te
1100 804 1237 856 sapis,
1257 803 1340 844 hoc
1360 805 1440 844 tibi
1461 805 1621 846 dictum

399 856 528 908 Tolle
547 880 709 908 memor
725 881 736 918 ;
766 864 890 909 certis
906 869 1094 909 medium
1117 874 1161 909 et
1182 870 1405 910 tolerabile
1424 871 1554 911 rebus

399 933 543 975 Recte
563 933 768 974 concedi:
798 935 1020 975 consultus
1031 935 1143 988 juris
1162 939 1204 975 et
1224 939 1344 975 actor

397 1041 546 1080 cespitare
560 1044 640 1075 licet.
682 1045 793 1076 Paesis
816 1050 862 1077 est
887 1046 998 1078 similis
1020 1046 1167 1086 picturoe:
1189 1047 1325 1086 quaedam
1339 1045 1397 1076 tibi
1411 1047 1511 1085 magi-⁹
1528 1044 1671 1086 placebit,
1692 1043 1720 1074 n·
1735 1044 1818 1074 adsis

397 1083 554 1121 proximus
562 1095 575 1121 ,·
596 1087 733 1125 quoedum
745 1097 814 1118 vero
828 1087 856 1118 εἰ
878 1088 1022 1119 remotior
1036 1088 1151 1126 fueris.
1195 1087 1303 1118 Altera
1318 1089 1380 1118 loco
1398 1090 1521 1127 paulum
1538 1086 1703 1122 tenebroso,
1718 1087 1818 1116 altera

397 1124 438 1153 ad
452 1125 547 1155 lucem
565 1127 686 1165 plenam
711 1128 777 1159 vult
801 1129 945 1169 spectari,
971 1128 1087 1159 scilicet
1111 1138 1178 1168 quae
1202 1138 1262 1159 non
1287 1128 1373 1160 timet
1387 1129 1505 1167 judicis
1524 1138 1650 1159 examen
1664 1136 1819 1158 severum:

397 1165 495 1195 ultera
508 1169 599 1197 semel
612 1169 777 1207 duntaxat,
791 1172 890 1201 altera
905 1171 1004 1201 decies
1016 1173 1150 1210 spectata
1165 1170 1390 1208 approbabitur.
1435 1172 1464 1201 0
1478 1170 1574 1207 major
1586 1173 1661 1200 natu
1671 1169 1818 1206 juvenum

396 1206 558 1246 Pisonum,
574 1211 697 1239 tametsi
711 1211 810 1249 patris
823 1212 1008 1242 documentis
1022 1211 1174 1249 formaris
1186 1213 1226 1242 ud
1240 1211 1272 1242 id
1286 1213 1365 1251 quod
1377 1212 1543 1251 perfectum
1557 1215 1613 1246 est,
1627 1214 1657 1241 et
1671 1219 1711 1240 ex
1726 1213 1755 1240 te
1767 1219 1817 1239 εα-

393 1247 466 1286 pis,·
488 1249 543 1279 hoc
557 1251 704 1282 monitum
719 1253 855 1283 ausculta
870 1256 900 1283 et
914 1253 1011 1284 retine
1021 1263 1031 1283 .-
1055 1254 1094 1283 In
1109 1253 1197 1283 rebus
1211 1253 1389 1292 quibusdam
1408 1253 1600 1284 mediocritas
1613 1252 1773 1288 toleratur,
1787 1254 1819 1280 et

396 1289 457 1319 rite
470 1291 657 1324 admittitur.
700 1294 789 1324 Juris
810 1294 929 1334 peritus
952 1298 984 1325 et
1004 1296 1177 1325 causidicus
1198 1295 1358 1326 mediocris
1378 1296 1466 1334 longe
1487 1294 1583 1326 distat
1597 1294 1636 1325 ab
1650 1292 1819 1333 eloquentia

991 1375 1048 1387 σθ’

396 1423 526 1454 emend.
555 1425 634 1456 Nic.
651 1426 767 1457 Heius.
791 1427 832 1458 ad
861 1427 963 1459 Ovid.
989 1428 1073 1458 Met.
1087 1437 1151 1458 vn.
1167 1430 1240 1459 155.
1283 1426 1338 1458 ΑΙ.
1353 1437 1439 1467 opere
1451 1427 1484 1457 in
1498 1428 1599 1466 longo.
1641 1427 1817 1458 Bentleius

395 1465 549 1496 lectionis
567 1472 685 1499 testem
702 1466 801 1500 affert
822 1470 854 1500 S.
877 1469 1116 1509 Hieronymum
1137 1469 1170 1500 iu
1186 1469 1292 1508 Epist.
1309 1469 1350 1499 ad
1373 1469 1624 1499 pammachium
1645 1473 1681 1499 et
1707 1469 1816 1500 Ocea-

394 1515 493 1544 num;
519 1511 554 1538 et
568 1508 614 1539 ita
630 1509 751 1540 babere
765 1520 878 1541 omnes
894 1511 1077 1541 doctissimi
1093 1510 1204 1541 Patris
1226 1510 1391 1541 editiones
1407 1510 1535 1541 asserit.
1578 1508 1619 1540 Id
1636 1519 1748 1540 verum
1765 1515 1819 1540 est

394 1547 427 1577 in
445 1549 648 1580 editionibus
663 1551 790 1582 Erasmi
806 1553 880 1582 anni
898 1554 991 1582 1530.
1036 1552 1102 1583 Sed
1127 1552 1159 1582 in
1186 1552 1240 1582 ed.
1254 1552 1410 1582 Vallarsii
1429 1554 1521 1583 1735.
1547 1550 1671 1590 legitur
1686 1551 1770 1590 operi
1783 1552 1817 1580 in

395 1589 495 1628 longo.
540 1591 616 1622 Vet.
634 1592 748 1622 Comb.
771 1594 856 1632 operi
879 1594 913 1623 in
935 1596 1138 1624 tantm—362
1164 1593 1204 1624 Te
1229 1593 1327 1633 capiet
1353 1593 1503 1623 nonnulli
1519 1594 1616 1623 codd.
1633 1602 1687 1631 ap.
1702 1592 1815 1623 Feam.

396 1631 438 1660 Te
464 1631 564 1669 capiat
592 1638 733 1670 quatuor
755 1634 854 1664 codd.
877 1635 1086 1672 Bersmanni,
1111 1635 1255 1665 Helinst.
1287 1635 1383 1666 Harl.
1399 1638 1428 1665 1.
1443 1637 1475 1665 2.
1489 1637 1520 1666 3.
1536 1637 1568 1664 4.
1591 1637 1623 1665 6.
1647 1636 1677 1663 7.
1698 1633 1815 1664 Lamb.

393 1671 508 1702 Bentl.
521 1677 556 1702 et
572 1673 648 1703 edd.
665 1679 806 1705 recentt.
841 1675 867 1704 si
881 1676 999 1714 longius
1013 1679 1093 1706 astes
1107 1677 1187 1706 Vat.
1214 1673 1323 1706 Palat.
1338 1679 1369 1706 4.
1384 1686 1403 1706 a
1418 1685 1461 1706 m.
1479 1685 1526 1715 pr.
1542 1679 1576 1705 et
1590 1676 1712 1717 Veniet.
1725 1677 1816 1706 1750.

394 1711 463 1741 Alii
490 1712 589 1744 codd.
625 1719 660 1744 et
686 1714 762 1745 edd.
787 1715 1004 1746 abstes.—363
1028 1717 1158 1747 Heller.
1186 1717 1266 1746 Haec
1289 1719 1488 1747 amen—364
1509 1717 1631 1748 Judict's
1655 1720 1816 1755 angustum

394 1753 526 1784 Heller.
557 1764 617 1784 mm
646 1766 712 1795 quae
736 1757 815 1786 Vat.
853 1757 964 1787 Palat.
990 1760 1126 1788 1.-367
1145 1757 1273 1787 Hellen
1293 1762 1323 1788 et
1346 1761 1436 1796 purte
1459 1759 1552 1798 sapis.
1588 1758 1815 1788 Sclioenborn.

394 1796 425 1825 4.
451 1795 514 1825 hoec
540 1796 717 1828 tibi.-368
739 1797 816 1828 Vat.
842 1800 892 1828 19.
914 1799 996 1829 veris
1017 1799 1159 1829 medium.
1204 1799 1282 1829 Vat.
1301 1799 1395 1828 Rom.
1413 1801 1463 1829 10.
1485 1799 1577 1829 certis
1601 1799 1733 1829 medium
1756 1802 1816 1829 eet.

394 1835 622 1869 Schoenborn.
637 1840 666 1868 1.
691 1839 785 1870 certis
804 1839 934 1870 medium
947 1840 1114 1880 tolerabile,
1129 1840 1199 1870 sine
1214 1842 1362 1871 ete-369
1384 1839 1612 1871 Schoenborn.
1631 1843 1663 1872 4.
1688 1843 1723 1871 et
1737 1850 1817 1881 qua-

1005 1948 1009 1950 .
1035 1922 1179 1954 NOTAE

394 1981 430 2003 x.
450 1976 478 2003 1.
505 1973 702 2005 ‘Labuntur
726 1975 919 2016 aliquando,
934 1979 972 2006 et
985 1975 1078 2005 oneri
1132 1979 1186 2005 tus
1205 1975 1393 2019 bominum,
1419 1975 1474 2016 qui
1499 1973 1656 2014 ferarum,
1679 1984 1743 2006 non
1768 1975 1816 2006 ita

394 2021 531 2060 cedunt,
546 2027 581 2052 et
597 2023 771 2062 indulgent
783 2024 990 2063 ingeniorum
1003 2034 1077 2054 suo-

392 2079 465 2100 rum
482 2071 664 2110 voluptati:
680 2081 742 2103 nec
753 2082 886 2112 semper
898 2072 1078 2103 intendunt

392 2119 549 2158 animum,
569 2125 604 2149 et
619 2129 851 2160 nonnunquam
868 2119 1054 2160 fatigantur
1069 2131 1075 2150 :

392 2177 467 2197 cum
485 2168 638 2198 Ciceroni
660 2168 843 2199 dormitare
861 2169 994 2200 interim
1011 2171 1077 2200 De-

392 2216 595 2257 mosthenes,
621 2217 761 2248 Horatio
781 2226 860 2248 vero
883 2219 983 2249 etiam
1007 2215 1077 2249 Ῑ-Γο-

392 2275 502 2296 merus
528 2266 600 2306 ipse
627 2266 791 2297 videatur.
838 2267 964 2298 Summi
990 2268 1076 2299 enim

392 2319 479 2350 sunt,
496 2315 642 2346 homines
659 2315 791 2347 lamen!

435 2365 495 2394 :361
525 2364 570 2394 Ut
595 2364 729 2402 pictura,
754 2364 875 2404 poesis:
905 2365 978 2404 erit,
1006 2364 1075 2404 ὅμκ]

393 2413 534 2443 Pictura
558 2418 610 2442 est
634 2418 726 2443 muta
749 2412 877 2452 poesis:
902 2413 1008 2453 poesis
1032 2414 1076 2444 lo-

393 2470 497 2500 quens
534 2461 676 2500 pictura.
719 2462 817 2493 Plato
848 2462 891 2493 de
922 2463 1007 2502 Rep.
1039 2472 1074 2494 x.

391 2509 536 2541 Aristot.
559 2509 657 2540 Ροὲῐ.
686 2510 886 2541 Plutarchus
908 2520 950 2542 ex
970 2511 1073 2542 Simo-

393 2558 484 2598 nide,
496 2561 559 2589 &c.
603 2559 674 2591 Cic.
691 2559 785 2591 Tusc.
796 2569 830 2591 v.
841 2570 873 2590 n.
886 2563 957 2591 114.
973 2562 982 2578 ⁴
996 2561 1074 2591 Tra-

393 2607 478 2639 dunt
506 2608 689 2639 Homerum
724 2617 848 2639 caecum
879 2607 983 2640 fuisse
1002 2620 1009 2640 :
1041 2615 1077 2641 et

394 2657 466 2696 ejus
485 2657 663 2698 picturam,
686 2666 750 2688 non
773 2657 900 2698 poesim
916 2658 1077 2691 videmus.

395 2706 480 2737 Quae
499 2706 612 2746 regio?
627 2716 701 2746 quae
714 2707 797 2737 ora?
813 2708 868 2747 qui
878 2707 968 2738 locus
981 2707 1075 2738 Grae-

394 2754 453 2784 ciae
464 2755 474 2783 ?
486 2765 559 2794 quae
569 2756 699 2795 species
710 2754 846 2786 formae?
861 2766 934 2796 quae
945 2757 1076 2797 pugna?

394 2812 468 2843 quae
483 2804 593 2834 acies?
616 2805 703 2844 quod
716 2805 914 2845 remigium?
938 2806 993 2846 qui
1006 2815 1075 2837 mo-

1131 2023 1284 2062 expictus
1299 2028 1362 2062 est,
1379 2029 1416 2054 ut
1431 2033 1504 2063 quae
1521 2025 1592 2063 ipse
1604 2033 1668 2054 non
1683 2024 1817 2062 viderit,

1133 2079 1194 2100 nos
1211 2075 1248 2101 ut
1259 2071 1445 2102 videremus
1455 2069 1627 2102 effecerit?
1638 2070 1646 2083 '

1174 2119 1263 2158 Quoe,
1284 2119 1313 2149 si
1335 2119 1459 2159 propius
1478 2123 1550 2158 stes,
1562 2119 1631 2158 Esau]
1654 2119 1708 2150 Ita
1723 2129 1814 2160 quae-

1130 2166 1205 2197 dam
1227 2167 1336 2207 poesis
1358 2168 1446 2198 haud
1469 2173 1628 2199 accurata
1647 2169 1768 2208 raptim
1786 2170 1813 2200 si

1130 2216 1273 2255 legatur,
1298 2215 1387 2246 forte
1410 2216 1569 2256 placebit,
1586 2217 1717 2247 duobus
1733 2217 1812 2248 locis

1130 2269 1188 2295 aut
1204 2265 1310 2296 tribus
1327 2271 1377 2295 sat
1394 2265 1517 2296 nitidis.
1561 2265 1608 2296 At
1628 2265 1656 2296 si
1671 2266 1812 2307 diligen—

1129 2315 1193 2344 tius
1209 2314 1452 2351 consideretur,
1475 2314 1688 2354 apparebunt
1703 2324 1811 2346 macu-

1128 2363 1169 2392 1ae
1187 2366 1222 2393 et
1238 2362 1317 2393 vitia
1335 2362 1515 2403 permulta,
1533 2362 1652 2402 quibus
1668 2361 1811 2395 offensus

1129 2414 1235 2444 lector
1271 2413 1492 2444 aversabitur.
1537 2412 1664 2444 Contra
1700 2413 1811 2454 poe’sis

1130 2463 1266 2502 elegans
1281 2463 1403 2503 passim
1419 2468 1454 2493 et
1475 2462 1516 2493 ad
1533 2463 1686 2493 amussim
1707 2462 1811 2502 facta,

1130 2511 1328 2552 ingenioque
1345 2517 1379 2542 et
1391 2516 1463 2542 arte
1479 2511 1536 2542 diu
1552 2511 1810 2553 elaborata‚quo

1130 2560 1250 2600 saepius
1276 2560 1485 2600 inspicietur.
1511 2569 1552 2591 eo
1574 2561 1647 2601 plus
1671 2560 1810 2591 admira-

1130 2609 1254 2641 tionem
1270 2609 1437 2647 movebit;
1462 2610 1538 2650 quia
1560 2619 1654 2642 πονε
1677 2619 1809 2650 semper

1131 2668 1270 2690 veneres
1285 2664 1320 2689 et
1334 2659 1464 2699 lepores
1481 2659 1681 2690 elucescent.

1172 2710 1232 2738 366
1263 2707 1343 2738 Haec
1373 2707 1471 2738 decies
1501 2708 1630 2747 repetita
1663 2707 1808 2747 placebit]

1131 2758 1228 2788 Plato
1243 2757 1275 2787 iu
1292 2757 1447 2795 Philebo,
1466 2766 1541 2796 quae
1567 2756 1703 2795 pulchra
1717 2762 1809 2795 sunt,

1130 2806 1179 2837 bis
1194 2810 1229 2837 et
1244 2810 1295 2836 ter
1311 2805 1506 2846 repetenda,
1522 2804 1617 2835 dixit.
