1930 3204
498 304 704 336 nonnil
738 303 1018 336 SERMONUM
1053 304 1150 336 Lis.
1181 304 1213 335 1.
1244 294 1287 334 5.

158 400 231 429 tum
247 395 374 428 fuisse:
400 396 499 429 aliter
511 397 598 429 enim
614 406 680 429 non
696 396 857 428 exclude-

159 452 257 490 retur
281 455 392 478 versu.
417 447 560 479 Tor-rent.
611 447 728 478 Trivici
756 446 858 487 Villa]

157 494 328 527 Trivicum
339 495 501 536 oppidum
513 496 610 528 estin
621 495 745 527 finibus
759 495 857 526 Cam-

158 554 282 586 paniae.

201 598 244 627 8⁰
265 595 452 637 Lucrymoso
465 606 524 628 non
540 594 719 636 sinesumo]
747 596 855 628 Fumo

158 645 324 687 lacrymas
336 647 544 679 excutiente.

201 698 241 727 81
265 696 349 728 Udos
358 696 541 738 cumsoliis]
562 696 685 728 Ramos
700 696 855 728 humidos

158 745 213 776 vel
229 745 366 777 virides.

201 797 245 826 82
266 795 464 837 Mendacem]
488 795 657 836 Puellam,
681 805 757 838 quae
779 806 856 837 pro-

157 843 269 876 missis
284 854 352 876 non
367 844 476 877 stetit.

200 896 242 926 83
273 893 406 926 Somnus
429 898 533 927 tamen
557 895 677 936 aufert]
714 895 857 927 Somnus

157 951 212 974 me
241 944 414 984 opprimit.
474 944 543 984 [Ad
571 945 703 976 medium
731 949 859 986 expecto

157 996 276 1025 noctem
290 994 453 1036 Cuning.]

202 1045 245 1074 84
266 1043 426 1076 Intentum
445 1044 574 1085 Veneri]
600 1044 720 1077 Animo
735 1049 772 1077 et
786 1055 859 1077 cor-

162 1100 257 1132 pore.
297 1092 390 1133 Visa]
413 1094 553 1126 Visione
569 1095 680 1137 aliqua
693 1101 727 1128 et
743 1097 859 1138 specie

161 1143 274 1174 animo
289 1143 416 1176 oblata.

204 1195 244 1224 8⁵
269 1194 464 1226 Nocturnum
477 1198 602 1236 vestem,
614 1198 687 1238 afa]
713 1197 860 1229 Seminis

161 1243 354 1283 eruptione,
370 1254 445 1286 quae
460 1244 500 1276 fit
515 1246 549 1277 in
564 1256 690 1279 somno.

204 1295 247 1325 86
273 1294 357 1325 Hinc
385 1295 539 1336 rapimur]
571 1296 602 1328 A
629 1297 710 1328 villa
736 1297 860 1329 Trivici

162 1343 326 1375 celeriter
341 1345 493 1377 vehimur
509 1346 632 1378 rhedis.

204 1395 246 1424 87
273 1394 444 1436 oppidulo]
466 1396 662 1437 Equotutio.
711 1398 783 1429 Non
797 1398 860 1439 est]

163 1443 244 1475 Non
267 1443 362 1485 licet,
386 1446 466 1486 quia
487 1445 522 1476 in
543 1455 642 1478 versu
660 1447 861 1479 hexametro

161 1495 235 1527 haee
249 1496 358 1528 dictio
375 1497 596 1538 Equotutium
611 1503 702 1530 stare
716 1509 783 1531 non
800 1509 859 1541 po-

162 1548 244 1576 test.
289 1544 451 1587 [Cuning.
467 1556 557 1578 versu
571 1549 653 1587 quod
664 1548 795 1589 dicere]

203 1595 378 1635 88›Sgnis
403 1597 550 1637 perfacile
573 1598 635 1639 est]
668 1599 739 1630 Per
763 1601 861 1640 signa

161 1645 225 1676 boe
249 1645 414 1686 oppidum
437 1646 643 1680 describere.
694 1649 798 1682 Vaenit
813 1650 861 1681 ri·

160 1695 293 1735 lissima]
304 1702 306 1704 '
317 1694 417 1737 Aqua
432 1697 602 1729 venditur.

206 1745 266 1785 [89
287 1745 371 1776 Vat.
386 1746 484 1777 Rom.
498 1749 530 1778 9.
544 1748 634 1787 longe
646 1748 765 1788 panis]

205 1799 249 1827 90
270 1796 411 1828 Callidus
424 1801 460 1828 ut
473 1799 584 1839 soleat]
618 1799 739 1830 Viator
754 1799 864 1839 provi-

165 1844 240 1876 dus.
286 1844 420 1877 Portare
434 1846 551 1887 viator]
569 1847 696 1878 Panem
713 1852 862 1888 portare.

209 1897 250 1925 91
275 1895 361 1926 Nom
393 1895 524 1938 Canusi]
560 1896 700 1928 Canusii
728 1897 863 1939 (oppidi

170 1944 347 1986 Appulia»)
372 1945 476 1976 durus
501 1950 556 1978 est
576 1947 686 1987 panis.
732 1947 864 1988 Canusi]

168 1993 340 2026 Kato-'mov
364 1999 489 2028 vocant
511 1995 647 2028 Graeci:
671 1997 750 2029 urbs
772 1998 864 2034 olim,

167 2044 216 2074 uti
232 2049 268 2075 et
283 2044 491 2086 Argyrippa,
506 2045 718 2088 Italicarum,
731 2047 757 2079 si
773 2048 864 2079 Stra-

167 2093 247 2126 boni
263 2099 300 2126 et
314 2095 490 2136 Stephano
505 2096 686 2139 credimus,
705 2098 865 2138 maxima,

168 2143 276 2174 ambae
302 2154 323 2175 a
349 2145 516 2177 Diomede
531 2146 691 2178 conditae.
736 2147 863 2178 Memo-

167 2198 264 2225 ratur
278 2194 378 2226 etiam
394 2195 513 2227 eadem
529 2195 665 2236 Apuliae
682 2202 782 2238 parte
803 2197 864 2229 Sa-

166 2243 279 2285 lapia;
308 2249 346 2276 et
370 2244 447 2286 ipsa
475 2255 494 2276 a
523 2245 689 2278 Diomede
714 2246 864 2278 condita.

167 2293 243 2324 Non
265 2293 364 2326 ditior
385 2295 481 2336 urna]
517 2296 602 2327 Tres
632 2296 708 2327 libri
734 2297 865 2338 dulcior,

167 2351 235 2374 non
249 2343 360 2382 ditior,
372 2344 471 2376 male.
495 2344 646 2376 Eandem
659 2346 750 2376 enim
767 2355 864 2386 aquae

169 2393 343 2433 penuriam
366 2393 503 2424 Canusii
527 2393 706 2433 significat,
729 2404 804 2435 quae
831 2399 867 2426 et

171 2441 352 2482 Equotutii
367 2442 423 2481 sit,
438 2442 495 2473 ubi
511 2443 746 2475 venumdatur.
788 2444 868 2476 Non

171 2491 366 2531 negaverim
382 2495 495 2522 tamen
510 2491 546 2523 id
562 2492 698 2524 Canusii
714 2493 755 2525 ad
772 2503 868 2536 aquae

172 2539 274 2571 boum
300 2549 340 2572 ac
364 2540 508 2572 salubris
533 2542 708 2582 penuriam
725 2553 801 2575 esse
817 2554 870 2576 re-

173 2588 351 2620 ferendum
365 2599 376 2628 ς
391 2599 468 2621 nam
481 2590 661 2623 Canusium
678 2592 712 2623 in
727 2594 870 2634 planitie

174 2640 321 2671 collocat
343 2639 480 2676 Strabo,
501 2645 539 2673 et
561 2641 697 2683 quidem
717 2644 761 2675 ad
778 2643 871 2676 Aufi-

175 2689 255 2720 dum
281 2688 406 2721 flumen
422 2689 556 2731 Apuliae
571 2692 753 2725 maximum
768 2694 871 2727 etiam

175 2739 317 2770 Plinius.
346 2739 444 2781 Aqua
463 2749 545 2780 ergo
560 2739 680 2774 deesse
694 2749 872 2784 non-pote-

175 2793 251 2829 ταῖς
273 2790 363 2821 mala
385 2795 420 2822 et
432 2790 612 2823 insalubris
626 2801 700 2824 esse
717 2799 874 2836 poterat;

177 2840 279 2882 bona,
293 2840 395 2882 siqua
410 2846 497 2882 erat,
513 2841 649 2874 aliunde
663 2842 770 2877 illata.
783 2845 872 2879 Tor-r.

1494 292 1606 336 1637

949 401 991 430 92
1016 399 1080 436 Qut·
1095 401 1179 432 loeas
1190 395 1322 442 aforti]
1348 397 1424 430 Non
1440 395 1557 434 ditior,
1573 397 1607 428 id

907 449 1070 485 est,haud
1083 450 1190 481 multo
1201 447 1312 489 magis>
1320 446 1496 479 abundans
1509 456 1611 488 aqua,

906 508 1006 540 quam
1024 499 1261 541 Equotutium.
1307 498 1342 538 [‘
1356 498 1458 530 Hunc
1473 506 1607 528 versum

906 554 943 579 ut
960 549 1110 590 spurium
1128 549 1243 590 rejicit
1262 547 1453 585 Bentleius,
1475 551 1611 588 arguta-

906 598 1057 630 tionibus
1073 598 1194 639 magis,
1219 608 1319 640 quarn
1338 596 1549 635 rationibus;
1571 600 1610 628 et

906 649 1094 689 praecipue,
1132 648 1223 689 quod
1265 647 1475 687 ignoraverit
1511 648 1611 678 locum

906 698 1008 729 etiam
1026 697 1093 729 dici
1115 697 1125 715 ‘
1137 696 1289 738 pagum‚'
1310 707 1372 728 seu
1385 697 1395 715 ‘
1407 696 1544 737 vicum‚’
1567 706 1611 728 ex

906 747 978 780 Cic.
995 747 1037 778 ad
1054 747 1131 779 Att.
1147 755 1217 778 ΧΠ.
1234 750 1288 778 19.
1310 751 1350 778 ut
1375 747 1507 778 notavit
1530 746 1611 777 For-

906 798 1049 830 cellinus
1063 798 1098 829 in
1115 797 1300 836 Lexico,v.
1318 797 1328 814 ‘
1340 795 1474 827 Locus!
1497 796 1612 836 Vulgo

906 848 1092 880 etiamnum
1107 847 1187 879 Ital.
1205 845 1319 886 luogo)
1340 844 1441 885 Fea]

949 901 990 930 9³
1014 898 1104 929 Hinc
1137 896 1266 937 Varius]
1303 896 1372 927 Sex
1402 894 1612 936 exemplaria

907 948 956 979 ΜΛ.-
978 957 1041 989 pro
1064 947 1149 986 hinc,
1175 945 1265 987 quod
1292 945 1399 986 magis
1421 945 1549 984 placet.
1575 950 1613 976 et

854 1011 860 1017 ·
913 998 1016 1030 Varus
1029 1007 1092 1039 pro
1112 996 1226 1029 Varius
1239 995 1274 1026 in
1289 995 1459 1027 nonnullis
1475 995 1614 1036 legitur,

908 1047 953 1080 de
974 1057 1043 1089 quo
1065 1052 1146 1078 ante
1161 1046 1318 1077 diximus.
1347 1045 1489 1076 Torrene.
1533 1043 1613 1075 Dis·

908 1097 991 1128 cedit
1005 1100 1130 1129 moestus
1139 1095 1264 1135 amicis]
1281 1093 1471 1127 Descendit
1483 1092 1525 1124 ad
1539 1103 1614 1126 cas-

910 1150 964 1178 tra
980 1147 1126 1178 Caesaris
1148 1155 1224 1177 cum
1248 1145 1446 1176 Maecenate
1467 1147 1502 1174 et
1525 1142 1613 1175 Coc-

910 1196 997 1228 ceio.
1042 1195 1229 1237 [Vallicell.
1245 1197 1276 1226 1.
1302 1194 1444 1226 discessit
1458 1193 1613 1234 κακίαι]

952 1248 994 1278 9-1
1018 1244 1139 1285 Rubos]
1162 1245 1259 1286 Virg.
1283 1244 1411 1284 Georg.
1440 1252 1466 1275 1.
1488 1243 1614 1274 ‘Nunc

910 1296 1021 1329 facilis
1045 1296 1165 1328 Rubea
1186 1300 1323 1327 texatur
1347 1294 1468 1326 fiscina
1493 1291 1615 1334 virga!

910 1346 1028 1378 Rubos
1055 1346 1253 1387 Campaniae
1281 1343 1445 1386 oppidum
1461 1352 1537 1375 esse
1554 1353 1614 1374 vo-

909 1397 996 1436 lunt,
1016 1395 1075 1427 ubi
1100 1396 1219 1436 ingens
1235 1395 1394 1425 viminum
1411 1393 1524 1433 copia,
1541 1396 1615 1423 tex-

910 1445 1007 1477 endis
1024 1444 1158 1477 fiscellis
1174 1448 1266 1485 apta.
1309 1443 1377 1475 Sed
1403 1451 1513 1484 neque
1538 1441 1614 1473 rubi

910 1495 942 1526 in
960 1494 1148 1535 Campania
1162 1492 1272 1533 fuere,
1285 1496 1324 1524 ut
1339 1501 1383 1523 ex
1398 1490 1520 1523 Po'e'tae
1536 1500 1615 1522 nos-

910 1545 955 1576 tri
985 1544 1108 1575 itinere
1138 1542 1356 1574 manifestum
1387 1546 1453 1581 est,
1491 1545 1528 1572 et
1557 1541 1615 1572 alii

908 1595 918 1613 ‘
934 1594 1074 1626 rubeam
1096 1592 1245 1634 virgam'
1267 1602 1287 1624 a
1311 1592 1425 1624 colore
1448 1590 1518 1623 dici
1544 1600 1613 1622 ma-

909 1645 996 1684 lunt,
1021 1652 1088 1685 quo
1111 1642 1252 1674 fiscellae
1275 1641 1383 1682 magis
1397 1640 1616 1673 commenda-

910 1695 1046 1730 bantur,
1082 1697 1120 1723 ut
1151 1692 1394 1731 elegantiores.
1451 1690 1499 1721 Et
1535 1689 1616 1731 quia

911 1745 920 1761 ‘
933 1741 1075 1774 rubeus’
1097 1741 1194 1772 multi
1210 1739 1371 1772 Latinum
1386 1749 1461 1771 esse
1474 1743 1616 1779 negant,

914 1805 975 1837 pro
991 1796 1001 1813 ⁴
1012 1793 1133 1835 ruber‚’
1148 1797 1205 1823 aut
1221 1790 1390 1831 ‘rubens‚'
1411 1790 1617 1832 relinquitur

913 1850 953 1877 ut
982 1845 1073 1886 apud
1106 1843 1287 1884 Virgilium
1315 1841 1432 1880 Rama,
1467 1840 1617 1872 scriben-

914 1895 993 1926 dum
1009 1903 1082 1927 esse
1099 1892 1303 1925 existimem.
1347 1890 1438 1922 Rubi
1453 1890 1542 1922 enim
1555 1899 1618 1931 op-

914 1945 1031 1986 pidum
1047 1953 1113 1976 non
1129 1942 1247 1985 procul
1263 1941 1412 1974 Canusio
1426 1951 1434 1972 :
1458 1939 1550 1972 unde
1565 1940 1616 1971 in-

915 1995 998 2027 colae
1014 1994 1024 2012 ⁴
1039 1993 1171 2033 Rubii,'
1194 1997 1229 2023 et
1256 1993 1266 2010 ‘
1278 1992 1383 2032 virgoe
1399 1988 1545 2026 Rubiaess
1560 1988 1617 2020 fis-

916 2045 1012 2077 cellis
1025 2049 1130 2087 aptae.
1153 2044 1244 2075 Torr.
1288 2041 1397 2072 Rubos
1411 2040 1496 2080 sessi
1508 2048 1617 2080 perve-

913 2094 1032 2135 nimus]
1067 2093 1244 2135 Oppidum
1273 2090 1481 2132 Campaniae.
1534 2089 1617 2120 Lon·

912 2155 988 2185 gum
1007 2145 1176 2184 Cur-pentes
1191 2141 1269 2182 iter]
1294 2142 1446 2181 Longum
1468 2139 1617 2171 Horatio

914 2195 1024 2226 visum
1041 2200 1105 2234 est,
1125 2193 1206 2235 quia
1228 2191 1439 2231 continuum,
1464 2193 1502 2221 ut
1528 2189 1616 2221 arbi-

915 2248 998 2277 tror.
1022 2245 1114 2276 Torr-

957 2299 998 2328 95
1021 2295 1208 2336 Cori-aptius
1221 2292 1331 2333 imbri]
1365 2291 1476 2323 Nobis
1495 2291 1617 2323 moles-

916 2347 985 2378 tius
1000 2350 1143 2388 propter
1158 2345 1321 2386 pluviam.

959 2398 1002 2427 96
1024 2396 1158 2426 Postera
1173 2392 1355 2434 tempestus]
1381 2392 1528 2423 Postera
1543 2390 1616 2421 dies

918 2445 1026 2486 magis
1053 2448 1108 2475 est
1131 2452 1266 2475 serena.
1327 2442 1388 2474 Via
1404 2441 1507 2482 pejor]
1531 2440 1619 2472 Post

918 2494 1079 2537 pluviam.

962 2546 1003 2575 97
1027 2541 1109 2573 Bari
1123 2541 1236 2572 moena'a
1247 2539 1379 2580 piscosi]
1409 2539 1464 2570 De
1479 2538 1543 2570 hoc
1558 2547 1618 2579 op·

920 2593 1001 2636 pido
1017 2592 1107 2624 Plin.
1122 2600 1180 2622 ιιι.
1196 2593 1228 2621 9.
1272 2590 1314 2621 In
1331 2588 1516 2620 Itinerario
1527 2597 1619 2620 nune

921 2646 930 2662 ⁴
943 2641 1068 2683 Baria,’
1092 2641 1145 2672 vel
1159 2641 1169 2658 ⁸
1182 2638 1311 2674 Varia,’
1331 2647 1420 2669 nunc
1436 2638 1446 2655 ‘
1461 2638 1598 2670 Barium
1608 2637 1619 2653 ’

921 2693 1093 2727 scribitur.
1135 2689 1204 2721 Hic
1230 2698 1311 2720 vero
1333 2687 1490 2719 meliores
1509 2687 1620 2720 eodd.

921 2743 1022 2776 Burri
1040 2740 1180 2773 habent.
1206 2739 1349 2770 Tment.
1402 2738 1486 2769 Bari
1507 2738 1619 2770 Μία

915 2791 1046 2836 piscosi]
1067 2790 1206 2822 Barium
1223 2794 1275 2820 est
1288 2786 1451 2830 oppidum
1467 2786 1620 2828 Apuliae,

921 2843 1010 2887 quod
1038 2852 1058 2874 a
1080 2839 1166 2873 mari
1192 2839 1340 2871 alluitur.
1385 2838 1504 2870 Gnatia
1524 2838 1618 2879 Lym·
