1916 3262
450 276 657 307 noenu
691 277 964 309 cauummu
1000 279 1107 310 ιω.
1128 280 1199 311 111.
1230 270 1300 311 28.

146 374 275 398 camus.
301 366 400 407 Craq.
616 399 618 401 .

162 445 166 450 ,
188 418 208 446 3
230 415 384 458 Strenua]
406 417 564 458 Strenue,
581 426 670 449 mox.

187 469 208 497 4
231 466 428 508 Munitaeque
439 468 552 500 adhibe
565 467 643 508 vim]
669 466 755 499 Aliis
773 477 849 500 ver-

147 515 199 547 bia
214 516 305 548 idem
318 517 416 557 dicit,
428 518 516 559 quod
530 517 607 550 Ode
619 519 672 549 21.
688 519 698 535 ‘
710 518 761 548 Tu
775 518 850 550 lene

148 571 356 598 tormentum
375 567 512 608 ingenio
523 567 684 599 admoves
693 567 870 599 Plenum-⁰

148 625 214 656 que
247 616 358 648 duro.'
412 617 605 658 Manumque
639 618 751 649 adhibe
787 620 850 649 uim

146 666 326 708 sapientise]
359 667 541 707 Sapientiae
565 671 687 708 septae,
710 677 751 699 ac
777 677 850 699 mu-

145 715 230 748 nitae
259 722 380 749 contra
419 717 612 758 voluptates
647 718 712 748 vim
747 716 852 757 infer,

149 775 293 808 eamque
303 766 402 806 uiuo,
425 772 463 798 et
477 767 598 798 laetitia
614 777 787 808 expugna,
811 773 850 799 ut

138 815 236 855 joco,
251 821 288 846 et
309 815 390 847 ludo
406 816 525 857 aliquis
537 817 584 848 sit
600 817 706 848 locus.

186 868 207 896 ὅ
229 864 387 897 Inclinat-e
414 866 590 907 meridiem]
612 866 730 898 Sentis
757 865 849 898 diem

144 913 360 952 decrescere,
374 920 412 947 et
427 917 469 946 ad
495 926 652 948 occasum
669 926 828 958 vergere.

186 966 208 995 6
233 964 283 995 Ac
296 964 395 996 veluti
407 965 487 1006 etet]
510 965 562 997 Ac
574 966 672 1008 quasi
688 966 762 997 dies
779 975 847 998 nou

143 1013 306 1046 celeriter
321 1014 435 1054 abeat,
449 1017 577 1056 parcis,
600 1017 665 1047 διο.
708 1015 779 1048 Stet
795 1026 849 1048 vo·

143 1062 241 1095 lucris
253 1063 336 1104 aies]
358 1064 534 1096 Venuste:
559 1065 848 1098 nihiienim·horis

146 1112 310 1144 velocius.
353 1112 402 1145 At
424 1114 534 1154 Lyde,
559 1124 765 1156 quamquam
780 1116 849 1148 labi

146 1167 280 1205 tempus
301 1165 459 1204 sentiret,
475 1165 578 1196 nihilo
605 1166 710 1207 magis
727 1175 849 1207 prope·

145 1214 256 1254 rabat,
271 1223 371 1256 quam
386 1215 412 1245 si
430 1219 551 1248 staret.
575 1216 746 1248 canterus
761 1216 850 1248 Nov.

144 1263 248 1301 Lect-
264 1274 318 1297 lv.
331 1268 364 1296 4.
390 1265 534 1297 Torrent-
566 1266 778 1307 [Markland.
794 1277 849 1308 ap.

143 1315 272 1348 Jaeck:
291 1315 399 1347 Sentis
413 1325 449 1347 uc
464 1315 589 1355 veluti]

189 1367 210 1396 7
233 1363 349 1396 Parcis
369 1364 526 1404 deripere]
553 1365 624 1396 Pro
653 1374 775 1405 rapere
805 1366 848 1398 de

144 1414 280 1447 horreo.
325 1414 448 1445 Cessas
464 1413 623 1454 deripere
643 1414 764 1446 horreo
780 1415 849 1446 viui

146 1463 268 1503 cadum
285 1463 401 1495 Bibuli
424 1463 603 1494 consulatu
619 1463 847 1496 reconditum.

143 1514 299 1554 Deripere
322 1513 448 1555 horreo]
470 1513 556 1545 Cum
583 1512 728 1545 dicimus
751 1514 848 1545 ‘hor-

144 1561 266 1604 reum,’
288 1563 426 1605 proprie
441 1561 705 1594 frumentarium
722 1563 847 1595 inteili-

145 1614 260 1656 gitur:
284 1613 374 1656 quod
390 1623 410 1644 a
439 1617 448 1632 ⁴
461 1612 578 1654 farre,’
600 1623 669 1655 quo
684 1614 756 1646 solo
772 1620 848 1646 ute·

143 1663 271 1696 bantur
285 1663 430 1705 antiqui,
448 1664 458 1680 ‘
473 1662 622 1695 farreum
635 1662 646 1677 '
669 1663 850 1703 vocabant,

144 1717 236 1745 teste
258 1713 375 1745 Festo.
418 1713 514 1745 Cella
538 1722 618 1744 vero
641 1713 779 1754 proprie
800 1713 847 1744 vi-

147 1758 245 1795 naria
274 1769 340 1796 est.
383 1765 392 1782 ‘
411 1762 608 1795 Horreum’
643 1766 759 1793 tamen
784 1763 848 1794 hoc

146 1806 222 1845 loco
238 1813 403 1846 Horatius
415 1823 477 1854 pro
489 1812 560 1843 vini
570 1811 739 1852 apotheca
751 1811 850 1852 dixit,

146 1869 186 1896 ut
209 1872 260 1895 lv.
282 1863 353 1896 od.
382 1867 432 1895 12.
469 1863 586 1903 Atque
608 1864 655 1894 ita
670 1863 771 1895 etiam
787 1863 850 1895 Ju-

129 1911 341 1945 'riacousuiti
370 1921 648 1953 quarumcunque
686 1913 849 1944 mercium

145 1963 155 1979 ‘
167 1964 288 1994 horrea
299 1961 308 1976 '
333 1962 465 2002 dicunt,
477 1962 567 1993 unde
583 1966 619 1993 et
642 1963 650 1979 ‘
663 1962 852 2001 horrearii‚'

148 2022 264 2045 eorum
293 2011 478 2044 custodes:
501 2021 577 2042 cum
602 2021 684 2043 vero
711 2011 755 2043 de
770 2012 850 2044 vino

146 2061 272 2102 agitur,
288 2060 420 2092 addunt
445 2061 454 2076 ‘
468 2060 657 2092 vinarium.'
701 2061 776 2094 Qua
792 2071 849 2094 ve·

147 2120 188 2143 ro
209 2110 335 2142 edium
358 2114 459 2151 parte
485 2109 554 2141 vini
580 2110 766 2151 apothecas
792 2112 850 2143 ha-

147 2160 285 2193 buerint
302 2164 450 2199 veteres,
468 2158 618 2191 dubitari
634 2161 742 2201 possit
757 2171 766 2192 ε
791 2170 848 2193 eas

104 2225 107 2227 >
148 2219 232 2242 vero
250 2209 394 2242 editiore
411 2210 524 2251 aliquo
541 2211 615 2241 ioco
630 2209 735 2241 fuisse
752 2217 848 2252 puta-

147 2261 268 2296 verim,
281 2259 429 2292 maxime
455 2260 483 2291 si
499 2260 578 2291 vina
593 2260 627 2291 in
643 2261 780 2292 multam
797 2271 848 2293 us-

148 2320 215 2353 que
230 2315 370 2343 aetatem
388 2310 519 2342 servari
537 2310 675 2342 vellent.
721 2311 849 2344 Quam-

147 2370 247 2402 quam
263 2361 506 2401 apothecarum
516 2360 748 2407 habendarum
760 2361 849 2392 ratio

149 2409 286 2443 diversa
302 2418 438 2449 semper
452 2407 531 2447 fnit,
554 2417 617 2448 pro
640 2409 724 2440 iocis
738 2409 848 2449 regio-

147 2458 312 2499 nibusque
327 2468 337 2496 ;
361 2462 398 2488 et
412 2457 501 2498 quod
517 2463 597 2488 ante
612 2458 723 2488 omnia
738 2459 848 2489 consi·

149 2507 264 2539 derat-i
278 2507 398 2543 debet,
413 2516 475 2547 pro
496 2507 602 2548 ipsius
617 2508 686 2540 vini
702 2514 846 2542 natura:

148 2567 229 2592 nam
252 2566 320 2599 quo
345 2556 503 2598 validius,
528 2566 569 2588 eo
591 2558 711 2589 melius
727 2559 847 2590 coelum

149 2608 231 2640 fert.
275 2607 365 2639 Plin.
382 2615 488 2639 xxxv.
503 2610 558 2639 21.
584 2607 723 2639 Turrem.
762 2607 848 2638 Hor-

150 2657 220 2697 τεο]
250 2655 395 2697 Antiqui
423 2657 458 2687 in
485 2656 615 2688 horreis
644 2660 751 2688 testas
781 2656 850 2693 vini

152 2705 356 2738 condebant.

1461 272 1466 276 ”
1487 273 1600 316 1489

898 369 1036 401 Caesare
1053 369 1096 402 Α.
1109 371 1152 403 U.
1165 371 1204 403 C.
1221 374 1296 403 71⁴.
1344 373 1528 406 cemntem
1541 377 1601 409 Bi.

898 417 961 449 buli
987 419 1132 451 Consulis
1158 421 1354 462 amphoram]
1380 422 1600 467 Amphoram,

897 478 982 510 quae.
1003 469 1062 501 diu
1095 477 1308 503 remanserat
1342 471 1377 503 in
1409 473 1478 504 vini
1508 473 1602 515 Apo-

899 518 1011 550 theca.

940 572 961 600 9
995 569 1150 610 Invicem]
1193 570 1265 603 Per
1302 572 1406 607 vices,
1444 573 1601 606 vicissim.

897 617 1024 658 [Codd.
1049 629 1105 660 ap.
1125 619 1259 653 Jaeck:
1283 620 1426 660 invices,⁵
1447 623 1482 654 in
1496 623 1600 661 vicen

893 677 953 709 per
967 669 1092 710 vicem]

941 721 982 749 lo
1005 719 1203 760 Neptunum,
1214 723 1245 751 et
1257 720 1390 761 virides]
1406 722 1518 753 Deum
1531 731 1601 753 ma-

896 767 1006 802 riuum
1027 769 1168 800 Saturni
1183 768 1289 800 fliium
1306 770 1339 801 iu
1364 771 1431 802 diei
1447 770 1528 802 sesti
1543 772 1602 803 ho·

897 827 1026 851 norem.
1068 819 1189 851 Virides
1202 819 1320 859 comas]
1342 820 1431 851 Vide
1445 830 1522 861 quae
1539 829 1600 852 no·

898 869 1042 900 tavimus
1059 878 1086 901 1.
1102 869 1172 900 Od.
1189 872 1240 901 17.
1263 870 1272 886 ‘
1287 870 1513 911 vitreamque
1528 870 1602 902 Cir·

897 918 985 951 cen.’
1010 919 1182 952 Nereidum
1195 918 1313 960 comae]
1335 919 1504 952 Nereides
1520 924 1602 952 sunt

897 970 998 1000 maris
1014 969 1186 1011 Nymphae
1201 969 1308 1001 Nerei
1323 969 1415 1002 filiae.

941 1021 980 1050 11
1007 1020 1054 1050 Tu
1065 1029 1159 1050 curva
1169 1019 1287 1050 recines
1299 1019 1382 1061 lyra]
1397 1019 1449 1051 Tu
1460 1019 1600 1061 iterum,

897 1068 1088 1110 iterumque
1105 1078 1217 1101 canes.

942 1120 981 1149 12
1006 1118 1127 1150 Celeris
1143 1117 1307 1159 Cynthiae]
1332 1118 1430 1149 Luna
1445 1118 1535 1149 enim
1551 1118 1602 1150 ni-

898 1167 944 1199 hii
959 1168 1119 1208 celerius,
1133 1178 1208 1209 quae
1225 1168 1306 1208 quia
1322 1168 1421 1199 terris
1435 1168 1601 1208 proxima,

898 1217 978 1250 inde
1007 1219 1041 1250 in
1072 1218 1244 1250 montibus
1275 1224 1444 1259 perpetuo
1475 1220 1603 1250 versari

898 1268 1062 1300 creditur.
1094 1268 1234 1309 Spicula
1248 1277 1382 1310 quoque
1398 1269 1428 1300 ei
1445 1269 1604 1309 perinde,

899 1322 938 1348 nt
951 1318 1022 1349 Soli
1031 1317 1158 1349 dantur
1171 1328 1181 1357 ;
1204 1318 1294 1348 unde
1307 1316 1466 1357 ἰοχέαιραν
1474 1318 1603 1358 Graeci,

898 1367 1012 1398 Latini
1037 1367 1259 1406 joculatricem
1289 1374 1422 1400 vocant.
1457 1369 1600 1400 ron-ene.

901 1416 1063 1458 Cynthia]
1085 1415 1117 1448 A
1129 1416 1264 1457 Cyntho
1282 1421 1397 1448 monte
1413 1417 1508 1455 Deli,
1519 1417 1601 1454 Dia-

897 1475 943 1496 na
971 1466 1166 1507 appellatur
1197 1465 1357 1506 Cynthia,
1387 1475 1462 1507 qum
1490 1466 1601 1497 celeri}

898 1514 1036 1555 dieitur,
1049 1515 1130 1557 quia
1147 1517 1302 1552 venatrix
1319 1519 1384 1547 est.

941 1567 981 1597 13
997 1564 1123 1597 Summo
1136 1565 1275 1611 camiac
1285 1566 1421 1607 Cnidon]
1437 1566 1601 1601 Mulieres

896 1614 973 1647 libri
991 1616 1130 1654 Gnidon,
1147 1619 1183 1647 et
1197 1625 1276 1647 mox
1292 1615 1449 1656 Paphum.
1496 1617 1601 1649 Utra-

898 1674 963 1706 que
978 1666 1089 1696 insula
1102 1665 1230 1697 Veneri
1252 1665 1380 1697 dicata.
1425 1666 1526 1698 Quod
1543 1676 1602 1698 au-

898 1721 966 1746 tem
987 1724 1106 1746 summo
1130 1715 1266 1747 carmine
1281 1715 1451 1746 Venerem
1467 1716 1600 1746 cantari

898 1764 984 1803 vult,
996 1763 1030 1794 id
1046 1769 1219 1795 amantem
1235 1764 1350 1796 decet.
1377 1764 1512 1805 Alioqui
1529 1770 1600 1801 tres

897 1812 930 1842 in
949 1811 1104 1843 convivio
1119 1812 1223 1843 statui
1239 1813 1350 1843 solere
1365 1818 1516 1844 crateras
1531 1818 1600 1845 tra-

897 1860 996 1900 dunt,
1026 1862 1170 1902 primum
1202 1861 1387 1901 Mercurio,
1412 1863 1600 1894 secuudum

899 1910 1043 1950 Gratiis,
1054 1911 1193 1942 tertium
1205 1911 1284 1944 Jovi
1294 1911 1483 1944 Liberatori
1495 1923 1503 1943 :
1521 1923 1601 1955 quo-

897 1970 971 1992 rum
987 1970 1071 1992 nnus
1079 1962 1203 1994 amoris
1215 1962 1324 2002 epuiis
1335 1962 1488 1994 libatioui
1499 1969 1536 1995 et
1550 1964 1600 1995 in—

898 2010 1055 2042 vitationi
1071 2011 1347 2052 relinquebatur:
1365 2021 1434 2052 qua
1451 2011 1494 2043 de
1511 2022 1548 2044 re
1565 2022 1617 2044 e-.

898 2060 980 2091 tiam
988 2059 1135 2092 Turneb.
1153 2068 1233 2092 xxt.
1250 2063 1302 2092 13.
1326 2061 1539 2103 Quamquam
1551 2063 1601 2094 ui-

896 2108 943 2140 bii
954 2109 1042 2141 certi
1055 2109 1099 2141 de
1113 2109 1166 2140 his
1180 2108 1268 2140 tradi
1282 2114 1408 2151 potest.
1434 2111 1523 2143 Nam
1537 2121 1602 2152 pro

897 2169 959 2191 sua
974 2160 1117 2201 quisque
1131 2159 1297 2200 reiigione
1313 2160 1415 2191 aliter
1425 2165 1527 2201 atque
1541 2161 1602 2192 ali·

899 2214 952 2241 ter
962 2208 1181 2242 factitabant.
1201 2210 1291 2241 Torr.
1314 2209 1441 2241 Summo
1452 2210 1604 2251 carmine]

898 2259 1041 2300 Ultimo,
1057 2269 1116 2292 seu
1131 2270 1292 2301 supremo
1309 2261 1474 2303 carmine,
1486 2267 1600 2294 extre·

897 2317 952 2340 ma
967 2309 1128 2340 carminis
1141 2310 1432 2350 parte,Venerem
1446 2311 1599 2342 celebra·

896 2357 1027 2390 bimus:
1051 2368 1127 2399 quoe
1143 2362 1242 2390 tenet
1255 2357 1387 2390 Cnidon
1404 2359 1521 2391 urbem
1535 2360 1598 2391 Ca-

898 2404 970 2438 riael
1014 2408 1105 2439 Vide
1132 2417 1158 2440 1.
1187 2408 1256 2440 Od.
1282 2411 1336 2440 30.
1358 2407 1483 2448 [Gnido
1500 2409 1601 2440 Bam-

898 2457 1014 2498 berg]

941 2509 981 2538 14
1007 2505 1175 2546 Cycladas,
1200 2504 1270 2544 ἐγὼ]
1293 2505 1381 2536 Vide
1404 2514 1430 2536 ι.
1453 2504 1522 2536 od.
1547 2507 1599 2535 14.

898 2554 1045 2596 Paphon]
1081 2554 1208 2586 Urbem
1241 2555 1277 2586 in
1310 2555 1426 2595 Cypro
1456 2555 1600 2585 clarissi-

899 2614 1003 2637 mam.

942 2658 982 2686 15
1005 2653 1134 2686 Junctis
1157 2652 1234 2683 visit
1258 2650 1408 2692 oloribus]
1442 2651 1506 2682 His
1531 2661 1600 2684 nou

898 2705 1041 2736 obscure
1089 2707 1187 2734 notat
1223 2701 1413 2732 Venereum
1458 2710 1598 2741 carmen

197 2758 217 2786 8
240 2755 351 2786 Bibuli
381 2754 527 2794 consulis]
549 2755 674 2786 Consul
702 2753 768 2786 fuit
797 2754 848 2789 M,
892 2754 1040 2794 junctim
1056 2751 1258 2791 canendum,
1273 2751 1376 2792 idque
1390 2749 1464 2782 fore
1480 2760 1598 2791 supre-

154 2806 361 2847 Caipurnius
399 2805 544 2836 Bibulus
579 2814 654 2836 cum
684 2804 723 2836 C.
754 2804 849 2837 Julio

237 2858 350 2898 Delph.
367 2862 396 2890 et
416 2859 490 2889 Vnr.
508 2859 591 2889 Clas.

818 2856 935 2887 Horat.

899 2813 1010 2835 mum:
1035 2803 1086 2834 ait
1115 2802 1204 2833 enim
1235 2805 1372 2832 noctem
1400 2799 1597 2847 desiderare

1437 2850 1457 2883 5
1479 2853 1509 2883 Β
