1916 3262
352 273 463 315 140⁰

352 373 540 406 eiustorem
550 371 645 405 stcit.
682 372 816 404 Deinde
831 373 964 405 dubitat
976 373 1038 404 eti-

351 430 404 453 a·
423 421 618 452 Torrentius
633 430 675 451 nu
698 430 763 452 nou
785 421 903 452 Dillius
924 422 1037 462 legen-

338 469 430 502 dnm
454 479 515 509 pro
539 469 678 501 Duillius
699 469 770 500 sive
797 470 955 501 Duellius.
995 469 1038 500 Iu

350 518 581 558 antiquissimo
611 518 728 549 codice
756 519 876 549 Bland.
907 519 1038 549 invenit

351 566 514 606 Cruquius
539 567 686 601 Bellium,
722 567 809 606 quod
845 576 905 606 pro
938 567 1038 598 Gellio

349 615 495 654 positum
523 614 645 645 credit.
698 615 853 646 Mor-iture
882 615 972 654 Deli]
1005 614 1037 645 Ο

351 662 443 700 Deli,
457 663 512 702 qui
530 663 710 694 moriturus
731 671 779 698 es,
803 664 872 694 sive
900 667 1038 694 moestus

350 710 486 750 vixeris,
501 710 572 741 sive
587 710 714 741 hilaris.

802 282 940 314 NoTAE

391 761 413 788 6
435 759 498 790 Seu
519 763 549 790 te
570 759 606 790 in
629 760 758 800 remoto]
779 761 846 791 Seu
867 768 901 792 te
915 770 1041 792 recum·

353 806 488 838 beatem
505 809 547 839 ad
564 808 743 840 bibendum
758 809 881 841 feceris
905 811 1039 841 beatum

350 855 384 886 iu
414 858 562 896 gramine
588 863 728 898 remoto,
754 860 787 890 id
813 866 878 898 est,
903 860 935 890 in
966 861 1039 890 loco

349 905 491 938 herboso
507 917 527 938 a
544 907 734 948 frequentia
747 909 912 939 hominum
932 918 1039 939 remo·

351 959 398 991 to,
412 960 448 986 et
462 962 607 987 secreto.

391 1007 410 1034 7
435 1005 564 1044 Boaris]
582 1005 656 1035 Hoc
682 1010 734 1035 est
759 1006 933 1044 tantisper,
961 1005 1037 1036 dum

349 1052 578 1091 voluptatibus
591 1053 662 1083 istis
679 1053 814 1094 frueris,
835 1055 967 1085 beatum
990 1053 1037 1085 fe-

350 1101 450 1132 ceris.
494 1101 637 1131 Beatam
649 1102 736 1132 enim
759 1103 860 1132 vitam
885 1103 917 1132 in
943 1112 1038 1133 secu-

348 1149 450 1178 ritate
471 1152 572 1188 utque
593 1149 780 1180 indolentia
796 1150 942 1190 ponebat
958 1151 1038 1191 Epi·

349 1206 468 1235 curus3
485 1207 546 1229 uec
562 1198 652 1228 aliud
667 1199 696 1229 ei
713 1199 798 1230 beate
809 1201 922 1237 vivere,
938 1209 1037 1240 quam

349 1256 425 1277 cum
443 1248 614 1287 voluptate
632 1249 757 1279 vivere.
781 1250 919 1281 Torrent.

391 1298 411 1326 8
434 1296 585 1327 Interiora
600 1297 688 1336 nota]
704 1298 853 1328 Turueb.
869 1298 955 1329 Adv.
966 1307 990 1329 1.
1006 1301 1038 1329 1.

350 1348 384 1373 et
400 1344 478 1375 soh.
493 1345 658 1383 Brodaus,
674 1346 818 1376 Miscell.
836 1355 860 1376 1.
877 1349 907 1377 3.
952 1347 1036 1377 Inte-

348 1391 431 1422 riore
444 1393 530 1432 nota]
546 1393 632 1424 Vino
656 1394 795 1433 optimo,
820 1400 856 1424 et
879 1395 1037 1425 vetustis-

351 1440 446 1478 simo,
464 1441 562 1480 quale
582 1445 656 1471 erat
680 1441 856 1471 Falernum
874 1442 905 1471 in
920 1443 1038 1473 interi-

352 1498 410 1519 ore
426 1497 522 1529 parte
537 1491 634 1521 cellae
661 1491 795 1521 vinariae
817 1492 1036 1527 reconditum,

351 1539 530 1568 Consulum
560 1539 747 1569 nominibus
772 1540 839 1569 vini
869 1540 960 1570 cadis
989 1540 1038 1570 in-

351 1588 499 1627 scriptis,
515 1587 557 1618 ad
574 1592 719 1627 tempus,
740 1592 775 1618 et
791 1588 858 1618 viui
875 1593 1037 1628 proestan·

351 1634 430 1664 tiam
446 1634 713 1673 significandum.

393 1684 414 1712 9
437 1683 506 1717 Quo
519 1682 622 1721 pinus]
641 1682 818 1713 Lambinus
838 1683 932 1722 legit.
957 1684 1038 1718 Qua.

354 1731 422 1765 Quo
434 1730 540 1770 pinus]
559 1731 599 1761 In
622 1740 687 1770 qua
708 1730 869 1769 gramine.
902 1730 1040 1769 Albaque

346 1779 490 1818 populus]
507 1780 656 1819 Populus
670 1778 778 1817 arbor,
793 1778 890 1817 cujus
903 1777 1040 1808 frondes

352 1827 492 1858 internoe
509 1832 587 1858 sunt
600 1827 695 1857 albae.

397 1879 436 1907 10
457 1875 589 1916 Amant]
605 1876 758 1910 Φιλοῦσιν,
783 1875 817 1906 id
843 1880 907 1914 est,
932 1877 1040 1915 solent,

353 1933 445 1955 more
461 1925 598 1958 Graeco,
612 1924 699 1964 quod
715 1924 864 1964 Cruquio
886 1934 951 1954 non
974 1925 1040 1963 plu-

354 1976 420 2003 cet.
478 1971 610 2010 Amant]
646 1971 807 2002 Amanter
841 1973 1041 2002 consociant

353 2029 429 2051 suos
459 2029 568 2050 ramos
597 2019 638 2050 ad
667 2020 817 2050 umbram
841 2018 1040 2058 faciendam,

354 2077 429 2107 quae
447 2068 537 2098 velut
546 2066 728 2105 hospitium
742 2067 784 2096 sit
799 2067 1018 2106 epulantibus.

398 2118 434 2146 ll
463 2116 593 2154 Obliquo
604 2114 737 2154 loborat]
752 2114 856 2145 Rivus
871 2115 958 2145 enim
973 2124 1038 2155 quo

355 2163 514 2194 incurvus
537 2163 642 2201 magis
669 2171 708 2192 ac
732 2167 914 2201 tortuosus,
941 2172 981 2194 eo
1003 2169 1039 2194 et

355 2211 502 2242 luctatur
523 2211 625 2248 magis
649 2219 688 2240 ac
699 2211 849 2241 sonorior
862 2216 934 2241 est:
952 2211 1038 2243 unde

355 2263 392 2289 et
406 2259 582 2298 ‘loquaces
596 2258 760 2298 Nymphae
771 2257 781 2272 '
801 2267 857 2290 ιιι.
872 2259 938 2290 Od.
953 2262 1004 2290 13.
1019 2269 1038 2290 a

355 2307 500 2346 strepitu
514 2315 633 2345 nempe
649 2306 705 2337 illo
723 2315 819 2346 quem
842 2316 938 2348 aqua,
962 2317 1037 2339 cum

356 2355 498 2394 obliquis
523 2353 629 2385 fertur
656 2355 785 2394 spatiis,
803 2356 1038 2395 jucundiorem

358 2403 482 2434 reddit.
516 2403 655 2434 Torreat.
699 2402 825 2442 [Hamis
843 2413 900 2444 quo
920 2404 1039 2444 obliquo

358 2451 503 2491 Gnelpu.
527 2450 595 2481 Alii
607 2450 890 2491 codd.ap.Jaeck
906 2462 915 2483 ε
934 2453 1042 2484 Ramis

357 2510 428 2540 qua,
442 2500 527 2540 quid,
541 2500 595 2530 vel
611 2499 708 2540 quim]

401 2552 440 2581 12
462 2549 601 2589 Lympha
605 2548 726 2588 sug-ax]
747 2549 841 2580 Beue
851 2549 860 2566 ‘
871 2548 1023 2589 fugacem
1033 2548 1042 2562 ¹

360 2603 458 2633 vocat
485 2597 692 2638 ‘lympliam,’
708 2607 781 2638 quas
801 2602 938 2638 propter
959 2597 1042 2628 fluo-

361 2654 431 2675 rem
454 2646 558 2686 illurn,
582 2651 617 2678 et
645 2646 724 2687 quia
747 2652 865 2677 natura
887 2647 1042 2678 deorsum

359 2691 480 2731 fertur,
513 2694 697 2725 consistere
730 2695 856 2735 nequit.
898 2698 908 2714 ⁸
927 2696 1043 2735 Trepi-

361 2739 461 2771 dsrc'
484 2746 594 2772 nutem
605 2744 699 2782 qussi
713 2745 894 2784 strepitsre
909 2743 975 2776 dici
989 2754 1043 2775 vo-

974 282 1230 315 VAmoRtJM
1263 283 1314 314 IN

1084 375 1167 413 lunt,
1183 384 1202 405 a
1218 374 1338 414 pedum
1353 374 1512 414 strepitu,
1527 373 1634 414 qualis
1647 380 1765 415 repen.

1085 425 1156 455 tino
1174 425 1289 464 aliquo
1305 428 1396 455 motu
1412 423 1680 455 concursantium
1693 430 1766 455 me

1083 473 1183 503 solet.
1212 473 1308 504 Unde
1323 473 1424 503 etiam
1440 481 1501 512 pro
1516 471 1635 502 timere
1649 480 1691 502 uc
1704 470 1768 502 fes-

1086 521 1195 551 tinare
1210 521 1385 560 accipitur.
1411 521 1552 552 Torrent.
1602 520 1768 560 'nep-*am

1085 568 1167 607 rivo]
1200 569 1346 609 Trepide
1372 567 1489 608 fluere,
1515 572 1551 599 ct
1577 577 1652 598 cum
1680 575 1768 599 mur-

1086 626 1190 648 mure.

1130 669 1168 697 18
1191 667 1264 697 Huc
1277 666 1364 706 vina]
1382 667 1434 698 Ad
1449 667 1536 698 hunc
1550 667 1672 697 locum.
1707 665 1769 696 Na·-

1087 714 1180 745 mium
1187 714 1303 753 breves]
1316 716 1388 746 Etsi
1400 725 1515 755 parum
1526 713 1644 753 refert,
1656 709 1769 744 tumen

1087 762 1187 793 brevis
1196 764 1325 794 mallem
1335 764 1478 795 secundo
1490 767 1628 803 casu,nt
1643 767 1651 781 ‘
1665 763 1768 793 breve

1088 811 1190 842 lilium
1204 811 1212 824 '
1234 812 1329 843 dixit.
1374 813 1479 844 Recte
1503 821 1585 852 ergo
1605 816 1642 843 et
1667 812 1770 844 Juve-

1089 860 1154 890 nal.
1172 861 1244 891 Sat.
1265 869 1318 892 rx.
1341 866 1349 878 ¹
1363 861 1515 892 Festinat
1543 861 1630 891 enim
1651 860 1769 891 decur-

1088 917 1162 938 rere
1173 909 1268 939 velox
1279 910 1462 948 Flosculus,
1471 913 1619 949 angusto
1627 908 1770 939 misene-

1089 966 1153 997 que
1177 956 1368 988 brevissima
1391 958 1471 988 vitoe
1493 956 1635 988 Portio.'
1680 955 1769 987 Ado-

1088 1005 1280 1035 lescentism
1301 1005 1311 1023 ‘
1323 1003 1494 1036 flosculum
1506 1004 1515 1018 ’
1539 1013 1676 1044 vocans,
1695 1013 1770 1043 qua

1087 1058 1123 1084 et
1146 1054 1155 1070 ‘
1169 1053 1254 1083 bonu
1269 1058 1349 1084 aetas
1362 1053 1370 1067 ’
1395 1053 1584 1093 appellatur
1597 1056 1685 1082 teste
1700 1051 1771 1082 No-

1087 1101 1153 1132 nio.
1180 1102 1320 1132 Tor-rent.
1364 1101 1492 1140 Brevis]
1511 1101 1607 1131 Rosae
1623 1100 1692 1131 cito
1713 1099 1772 1130 de·

1086 1148 1306 1180 florescentis.
1331 1150 1426 1189 Virg.
1447 1149 1578 1182 ‘Quum
1593 1148 1691 1187 longa
1706 1156 1772 1178 uua

1089 1198 1169 1234 dies,
1183 1203 1266 1229 aetas
1283 1203 1350 1229 tam
1366 1199 1468 1238 longa
1487 1206 1632 1228 rosetum
1645 1195 1719 1228 est.'

1132 1249 1170 1277 14
1197 1247 1302 1278 Flores
1323 1246 1415 1285 rosaz]
1436 1247 1511 1277 Flos
1533 1246 1606 1286 ipse
1621 1254 1696 1275 rosa
1710 1249 1773 1275 est.

1088 1296 1271 1336 Aptissime
1294 1301 1406 1326 autem
1428 1295 1516 1334 vina,
1535 1297 1717 1333 unguenta,
1733 1301 1772 1323 ae

1087 1355 1196 1376 rosam
1222 1346 1349 1375 Gratiis
1372 1344 1612 1383 Amoribusque
1627 1343 1771 1374 dicatam

1086 1393 1269 1432 conjungit,
1283 1397 1318 1423 ut
1329 1401 1420 1431 saepe
1433 1391 1619 1422 Anacreon.
1633 1391 1772 1421 Tor-rent.

1086 1441 1250 1482 [Guelph.
1271 1441 1344 1472 Huc
1357 1440 1461 1470 vinum
1472 1459 1480 1468 .
1490 1439 1614 1477 ..jubes
1630 1438 1736 1477 rosa]

1131 1493 1167 1520 16
1186 1490 1270 1519 Dum
1285 1489 1348 1528 res]
1363 1490 1451 1519 Dum
1468 1497 1522 1518 res
1537 1485 1723 1525 familiaris,
1735 1490 1772 1517 et

1088 1543 1170 1568 ωιτη
1200 1538 1363 1578 juvenilis
1401 1537 1587 1577 patiuntur,
1623 1539 1660 1566 et
1693 1535 1770 1565 dnm

1087 1586 1204 1616 Parcae
1227 1587 1326 1617 etiam
1353 1586 1540 1626 patiuntur,
1557 1593 1694 1625 quarum
1716 1583 1773 1614 fila

1089 1635 1246 1666 dicuntur
1258 1639 1343 1673 atra,
1359 1634 1445 1675 quod
1463 1633 1614 1664 omuibus
1631 1636 1772 1663 mortem

1088 1684 1265 1714 minentur.

1135 1734 1173 1761 17
1198 1733 1295 1762 Cedes
1305 1730 1463 1770 comptis]
1476 1728 1642 1760 Discedes
1652 1727 1694 1759 ab
1705 1737 1774 1758 om-

1091 1780 1186 1810 nibus
1203 1779 1339 1816 divitiis,
1354 1784 1389 1810 et
1413 1788 1432 1808 a
1456 1778 1534 1808 villa
1558 1777 1658 1808 etiam
1673 1785 1773 1817 quam

1090 1829 1217 1859 Tiberis
1229 1826 1439 1867 praeterfluit.

1135 1879 1175 1907 18
1199 1877 1313 1907 Flavus
1341 1875 1446 1915 quam]
1481 1874 1569 1905 Vide
1594 1883 1619 1904 r.
1648 1873 1715 1904 Od.
1742 1875 1776 1904 2.

1095 1925 1212 1955 Tiberis
1240 1924 1332 1963 lavit]
1381 1924 1528 1954 Dicimus
1555 1925 1565 1940 ⁸
1582 1921 1710 1952 lavere'
1739 1925 1775 1951 et

1091 1972 1268 2004 ‘lavare:'
1295 1973 1351 2002 sed
1383 1971 1532 2002 ‘lavere'
1558 1970 1774 2010 frequentius,

1091 2030 1152 2059 pro
1175 2021 1379 2056 humectare,
1407 2019 1435 2048 si
1463 2018 1636 2048 Prisciano
1664 2016 1774 2046 credi-

1091 2076 1174 2099 mus.
1215 2067 1375 2107 [Quidam
1392 2066 1489 2096 codd.
1511 2075 1564 2105 ap.
1584 2064 1705 2103 Jaeek,
1729 2064 1774 2093 la·

1091 2115 1174 2154 vam]

1135 2165 1175 2193 19
1196 2163 1240 2192 Et
1267 2160 1430 2200 extructio]
1468 2161 1513 2191 Et
1541 2159 1666 2191 divitiis
1696 2168 1772 2190 coa-

1090 2210 1232 2242 cervatis
1255 2210 1401 2250 potietur
1425 2210 1544 2247 haeres,
1565 2208 1709 2239 fortusse
1725 2209 1773 2238 in·

1092 2263 1215 2300 gratus.

1131 2310 1169 2340 21
1196 2306 1323 2346 Inacho]
1347 2306 1545 2346 Argivorum
1557 2314 1646 2345 rege.

1132 2356 1187 2395 [22
1211 2355 1301 2386 Nihil
1315 2355 1444 2385 interest
1459 2354 1621 2394 Guelph.]

1132 2407 1172 2436 23
1197 2404 1261 2436 Sub
1275 2403 1339 2443 dio]
1361 2403 1414 2433 An
1431 2403 1521 2433 vivas
1536 2403 1607 2434 sine
1616 2402 1728 2442 domo,
1739 2407 1775 2434 et

1093 2454 1153 2485 sub
1169 2454 1253 2484 coelo
1263 2452 1351 2483 nudo
1362 2451 1502 2482 habites.
1544 2451 1608 2482 Sub
1619 2450 1686 2490 dio]
1707 2450 1775 2482 Mi-

1093 2512 1148 2533 ror
1176 2502 1224 2532 sic
1246 2500 1368 2540 ubique
1391 2499 1587 2530 Lambinum
1613 2499 1773 2534 scribere,

1093 2560 1167 2582 cum
1195 2554 1230 2581 et
1252 2553 1384 2580 vetusta
1403 2548 1608 2588 exemplaria
1627 2547 1683 2579 aab
1704 2547 1775 2578 diuvo

1093 2599 1247 2630 habeant.
1270 2598 1411 2628 Tor-rent.

1135 2651 1177 2679 24
1203 2646 1334 2678 Victima
1348 2645 1407 2684 nil]
1442 2645 1496 2676 Tu
1511 2644 1660 2675 existens
1679 2642 1772 2673 victi-

1094 2707 1146 2728 ma
1162 2695 1298 2727 Plutoni
1323 2693 1508 2733 mactanda,
1530 2694 1562 2724 id
1585 2690 1771 2731 est‚qules

1094 2746 1282 2778 moriturus.
1326 2743 1386 2774 Nil
1398 2741 1572 2774 miserantis
1591 2738 1680 2779 orei]
1715 2737 1770 2769 Ab
