1916 3262
1394 301 1398 303 Α
1455 269 1570 323 1233

1485 384 1569 426 165

527 290 877 323 nris‘ronARUM
911 290 1008 323 mn.
1037 291 1091 322 11.
1119 281 1160 322 l.

124 387 182 429 Et
201 387 374 441 placuit
390 385 491 435 sibi,
512 389 667 426 natura
687 385 892 426 sublimis
908 389 956 426 et
975 397 1101 426 acer:
1157 431 1168 441 ,

123 454 240 495 Nam
262 453 401 507 spirat
422 452 638 505 tragicum
660 452 784 501 satis,
806 455 851 492 et
868 450 1048 493 feliciter
1068 450 1249 512 audet3

122 520 211 562 Sed
233 526 404 574 turpem
424 523 554 574 putat
572 519 728 560 inscite
744 519 988 571 metuitque
1009 518 1201 565 lituram,

122 585 335 637 Creditur,
356 599 416 627 ex
433 585 579 627 medio
599 586 709 639 quia
727 598 800 627 res
819 585 1022 635 arcessit,
1042 585 1204 626 habere

124 652 307 695 Sudoris
324 652 550 693 minimum
566 640 688 704 3'sed
709 652 848 694 habet
866 651 1102 710 Comoedia
1120 655 1242 692 tanto

122 719 233 761 Plus
254 719 412 770 oneris,
431 723 592 772 quanto
611 719 750 761 veniae
770 720 930 762 minus.
987 718 1174 772 Aspice,
1199 717 1387 758 Plautus
1489 718 1573 761 170

124 849 226 880 animo
234 850 348 881 excelsi
356 852 387 881 et
400 850 594 882 vehementes
603 860 613 881 .·
629 851 740 890 qm'ppe
752 850 864 882 habeut
874 851 912 882 de
922 850 1046 890 tragico
1055 848 1172 890 spirim
1181 857 1242 880 non
1250 856 1435 888 parum,nec
1444 846 1577 885 infelici-

126 894 176 921 ter
185 895 380 932 exequuntur
387 903 398 923 .-
409 896 444 923 nt
453 893 611 923 emendari
622 894 700 932 quod
711 892 1204 933 compommnt,igmminiosum
1214 892 1330 922 ducunt
1341 893 1373 920 et
1383 891 1578 920 aversantur.

126 932 268 965 Putacur
280 934 427 966 comoedt'a
439 944 630 976 nequaquam
644 943 708 966 esse
719 934 868 982 difficilis,
881 945 915 966 eo
924 936 1004 976 quod
1017 934 1182 966 materiam
1196 933 1293 964 sumit
1307 943 1324 964 e
1337 933 1404 963 vita
1415 930 1578 962 communi.

131 974 247 1007 Verum
273 985 307 1007 eo
333 977 435 1016 magis
457 987 584 1018 operosa
610 980 669 1013 est,
684 986 744 1018 quo
767 976 869 1009 minus
890 977 981 1009 habet
994 976 1211 1017 indulgentia».
1254 975 1479 1007 Animadverte
1492 973 1579 1014 quali

731 1081 748 1093 O
753 1080 967 1094 mMMO

126 1154 346 1195 possita-166
366 1156 560 1200 Jamppirat
574 1157 652 1188 Vat.
668 1157 779 1188 Palat.
795 1159 935 1188 1.-167
959 1156 1124 1188 Nonnulli
1141 1155 1242 1187 codd.
1260 1156 1351 1195 Feae,
1374 1154 1507 1190 inscite,-
1530 1153 1580 1184 ita

127 1197 229 1228 etiam
245 1206 333 1228 unus
349 1207 406 1238 ap.
421 1199 532 1232 Pulin.
549 1199 676 1240 aliquot
689 1199 788 1230 Torr.
802 1199 859 1230 alii
883 1198 972 1239 apud
999 1199 1115 1229 Bentl.
1130 1198 1281 1239 quinque
1296 1197 1373 1228 Van.
1387 1197 1437 1227 ita
1453 1195 1582 1234 Acron,

128 1243 164 1270 et
177 1239 384 1280 Porphyrio,
398 1241 524 1282 aliique
540 1241 742 1278 Scholiasta
761 1241 846 1272 Mss.
863 1241 922 1282 qui
936 1245 1112 1280 exponunt
1135 1240 1145 1256 ‘
1159 1240 1264 1271 stulte
1277 1238 1299 1270 :¹
1314 1238 1464 1270 restituit
1479 1238 1583 1268 Baxt.

127 1290 314 1322 anonymus
327 1282 420 1323 'I'raj-
434 1284 475 1314 ad
494 1283 601 1314 [then.
618 1285 712 1314 1⁷13.
736 1283 823 1314 Cun.
839 1283 920 1314 San.
935 1283 1050 1318 Merv„
1067 1282 1158 1313 Phil.
1173 1283 1318 1314 Gesner.
1332 1279 1488 1320 Snndby,
1503 1279 1582 1310 Vni.

129 1323 214 1354 Dor.
231 1323 354 1355 Oberl.
369 1324 508 1364 Combe,
519 1324 658 1356 Wakef.
673 1325 784 1354 Weiz.
804 1330 841 1355 et
857 1325 967 1355 Zeun.
997 1324 1176 1355 Bentleius
1193 1333 1236 1354 ex
1256 1324 1456 1362 conjectura
1466 1321 1510 1351 de
1532 1321 1583 1351 in-

127 1366 204 1396 scite
215 1364 298 1397 fecit
313 1365 454 1397 inscitus.
478 1366 548 1397 Alii
561 1365 660 1396 codd.
677 1374 730 1404 ap.
747 1364 1133 1402 Feam,Pu1m.Ta1bot.
1147 1370 1182 1395 et
1197 1364 1330 1394 Vatari.
1347 1363 1493 1394 inscitiae.
1501 1363 1583 1393 Vnt.

127 1407 242 1438 Putat.
258 1409 290 1438 6.
305 1407 474 1438 inscitiam.
511 1407 590 1437 Vat.
606 1409 638 1437 7.
652 1406 686 1436 in
700 1406 848 1446 scriptis,-
869 1410 905 1436 et
923 1406 972 1437 sic
987 1406 1092 1437 etiam
1111 1405 1210 1437 Harl.
1222 1409 1253 1437 2.
1265 1408 1296 1437 3.
1308 1408 1340 1436 4.
1353 1407 1385 1436 6.
1399 1408 1431 1436 7.
1453 1408 1489 1435 et
1505 1403 1583 1434 edd.

128 1449 233 1489 antiq.
268 1449 303 1479 in
327 1449 449 1480 schedis
471 1448 562 1489 conj.
583 1448 838 1489 euning.—1es
861 1447 971 1480 Codd.
986 1448 1123 1489 quidam
1147 1448 1238 1483 Feae,
1262 1458 1278 1479 e
1300 1447 1409 1479 medio.
1432 1446 1584 1478 Schoen-

126 1490 224 1522 born.
240 1492 271 1522 2.
285 1490 320 1521 in
334 1491 435 1522 medio
450 1501 480 1531 q.
497 1500 526 1520 r.
541 1490 686 1522 excessit.
718 1490 796 1521 Vat.
814 1490 913 1522 Rom.
926 1493 958 1521 5.
973 1500 1041 1530 quae
1055 1499 1115 1522 res.
1149 1490 1244 1522 Vatt.
1261 1493 1291 1521 7.
1316 1492 1367 1522 14.
1384 1489 1466 1520 Vnt.
1482 1488 1584 1520 Rom.

129 1537 162 1564 ⁵.
174 1532 254 1564 Vnt.
265 1531 381 1564 Palai.
390 1535 423 1564 4.
434 1533 563 1564 arcessit
573 1543 586 1569 ‚·
600 1533 650 1564 sic
663 1532 719 1563 alii
738 1533 824 1563 Mss.
838 1532 929 1573 apud
943 1532 1048 1573 Cruq.
1063 1533 1213 1564 restituit
1226 1531 1342 1564 Lamb.
1354 1532 1467 1563 Pulm.
1479 1531 1585 1572 Cruq·

128 1574 214 1606 edit.
230 1575 334 1606 Basil.
348 1577 443 1606 1580.
455 1575 561 1606 chub.
573 1575 673 1606 Torr.
690 1574 732 1604 D.
746 1574 866 1606 Heius.
880 1576 977 1606 Torr.
994 1575 1118 1615 Despr.
1128 1575 1239 1606 Bond.
1254 1576 1338 1606 Dae.
1353 1575 1456 1606 Baxt.
1470 1573 1585 1605 Bentl.

130 1617 257 1657 aliique
273 1617 484 1648 recentiores
508 1627 636 1648 omnes.
666 1617 798 1647 accersit
820 1618 900 1648 Vat.
917 1619 968 1648 10.
994 1627 1013 1648 a
1036 1627 1080 1649 m.
1103 1627 1154 1658 pr.
1178 1618 1260 1648 Vat.
1277 1617 1377 1648 Rom.
1394 1619 1426 1648 3.
1441 1618 1473 1647 4.
1496 1615 1585 1647 edit.

129 1659 248 1691 Priuc.
263 1659 365 1690 solita
381 1659 583 1699 variatione,
606 1659 650 1690 de
677 1669 743 1700 qua
769 1667 794 1690 ι.
816 1659 928 1699 Epist.
943 1663 974 1691 5.
991 1662 1024 1691 7.
1069 1660 1198 1691 accessit
1222 1660 1330 1691 ceteri
1355 1659 1439 1690 Mss.
1455 1659 1534 1689 Feae
1550 1662 1586 1689 et

131 1701 284 1742 aliorum,
308 1706 344 1734 et
367 1702 555 1742 praesertim
573 1701 691 1743 priscae
708 1701 784 1732 aliae
801 1701 1087 1733 editionem—169
1110 1702 1344 1734 Schoenborn.
1361 1704 1393 1732 4.
1409 1704 1588 1731 tuntum.—

786 1808 931 1841 NOTAE

178 1884 238 1912 165
262 1881 390 1913 Placuit
413 1882 486 1921 sibi,
508 1885 620 1913 natura
643 1882 782 1914 sublimis
802 1887 832 1914 et

135 1930 222 1971 acer]
246 1930 302 1962 Illi
318 1931 524 1972 tragicorum
544 1932 743 1963 Graecorum
769 1932 834 1962 La·

136 1982 199 2013 tini
227 1981 443 2022 Interpretes
471 1982 533 2014 sibi
564 1982 625 2013 visi
659 1986 738 2013 sunt
765 1991 834 2013 non

135 2029 320 2062 infeliciter
343 2040 413 2062 rem
430 2031 551 2070 moliti,
573 2035 609 2062 et
631 2031 736 2071 digne
751 2031 834 2062 satis

135 2081 261 2113 imitati
277 2080 596 2113 sublimes'illorum
616 2081 786 2113 dictiones
801 2086 838 2112 et

135 2130 342 2171 sententias3
365 2140 427 2172 pro
451 2131 554 2162 insito
574 2139 697 2172 nempe
713 2131 838 2162 Roma-

135 2179 190 2212 nis
205 2181 276 2212 acri
293 2185 328 2211 et
344 2180 478 2212 sublimi
495 2181 645 2222 ingenio,
671 2180 714 2212 ad
736 2181 836 2212 susti-

137 2230 283 2262 nendam
309 2231 432 2271 tragici
459 2231 599 2272 spiritus
620 2231 836 2263 altitudinem

137 2281 238 2312 valde
255 2285 339 2322 apto
353 2286 391 2313 et
405 2281 540 2313 idoneo.

182 2333 243 2362 167
267 2331 330 2362 Sed
356 2334 477 2371 turpem
499 2331 697 2372 palan-&eq
720 2329 838 2372 Atque

137 2380 267 2411 utinam
282 2380 325 2411 ab
341 2380 480 2421 incepto
497 2381 602 2412 nostri
623 2380 745 2412 Poetae
771 2390 840 2412 non

143 2428 368 2467 destitissent,
390 2440 450 2462 seu
468 2430 596 2462 viribus
615 2430 684 2461 suis
699 2430 839 2461 nimium

142 2476 258 2516 diffisi,
270 2486 330 2509 seu
345 2479 435 2519 qnod
450 2489 508 2511 eos
523 2482 533 2498 ‘
547 2479 739 2511 offenderet
754 2480 841 2511 limae

143 2527 240 2559 labor
269 2530 306 2558 et
326 2529 445 2560 mora-¹
489 2529 590 2562 Quod
613 2530 641 2561 si
661 2530 733 2570 jam
760 2535 842 2561 tunc

145 2577 346 2619 illi‚'aliiqne
371 2577 547 2619 deinceps,
569 2579 698 2611 lituram
711 2585 750 2610 et
764 2588 845 2611 cen-

147 2636 260 2659 suram
276 2627 387 2658 minus
408 2627 610 2668 timuissent,
634 2633 728 2660 certe
744 2628 843 2660 modo

146 2681 156 2698 ‘
173 2680 247 2711 Nec
261 2679 387 2711 virtute
402 2678 494 2711 foret
509 2679 654 2711 clarisve
669 2681 844 2720 potentius

149 2729 261 2768 armis,
291 2729 400 2762 Quam
436 2729 551 2770 lingua
588 2728 746 2760 Latium.'
774 2729 846 2760 .1ta

149 2778 255 2810 sentit
270 2782 306 2809 et
325 2778 472 2819 loquitur
495 2778 660 2810 Horatius
683 2783 752 2810 tum
779 2778 846 2818 hic,

150 2834 221 2860 tum
238 2828 271 2858 in
288 2828 399 2868 Epist.
414 2828 458 2859 ad
474 2828 546 2860 Pis.
559 2838 608 2860 vs.
621 2831 695 2861 289.
747 2850 749 2853 ι

235 2881 349 2921 Delph·
365 2884 395 2912 et
415 2880 490 2913 Var.
510 2882 593 2912 Clas.

818 2881 937 2912 Horat.

931 1886 993 1914 168
1018 1883 1180 1922 Creditur,
1196 1892 1236 1913 ex
1248 1881 1441 1921 medi0,&c.]
1458 1882 1589 1913 Comoe-

888 1933 952 1964 diae
969 1932 1205 1964 difficultatem
1227 1931 1389 1971 ostendit,
1410 1931 1490 1972 quia
1509 1931 1590 1972 poe-

889 1990 934 2015 tae
966 1984 1096 2015 comico
1125 1983 1222 2014 venia
1248 1992 1313 2014 non
1344 1982 1469 2014 datur:
1496 1983 1592 2023 quasi

889 2032 996 2064 facile.
1013 2033 1058 2064 sit
1084 2032 1239 2073 perfecte
1263 2032 1455 2073 exprimere
1480 2041 1532 2063 res
1555 2035 1593 2063 et

889 2083 1039 2114 actiones
1070 2083 1238 2123 vulgares.
1282 2083 1409 2115 Verum
1433 2084 1591 2125 exemplo

889 2134 1077 2166 celebrium
1114 2134 1328 2166 Comicorum
1369 2134 1494 2175 probat
1538 2144 1591 2166 ar-

889 2183 991 2215 duum
1008 2193 1094 2224 opus
1110 2193 1184 2214 esse
1198 2183 1421 2216 Comoediam.

935 2236 996 2264 170
1019 2233 1145 2274 Aspice,
1171 2233 1302 2264 Plautus
1324 2234 1392 2268 Quo
1405 2236 1507 2274 pacto,
1522 2232 1594 2274 ξω]

832 2294 834 2299 ·
889 2282 981 2315 Vide
1012 2293 1113 2323 quam
1151 2282 1290 2315 aberret
1318 2293 1339 2314 a
1373 2292 1479 2324 scopo
1517 2282 1593 2323 ipse

891 2333 1037 2365 Plautus
1045 2333 1170 2374 alioqui
1183 2333 1306 2374 solers,
1316 2332 1448 2373 pariter
1458 2337 1496 2364 et
1504 2332 1596 2363 Dos-

892 2393 1040 2415 sennus:
1065 2393 1166 2424 quam
1197 2383 1254 2414 ille
1274 2391 1401 2423 parum
1424 2382 1497 2414 sibi
1514 2390 1595 2412 con-

893 2438 963 2465 stet
976 2434 1009 2464 in
1021 2433 1158 2465 tuendis
1171 2432 1469 2474 partibusjuvenis
1481 2440 1596 2463 aman-

893 2483 950 2523 tis,
963 2484 1029 2515 &c.
1047 2492 1147 2524 quam
1164 2483 1252 2513 alter
1273 2483 1283 2499 ‘
1298 2482 1463 2513 edacibus
1485 2481 1523 2512 in*
1536 2490 1594 2521 pa-

894 2534 1026 2565 rasitis'
1049 2534 1096 2564 sit
1120 2534 1346 2573 importunus,
1368 2541 1453 2573 quos
1474 2539 1596 2571 perpe-

895 2587 954 2614 tuo
976 2581 1019 2613 ad
1046 2591 1204 2613 nauseam
1230 2590 1338 2621 usque
1359 2583 1595 2619 repraesentat.

897 2631 1060 2672 Plerique
1075 2630 1274 2661 dubitarunt
1289 2633 1404 2659 utrum
1428 2627 1470 2659 ab
1485 2627 1597 2659 Hora-

898 2681 947 2711 tio
972 2679 1281 2720 reprehenderetur
1301 2677 1358 2708 hic
1379 2677 1534 2717 Plautus,
1553 2687 1597 2708 an

899 2730 1038 2770 culpato
1049 2729 1227 2759 Dossenno
1239 2725 1514 2768 praesertum-‚et
1526 2727 1597 2758 vel-

900 2783 941 2809 ut
965 2778 1140 2818 exemplar
1170 2778 1336 2817 optimum
1362 2776 1598 2808 exhiberetur.

902 2827 949 2858 At
963 2832 1112 2860 mentem
1135 2827 1206 2868 ipse
1227 2836 1322 2858 suam
1339 2826 1472 2869 apernit
1486 2826 1597 2858 Hora-

1451 2881 1471 2910 4
1495 2879 1512 2910 1
