1916 3262
382 267 491 309 1286
849 283 891 318 Q.
921 278 1128 310 HoRA‘ru
1163 281 1331 313 rmum

382 369 562 410 Rectius
585 370 764 411 Iliacum
786 383 957 410 carmen
979 370 1160 412 deducis
1179 374 1224 414 in
1243 380 1384 423 actus,

381 434 524 484 Quam
546 437 584 476 si
602 437 815 488 proferres
833 437 976 488 ignota
997 437 1241 490 indictaque
1263 440 1440 492 primus.

382 501 566 542 Publica
585 504 785 542 materies
806 503 963 554 privati
983 502 1095 555 juris
1112 504 1207 553 erit,
1228 505 1267 545 si

383 565 482 607 Nec
502 568 616 607 circa
637 568 760 608 vilem
782 568 1064 621 patulumque
1086 571 1316 611 moraberis
1337 572 1509 622 orbem3

385 631 428 673 N
431 645 480 672 ec
502 633 676 673 verbum
696 634 829 674 verbo
850 635 1024 675 curabis
1042 634 1218 676 reddere
1235 635 1346 677 fidus

1700 446 1703 447 ’
1711 439 1794 480 13⁰

383 755 492 803 moJori
505 766 573 787 cum
583 759 672 789 laude
686 763 898 797 argumentum
913 761 950 790 de
966 760 1064 790 Iliade
1078 760 1111 790 in
1126 760 1318 799 Tragoediam
1330 761 1462 800 rediges,
1475 769 1563 800 quum
1575 758 1602 790 si
1615 756 1756 788 inaudita
1767 758 1798 786 el

383 806 507 828 mmzme
519 801 640 837 cognita
654 801 771 840 primus
785 802 896 832 ederes.
934 802 1044 839 Porro,
1058 802 1186 832 materia
1200 802 1320 841 publica
1332 803 1474 833 reddetur
1487 802 1546 832 tibi
1557 799 1693 840 propria,
1707 797 1736 829 δῖ
1746 806 1799 828 ”2⁰

384 838 500 870 laaereas
511 841 592 871 circa
606 842 693 872 vilem
707 842 854 873 circulum
866 846 896 874 et
910 843 1048 874 omnibus
1060 846 1224 883 patentem,
1243 853 1297 875 nec
1317 844 1439 875 verbum
1457 843 1547 875 verbo
1560 841 1710 882 exfflicare
1733 841 1798 870 otu-

384 1009 567 1054 '’ffb-‚¹28
589 1008 723 1048 Difficile
740 1010 862 1048 proprie
884 1009 1121 1040 Hellen—129
1142 1009 1295 1041 Vallieel.
1310 1012 1340 1039 1.
1359 1010 1499 1049 producis
1512 1009 1545 1040 in
1558 1011 1652 1039 aetus.
1674 1006 1755 1038 Vat.
1770 1009 1800 1038 1.

386 1049 506 1095 dadums
519 1058 552 1078 m
568 1053 664 1079 aetus.
708 1051 717 1067 ‘
734 1051 832 1081 Hanc
850 1061 960 1082 veram
979 1052 1168 1090 lectionem,
1183 1060 1243 1091 pro
1257 1052 1391 1092 deducis,
1405 1050 1529 1090 fugisse
1545 1057 1683 1080 acumen
1698 1049 1803 1078 Bent-

386 1089 440 1118 len
460 1091 514 1136 rix
528 1091 699 1128 credibile,
711 1092 767 1131 qui
783 1098 878 1123 recte
893 1093 1030 1123 eandem
1049 1102 1163 1123 vocem
1181 1093 1330 1123 restituit
1342 1093 1479 1124 Manilio
1494 1101 1534 1123 n.
1550 1094 1599 1122 10.
1620 1093 1630 1108 ⁴
1644 1089 1802 1120 Amnem·

387 1139 450 1177 qne
467 1139 499 1159 in
523 1136 640 1161 tenues
656 1142 735 1162 ausa
750 1138 802 1164 est
818 1134 975 1164 diducere
990 1134 1101 1172 rivos,'
1117 1144 1179 1174 pro
1202 1135 1212 1152 ‘
1229 1134 1421 1165 deducere.'
1464 1133 1580 1164 Veluti
1595 1131 1682 1171 apud
1699 1130 1804 1162 Quin-

387 1172 436 1201 til.
466 1171 549 1203 [nst.
575 1173 671 1204 Orat.
698 1183 730 1204 v.
758 1174 820 1205 133
847 1176 918 1206 Fea.
962 1175 1058 1206 Harl.
1080 1179 1111 1206 7.
1138 1177 1288 1215 producis.
1331 1177 1424 1207 Vatt.
1448 1178 1499 1206 10.
1523 1176 1575 1204 21.
1596 1173 1630 1204 in
1649 1175 1804 1202 actum.—

389 1215 449 1242 132
475 1213 602 1244 Novem
619 1220 654 1245 et
670 1215 787 1256 viginti
803 1217 900 1246 codd.
924 1217 1012 1255 Feae,
1033 1218 1104 1247 Non
1118 1218 1220 1254 circa;
1243 1218 1289 1248 ita
1306 1217 1407 1248 etiam
1425 1215 1614 1247 Helmstad.
1629 1223 1684 1254 ap.
1700 1213 1804 1244 Geni.

388 1253 517 1301 Heller,
541 1265 655 1286 omnes
682 1258 845 1296 Lambini,
871 1258 980 1289 Pulm.
1006 1263 1042 1289 et
1071 1258 1220 1297 Combe3
1241 1259 1320 1290 item
1347 1259 1472 1295 Acron,
1498 1255 1698 1296 porphyrio,
1721 1254 1804 1285 edit.

387 1294 501 1326 Princ.
527 1297 619 1327 Med.
647 1300 740 1329 1476.
775 1300 886 1331 Venn.
911 1302 1003 1331 1478.
1030 1302 1121 1331 1479.
1145 1303 1239 1331 1481.
1261 1303 1354 1331 1483.
1377 1302 1471 1332 1486.
1494 1301 1588 1330 149⁰.
1601 1298 1696 1328 14⁹2.
1711 1297 1804 1326 1495.

388 1339 483 1384 1514.
507 1337 595 1367 Flor.
614 1341 704 1370 1482.
727 1340 817 1370 Frib.
835 1343 927 1371 1536.
957 1341 1091 1379 Talbot,
1112 1342 1225 1371 Bentl.
1242 1341 1390 1381 Sandby,
1406 1340 1547 1372 Schelle.
1593 1339 1661 1370 Nec
1673 1336 1757 1369 eirca
1771 1337 1805 1366 in

388 1377 488 1408 editis
505 1384 557 1409 est
572 1379 613 1408 ab
631 1380 717 1410 Aldo
733 1383 825 1412 1501.
850 1381 925 1411 inde
953 1382 1204 1421 vulgatae—133
1227 1382 1322 1412 Vati.
1335 1385 1369 1412 4.
1385 1384 1440 1412 10.-
1451 1383 1503 1412 18.
1518 1382 1572 1411 24.
1614 1379 1693 1410 Vat.
1709 1378 1805 1408 Rom.

388 1421 485 1466 ⁵·.¹¹·
513 1425 548 1450 et
576 1419 726 1460 Angelic.
741 1424 772 1452 3.
796 1422 916 1452 verbum
933 1422 1042 1458 verbm
1065 1427 1099 1452 et
1123 1423 1171 1452 sic
1194 1422 1305 1453 Acron
1327 1422 1393 1453 Ms.
1415 1426 1451 1452 et
1471 1421 1592 1459 editus,
1610 1419 1744 1452 Servius
1763 1418 1807 1448 ad

388 1459 482 1499 Vtrg.
501 1460 574 1492 AEn.
591 1471 616 1492 1.
633 1465 706 1494 227.
724 1471 776 1493 xi.
795 1466 822 1494 1.
843 1464 879 1493 S.
903 1463 1041 1494 Hieron.
1068 1464 1177 1502 Epist.
1202 1466 1255 1494 57.
1278 1463 1319 1494 ad
1346 1464 1474 1494 Parnm.
1491 1471 1522 1492 n.
1537 1465 1568 1493 5.
1591 1460 1698 1492 Aldus
1715 1462 1809 1490 1501.

389 1503 483 1533 1509.
501 1505 593 1533 1519.
616 1503 722 1535 Junta
740 1507 831 1535 1503.
855 1505 1008 1536 Britann.
1027 1508 1119 1535 1520.
1143 1505 1259 1535 Basili,
1274 1507 1366 1536 1527.
1382 1507 1475 1535 1531.
1491 1506 1584 1534 1580.
1608 1501 1698 1534 Frib.
1714 1503 1808 1532 1586.

389 1542 491 1574 Dion.
506 1543 548 1574 ab
565 1544 685 1575 Harsio
708 1546 812 1583 Lngd.
831 1549 923 1577 1538.
955 1547 1066 1576 Venn.
1083 1548 1178 1578 1545.
1194 1548 1287 1577 1552.
1301 1549 1395 1578 1573.
1431 1544 1547 1576 Lanib.
1562 1544 1688 1575 Muret.
1705 1542 1809 1582 Cruq.

389 1583 501 1616 Pulm.
518 1586 622 1616 Cliab.
638 1587 726 1617 Dan.
746 1586 864 1619 Heius.
882 1588 1047 1627 Desprez,
1063 1588 1172 1618 Bond.
1198 1588 1334 1618 Talbot.
1363 1589 1483 1618 Dacer.
1506 1587 1607 1617 Baxt.
1622 1584 1808 1619 Bentleius,

390 1626 446 1665 qui
461 1627 592 1667 probat,
608 1627 696 1659 Phil.
709 1628 814 1660 Gesn.
827 1629 973 1670 Sandby,
990 1630 1080 1660 Batt.
1096 1629 1172 1660 Val.
1189 1629 1272 1660 Dor.
1287 1629 1422 1668 Combe,
1434 1627 1566 1658 Wakef.
1579 1627 1687 1658 Wetz.
1703 1625 1808 1657 Zeun.

1034 1734 1063 1764 N
1071 1734 1172 1765 OTAE

393 1795 476 1826 scite
499 1795 678 1833 imitand03
704 1795 813 1836 deque
834 1800 912 1827 nota
936 1805 1076 1836 persona

393 1845 502 1884 potius
522 1844 632 1875 denuo
657 1845 860 1884 exhibenda,
875 1855 973 1886 qnam
990 1855 1075 1876 nova

391 1895 580 1927 formanda:
613 1896 767 1936 qnoniam
794 1896 858 1927 hoc
888 1896 1012 1927 audere
1040 1900 1075 1927 et

392 1947 455 1978 rite
471 1946 594 1986 exequi
610 1947 654 1976 sit
669 1945 836 1977 difficilius
851 1952 886 1977 et
909 1947 1075 1986 periculo-

391 1996 470 2034 sius,
485 2005 583 2036 quam
599 1995 679 2026 illud
705 2000 883 2035 praestare:
907 1995 1007 2026 modo
1025 2001 1072 2026 ta-

392 2053 467 2075 men
498 2044 648 2084 quaedam
683 2044 903 2074 observentur
935 2044 1075 2074 solerter

392 2092 559 2130 evitanda,
576 2102 648 2132 quae
666 2092 707 2122 ab
726 2092 867 2122 Horatio
883 2095 1053 2123 notantur.

437 2139 581 2179 Proprie]
599 2139 700 2180 Apta,
713 2139 938 2178 convenienti,
951 2145 985 2170 et
1002 2149 1076 2180 pro-

395 2190 469 2230 pria
484 2190 624 2219 ratione.

438 2237 632 2278 Communia]
662 2236 694 2268 A
709 2238 800 2269 nullo
817 2241 896 2268 ante
913 2242 1079 2278 occupata

394 2293 429 2320 et
445 2292 602 2320 tractata.

437 2340 500 2369 129
521 2337 652 2368 Iliacum
667 2335 804 2376 carmen]
827 2335 1002 2367 Materiam
1021 2344 1079 2366 sen

394 2397 569 2428 personam
587 2388 620 2418 in
638 2386 742 2418 Iliade
763 2387 803 2417 ab
820 2386 968 2418 Homero
993 2391 1079 2416 trac-

395 2442 509 2470 tatum.
554 2437 685 2477 Nempe
714 2436 741 2467 is
770 2435 962 2475 multiplicis
984 2444 1081 2475 argu·

397 2487 499 2518 menti
517 2485 590 2517 fons
613 2485 821 2516 uberrimus:
850 2485 1006 2525 illumque
1026 2485 1082 2520 τῆς

394 2535 567 2577 Τραγῳδίας
589 2534 737 2573 ἡγεμόνα,
760 2533 1011 2575 ποιητικώτατον,
1031 2533 1082 2564 καὶ

394 2584 514 2626 πρῶτον
536 2586 598 2616 τῶν
617 2585 864 2624 Τραγῳδοποιῶν,
882 2588 975 2616 recte
998 2592 1080 2614 nuu-

396 2640 499 2675 cupat
512 2636 612 2666 Plato
628 2635 669 2665 de
684 2634 769 2674 Rep.

440 2687 499 2715 131
527 2684 656 2715 Publica
682 2684 839 2724 materies]
883 2682 1080 2720 Publicata;

397 2736 487 2765 nota,
507 2732 577 2770 jam
602 2737 759 2772 tractata,
783 2732 888 2773 qualis
918 2733 951 2763 in
975 2731 1082 2766 Iliade

398 2780 450 2810 vel
469 2779 632 2820 Odyssea.

1173 1797 1295 1828 Privati
1303 1797 1386 1835 juris
1400 1795 1476 1836 erit]
1504 1795 1578 1826 Tua
1593 1793 1735 1832 dicetur,
1749 1802 1809 1833 per

1127 1855 1244 1878 novam
1268 1853 1302 1877 et
1325 1847 1443 1878 scitam
1460 1844 1709 1885 dispositionem
1725 1848 1812 1874 trac-

1128 1898 1352 1938 tationemque
1368 1906 1388 1927 a
1403 1902 1438 1928 te
1454 1896 1636 1926 inventam.

1169 1945 1206 1976 Si
1236 1946 1303 1976 Nec
1331 1946 1413 1976 circa
1447 1945 1548 1984 vilem,
1578 1941 1645 1983 tra]
1674 1942 1710 1974 Si
1739 1951 1812 1982 pas-

1129 1994 1189 2024 sim
1206 2003 1270 2025 non
1286 1994 1434 2034 sequaris
1450 1999 1619 2024 auctorem
1635 2000 1734 2032 quem
1750 1991 1812 2021 tibi

1130 2044 1325 2075 imitandum
1352 2043 1566 2083 proposuisti,
1595 2042 1750 2073 universa
1777 2046 1814 2071 et

1129 2092 1260 2132 singula
1275 2092 1315 2122 ab
1331 2100 1370 2122 eo
1386 2090 1612 2122 desumendo:
1634 2089 1722 2130 quod
1742 2089 1812 2130 qui-

1130 2140 1204 2170 dem
1221 2141 1297 2179 vile,
1313 2146 1412 2180 atque
1424 2139 1576 2170 omnibus
1591 2138 1738 2176 obvium,
1754 2148 1812 2178 pa-

1130 2194 1216 2225 tens,
1227 2194 1261 2219 et
1277 2189 1372 2220 facile
1388 2194 1449 2220 est.
1473 2188 1519 2219 At
1531 2193 1646 2219 contra
1657 2188 1811 2218 maximae

1132 2238 1212 2269 artis
1228 2242 1261 2269 et
1277 2237 1382 2268 laudis
1397 2243 1458 2276 est,
1474 2237 1520 2267 sic
1538 2236 1661 2267 imitari
1681 2239 1718 2267 ut
1731 2236 1814 2267 nihil

1131 2296 1198 2318 non
1225 2292 1315 2317 tunm
1341 2295 1380 2317 ac
1409 2285 1579 2326 proprium
1604 2293 1679 2315 esse
1703 2283 1813 2315 videa-

1131 2341 1209 2374 tnr;
1235 2336 1363 2366 ratione
1381 2335 1451 2375 jam
1475 2334 1578 2374 dicta,
1602 2338 1636 2364 et
1661 2343 1740 2364 mox
1765 2334 1814 2364 di-

1130 2384 1250 2416 cenda.

1176 2436 1236 2465 132
1255 2433 1400 2464 Paculam
1413 2431 1530 2471 orbem]
1545 2431 1687 2463 Carmen
1704 2431 1815 2471 vulga-

1133 2489 1222 2516 tum:
1247 2483 1432 2522 argumenti
1448 2482 1699 2522 dispositionem
1713 2483 1815 2513 omni-

1134 2534 1194 2565 bus
1220 2531 1406 2572 expositam
1433 2534 1468 2561 et
1495 2530 1682 2570 cognitam:
1711 2535 1815 2561 mate-

1133 2584 1216 2614 riam
1233 2581 1390 2612 continua
1410 2578 1494 2610 serie
1508 2582 1710 2619 pertextam,
1725 2587 1815 2610 more

1135 2632 1354 2673 Cyclicorum.
1378 2629 1462 2661 Vide
1479 2634 1596 2669 postea
1613 2629 1693 2660 Not.
1708 2629 1749 2660 ad
1765 2637 1814 2660 vs.

1135 2684 1238 2761 135}ss
1265 2729 1330 2760 Nec
1346 2728 1466 2759 verbum
1486 2725 1589 2765 verbo]
1611 2726 1718 2757 Immo
1741 2735 1813 2758 sen-

1137 2779 1260 2811 tentias
1281 2778 1451 2818 ingeniose
1476 2775 1639 2816 expiscari
1667 2779 1815 2815 oportet,
