1916 3262
364 301 474 344 1444

364 415 383 436 a
398 405 532 444 Patara,
549 403 824 445 Lyciae'civitate‚
838 405 1043 436 ubimaxime

363 453 546 486 colebatur.

367 507 370 511 ”
403 505 446 534 64
467 502 576 534 Delius
588 504 619 532 et
642 501 790 532 Patareus
802 502 924 542 Apollo]
956 503 1044 535 Quia

359 550 370 568 ‘
382 550 497 591 Lyciae
509 550 646 581 dumeta
655 549 664 563 '
679 553 715 580 et
728 551 737 567 ‘
752 551 898 582 natalem
910 551 1024 582 silvam
1036 551 1046 565 ’

361 599 507 637 dixerat,
536 600 661 638 optime
689 598 756 630 duo
785 599 952 631 adduntur
974 601 1044 639 epi-

362 648 477 678 theta:
501 647 624 686 Delius,
638 647 681 678 ob
697 649 809 679 natale
830 649 956 680 solum:
979 649 1044 679 Pa-

359 699 465 727 tareus
478 696 521 727 ob
547 697 703 727 Pataram
728 697 839 737 Lyciae
863 698 989 737 urbem,
1010 698 1044 728 in

361 752 425 784 qua
459 743 625 784 Apollinis
653 744 839 784 delubrum,
864 746 983 785 opibus
1010 750 1045 776 et

361 793 487 824 oraculi
516 793 583 824 fide
620 794 786 833 Delphico
814 795 894 825 olim
927 794 1044 824 simile.

359 842 530 873 Musarum
546 851 626 882 ergo
647 843 769 882 gratia,
788 842 903 873 laudes
919 842 1046 882 Apolli-

359 891 412 922 nis
427 890 536 922 obiter
557 890 610 922 hic
635 891 764 922 inserit.
809 891 917 921 Porro
933 892 1045 931 gigan-

359 944 432 970 tum
453 939 640 978 bellum5et
663 939 697 969 in
723 948 763 969 eo
791 939 976 978 praestitam
1003 939 1044 969 ab

358 986 517 1028 Apolline
532 996 678 1027 operam,
697 992 798 1027 atque
814 987 898 1018 adeo
913 996 1044 1018 omnem

358 1035 449 1066 illam
475 1034 621 1066 fabulam
649 1036 871 1074 pulcherrime
897 1037 1047 1077 explicat

359 1083 512 1114 Macrob.
526 1083 662 1114 Saturn.
679 1079 710 1114 ι.
720 1086 774 1115 20.
799 1084 940 1114 Tmene.

404 1134 444 1162 65
476 1131 528 1162 Vis
541 1131 648 1162 consili
663 1131 786 1170 expers]
809 1132 886 1162 Huc
909 1132 1046 1172 respicit

359 1180 535 1211 Claudian-
565 1181 575 1197 ‘
589 1180 666 1211 Non
676 1180 753 1210 solis
770 1180 896 1211 viribus
912 1191 1043 1222 aequum

361 1229 534 1260 Credere:
554 1238 642 1268 saepe
659 1229 727 1259 acri
741 1229 853 1268 potior
866 1230 1045 1270 prudentia

358 1277 500 1308 dextra!
534 1277 585 1308 Ac
602 1282 700 1308 notus
715 1278 771 1308 ille
788 1279 955 1317 Euripidis
971 1288 1045 1309 ver-

356 1335 411 1356 sus
428 1336 436 1357 :
460 1325 561 1364 Σοφὸν
570 1325 631 1365 γὰρ
645 1324 679 1355 ἓν
691 1325 848 1364 βούλευμα
855 1327 911 1357 τὰς
924 1327 1047 1358 πολλὰς

358 1374 452 1413 χερὰς
467 1375 559 1414 Νικᾷ.
604 1375 680 1406 Quo
705 1375 864 1414 prudenti
888 1384 951 1404 uno
963 1384 1045 1405 con-

358 1422 431 1453 silio
448 1423 569 1453 multas
594 1422 678 1452 vinci
694 1431 809 1452 manus
826 1427 967 1453 testatus
983 1428 1045 1455 est.

363 1471 419 1503 Vis
431 1469 553 1509 consili]
577 1470 690 1502 Robur
702 1471 864 1510 corporis,
879 1471 950 1501 sine
965 1481 1045 1511 pru-

357 1520 486 1559 dentia,
497 1530 555 1551 suo
567 1519 690 1550 labitur
703 1520 843 1559 impetu.
886 1519 965 1559 [Vis
974 1529 1044 1550 con-

357 1569 422 1600 ,n‘lae'i
436 1579 544 1609 expers
557 1570 633 1600 mole
647 1578 702 1599 sua
719 1568 784 1599 ruit
800 1568 959 1607 Guelpli]

400 1621 443 1648 66
469 1618 540 1649 Vim
553 1617 767 1657 temperatam]
795 1617 894 1647 Vires
909 1616 1044 1647 consilio

359 1666 564 1705 gubernatas
581 1667 638 1696 Dii
657 1670 792 1705 augent.

398 1717 441 1745 68
463 1714 638 1754 Met-entes]
661 1714 758 1744 Vires
777 1714 967 1753 cogitantes
983 1714 1043 1744 ini-

357 1760 530 1804 finitatem.

399 1814 441 1842 69
466 1812 664 1843 centimanus
689 1811 806 1850 Gigas]
839 1811 879 1842 In
910 1812 1043 1852 quibus-

358 1860 433 1890 dam
458 1859 639 1899 veteribus,
655 1861 760 1900 xGyas.
805 1860 893 1891 vide.
917 1861 1044 1892 Muret-

358 1909 438 1939 Var.
462 1909 557 1940 Lect.
574 1917 623 1940 v¹.
646 1911 698 1940 13.
752 1909 950 1940 centimanus
976 1910 1043 1950 Gy-

355 1958 429 1998 gas]
453 1958 622 1995 Briareus,
637 1958 678 1988 (le
693 1968 758 1998 quo
773 1958 847 1988 vide
858 1967 897 1989 n.
915 1959 982 1990 Od.
994 1961 1043 1990 17.

401 2009 443 2037 70
470 2000 606 2045 Iritegrae
621 2007 751 2045 Diam]
787 2007 896 2042 Castoe
911 2008 1043 2038 Dianae..

399 2057 438 2084 71
465 2055 614 2084 Tenentur
627 2054 756 2093 Diam]
790 2055 866 2085 Hoc
892 2060 957 2093 est,
975 2060 1042 2085 stu-

357 2104 409 2142 pri
424 2104 631 2134 sollicitator.
675 2104 732 2134 Sie
747 2104 835 2134 enim
850 2104 925 2133 Val.
949 2105 1041 2135 Max.

361 2159 410 2181 νι.
441 2153 470 2180 1.
513 2150 667 2181 ‘Citatus
702 2151 815 2191 itaque
849 2151 1042 2181 Scantinius

357 2208 447 2238 reus,
476 2207 539 2229 uno
567 2204 667 2237 teste,
695 2199 752 2239 qui
775 2202 925 2229 tentatus
953 2204 1040 2238 erat,

359 2249 535 2280 damnatus
564 2252 639 2280 est.’
680 2248 910 2286 ‘Tentatum‚’
941 2254 1039 2280 vocat

357 2297 618 2337 adolescentem,
633 2307 731 2338 quem
748 2297 788 2328 de
812 2302 927 2337 stupro
951 2298 1040 2328 solli-

356 2347 519 2378 citaverat
541 2346 742 2378 Scantinius.
786 2346 889 2386 Cujus
914 2344 1039 2376 factum

355 2395 541 2435 improbum
579 2395 643 2434 legi
671 2394 864 2431 Scantiniae,
894 2403 967 2434 quae
998 2393 1040 2425 de

357 2444 519 2483 pudicitia
535 2448 618 2478 erat,
634 2452 752 2473 nomen
767 2442 900 2473 dedisse
914 2443 1040 2473 volunt.

359 2492 433 2523 Nec
464 2491 622 2522 dissimile
651 2497 715 2529 est,
743 2491 830 2532 quod
861 2490 1039 2532 ‘judicium

357 2546 489 2571 tentare
513 2540 674 2581 pecunia'
698 2539 783 2571 dicit
798 2540 868 2571 Cic.
884 2549 944 2580 pro
964 2540 1040 2571 Mu-

358 2597 447 2620 rena.
482 2589 534 2620 De
551 2589 676 2620 Orione
692 2589 835 2619 diximus
852 2598 891 2620 11.
909 2589 1039 2620 0d.28.

361 2639 448 2670 Torr.
493 2639 591 2670 Orion
615 2638 747 2678 Diam]
769 2639 876 2670 Orion
893 2640 1041 2678 venator,

360 2692 510 2726 stuprare
524 2693 665 2720 conatus
679 2688 837 2728 Dianam,
851 2687 923 2728 ejus
938 2687 1040 2728 sagit-

361 2735 402 2764 tis
415 2739 467 2765 est
482 2735 667 2768 confossus.

402 2785 443 2813 723
479 2784 597 2822 Injecea
623 2787 768 2818 monstris
798 2786 909 2826 Terra]
947 2785 1041 2818 Ordo

818 313 955 344 No'rAE
986 313 1244 345 vAmoRUM
1278 315 1329 345 IN

1093 409 1161 436 est:
1185 406 1290 437 Terra
1308 411 1429 444 mater,
1444 406 1601 446 imposita
1614 411 1777 442 monstru-

1093 454 1338 498 sisgigantibus
1350 455 1415 485 suis
1430 454 1518 494 filiis,
1533 455 1636 495 dolet,
1649 461 1685 488 et
1698 465 1779 490 mte-

1093 509 1156 539 ret.
1171 513 1246 535 snos
1271 510 1384 544 partus
1407 514 1482 535 esse
1500 503 1642 536 fulmine
1663 506 1779 538 missos

1093 550 1134 581 ad
1152 550 1290 588 Oreum,
1306 553 1338 583 id
1355 557 1418 591 est,
1433 552 1474 584 ad
1498 553 1656 595 Plutona,
1671 560 1780 595 -suprt

1091 600 1224 632 modum
1251 602 1423 642 pallidum,
1448 607 1484 633 et
1510 601 1646 634 inferno·
1665 605 1778 635 colore

1092 647 1265 681 foedatum.
1309 651 1428 688 Injecta
1462 651 1621 691 monum]
1652 651 1778 683 Paeana

1092 701 1291 737 maternum,
1302 699 1386 739 quod
1403 700 1544 739 ipsamet
1556 706 1698 740 cogatur
1706 706 1781 731 esse

1094 745 1196 775 ultrix
1214 755 1344 777 suorum
1358 747 1512 778 filiorum.
1537 746 1634 787 Crito.

1135 796 1174 826 75
1199 795 1266 826 Nec
1277 796 1409 835 peredit]
1431 795 1660 835 Ainplificatio
1674 795 1717 826 ab
1732 804 1778 827 e-

1095 843 1252 874 ternitate
1261 844 1415 883 supplicii
1425 844 1668 875 damnatorum.
1683 845 1779 884 cuiq.

1134 893 1176 921 76
1196 891 1338 932 AEtnam]
1360 893 1482 924 Siciliae
1498 898 1657 932 montem,
1673 893 1780 924 Ence-

1092 937 1171 968 lado
1186 939 1312 978 giganti
1329 940 1498 980 injectum.

1134 987 1175 1016 77
1198 987 1439 1027 [incontinentis]
1473 988 1616 1029 Proprie
1646 989 1778 1020 inconti-

1092 1038 1197 1066 nentes
1224 1040 1325 1076 atque
1353 1037 1588 1077 intemperantes
1623 1045 1780 1068 vocamus

1092 1093 1163 1123 em,
1179 1094 1261 1124 quos
1277 1085 1416 1125 ἀκρατεῖς
1430 1091 1466 1117 et
1479 1084 1671 1118 ἀκολάστους
1684 1086 1788 1117 Graeo'

1092 1132 1123 1163 ci
1137 1142 1147 1165 z
1169 1133 1224 1173 qui
1243 1139 1334 1165 tactu
1348 1139 1562 1175 gustatoque,
1573 1142 1632 1165 sen
1647 1134 1780 1166 Venere

1094 1191 1133 1212 ac
1155 1182 1242 1221 gula,
1263 1183 1472 1223 delinquunt.
1515 1183 1608 1216 Quas
1623 1192 1780 1214 sensuum

1093 1231 1232 1262 istorum
1262 1232 1452 1272 voluptates
1484 1232 1562 1273 quia
1589 1240 1781 1264 communes

1092 1279 1251 1310 habemus
1268 1289 1342 1310 cum
1359 1280 1489 1319 belluis,
1503 1281 1580 1312 ideo
1599 1281 1666 1312 illis
1682 1290 1780 1321 quam

1093 1329 1166 1358 aliis
1179 1328 1373 1369 delinquere
1383 1329 1617 1361 detestabilius
1626 1329 1781 1360 liabetur.

1093 1375 1270 1407 Quomodo
1294 1379 1373 1407 Vero
1399 1376 1559 1408 differant
1585 1377 1719 1418 ἀκρατὴς
1743 1383 1780 1409 et

1093 1422 1277 1458 ἀκόλαστος,
1305 1423 1409 1454 Arist.
1437 1425 1539 1456 trudit
1559 1425 1602 1456 de
1628 1425 1779 1456 Moribus

1092 1472 1147 1502 lib.
1163 1475 1193 1503 7.
1228 1471 1317 1503 Vide
1332 1472 1479 1504 Gellium
1503 1481 1581 1504 xix.
1602 1475 1633 1504 2.
1655 1478 1692 1504 et
1706 1473 1780 1504 Ma-

1092 1522 1183 1552 erob.
1195 1526 1347 1553 extremo
1361 1522 1417 1553 lib.
1430 1531 1470 1554 11.
1483 1522 1619 1554 Saturn.
1637 1522 1779 1554 Torrent-

1094 1570 1316 1601 Incontinemis
1343 1580 1396 1601 nee
1427 1571 1528 1611 Tityi]
1564 1572 1639 1603 Nec
1668 1572 1780 1602 vultur

1092 1620 1251 1660 relinquit
1267 1619 1427 1658 peredere
1439 1621 1543 1660 jecur
1569 1620 1660 1660 Tityi
1687 1620 1780 1650 luxu·

1092 1669 1183 1708 riosi,
1195 1668 1252 1709 qui
1262 1669 1398 1699 Latonae
1413 1672 1564 1708 stuprum
1581 1667 1707 1698 inferre
1723 1677 1780 1698 co-

1092 1721 1190 1746 natus
1206 1720 1269 1746 est.

1133 1767 1174 1794 78
1198 1764 1355 1804 Nequieioe
1374 1763 1515 1803 additus]
1546 1763 1778 1803 Intemperan-

1093 1813 1147 1843 tiae
1165 1814 1266 1853 ipsius
1285 1816 1457 1853 appositus
1478 1817 1603 1851 cut-tos,
1625 1818 1660 1843 ut
1685 1813 1715 1843 ei
1737 1813 1780 1843 sit

1091 1861 1242 1894 infestus.
1270 1863 1359 1892 Vide
1375 1861 1519 1892 Gellium
1535 1870 1600 1892 vn.
1617 1864 1668 1892 11.
1714 1862 1780 1897 Νςὲ

1092 1910 1198 1948 quiliae
1226 1911 1350 1941 additus
1378 1910 1494 1950 custos]
1537 1910 1780 1951 ‘Nequitiam'

1092 1958 1144 1988 hic
1162 1968 1222 1997 pro
1249 1959 1385 1989 libidine
1406 1959 1496 1998 poni,
1521 1958 1597 1988 inde
1623 1957 1778 1989 manifes-

1092 2011 1160 2036 tum
1177 2011 1240 2044 est,
1254 2006 1342 2046 quod
1357 2007 1506 2046 Tityum,
1521 2007 1563 2038 de
1584 2016 1648 2047 quo
1669 2007 1778 2037 adhue

1091 2055 1250 2094 loquitur,
1265 2056 1529 2086 incontinentem
1555 2058 1663 2085 vocat.
1707 2053 1775 2084 Sed

1090 2102 1132 2132 de
1144 2105 1154 2121 ⁸
1165 2103 1324 2143 nequitiae
1339 2102 1348 2115 ’
1363 2103 1524 2133 vocabulo
1541 2102 1679 2142 egregie
1694 2102 1777 2133 Gel-

1089 2151 1151 2180 lius
1166 2159 1231 2181 vu.
1247 2153 1299 2181 ll.

1130 2201 1172 2229 79
1193 2198 1382 2238 Amatorem]
1405 2198 1573 2230 Invidiose
1588 2205 1688 2240 atque
1705 2209 1774 2231 om-

1089 2247 1168 2278 nino
1194 2248 1227 2278 iu
1251 2248 1369 2278 malam
1396 2253 1524 2287 partem
1552 2248 1600 2278 sio
1625 2249 1776 2288 appellat

1088 2297 1286 2336 Pirithoum,
1301 2297 1357 2336 qui
1374 2305 1437 2327 una
1453 2306 1525 2327 curn
1546 2297 1676 2328 Theseo
1692 2298 1775 2329 Pro-

1089 2346 1254 2384 serpinam
1271 2354 1387 2384 rapere
1403 2353 1497 2375 ausus
1512 2345 1635 2377 fuerit:
1652 2355 1717 2387 qua
1732 2346 1774 2378 de

1089 2402 1124 2424 re
1143 2394 1237 2432 plura
1250 2401 1297 2424 tv.
1315 2393 1383 2424 Od.
1395 2396 1427 2423 7.
1453 2393 1593 2425 Torreat.

1131 2443 1171 2471 80
1196 2441 1373 2471 Pirithoum
1397 2441 1552 2481 cohibent]
1589 2442 1713 2472 Ixionis
1739 2447 1775 2475 et

1088 2490 1166 2521 Diae
1197 2489 1313 2530 lilium,
1339 2496 1519 2521 amatorem
1549 2490 1774 2533 Proserpinae,

1089 2549 1185 2580 quam
1199 2548 1316 2579 rapere
1325 2548 1426 2580 quum
1434 2543 1578 2571 tentaret
1591 2540 1774 2579 Pirithous,

1089 2589 1215 2620 catenis
1240 2588 1363 2619 dicitur
1388 2589 1569 2629 implicitus
1590 2598 1662 2620 esse
1685 2589 1773 2630 apud

1089 2639 1229 2670 inferos.
1761 2651 1764 2653 “

1090 2688 1171 2720 Onr:
1199 2697 1232 2719 v.
1276 2686 1483 2727 Παραινετική.
1524 2688 1604 2719 Divi
1629 2687 1770 2728 Augusti

1131 2736 1260 2771 laudes,
1273 2735 1384 2767 Crassi
1401 2736 1617 2776 vituperium:
1649 2735 1768 2775 Reguli

1132 2785 1333 2825 constantia,
1355 2790 1388 2816 et
1417 2785 1457 2816 ad
1489 2785 1607 2816 Poenos
1635 2780 1770 2816 reditus.
