1916 3262
504 351 714 382 noaa‘ru
748 351 1021 382 CARMINUM
1056 352 1153 382 ma.
1185 352 1252 383 ιν.
1281 342 1322 383 l.

183 444 232 475 vit
250 443 378 476 AEolns.

226 497 267 526 14
289 494 383 526 Sume
395 494 584 535 superbiam]
618 493 721 525 Sume
737 492 877 534 spiritus

175 545 292 586 justos
306 551 343 577 et
355 545 415 577 tibi
428 545 508 586 jure
524 543 670 583 debitos,
692 552 815 584 nempe
828 544 878 575 in-

179 596 280 637 genio
293 602 422 638 partos.
470 597 556 628 Nam
581 604 656 627 eum
680 595 813 626 Musam
830 595 878 626 al-

181 647 344 688 loquitur,
366 657 509 688 eamque
527 645 654 686 laudat,
674 644 739 676 sibi
756 647 876 677 eodem

182 701 350 738 tempore,
373 696 560 738 eademque
582 704 686 736 opera
703 695 877 727 blanditur-

180 751 216 777 et
230 745 335 778 favet.
358 746 466 778 Lamb.
521 745 614 777 Sume
627 745 818 786 superbiam]
843 746 875 777 Ο

178 796 412 837 Melpomene,
429 805 523 827 sume
539 795 745 837 superbiam,
762 796 795 827 id
814 800 878 836 est,

178 845 333 885 gloriam,
346 851 381 876 et
393 845 601 876 nobilitatem
614 845 792 886 quaesitam
808 855 876 877 me-

176 895 264 934 ritis,
274 894 308 926 id
321 899 385 930 est.
397 895 593 935 virtutibus,
604 900 640 927 et
651 896 767 927 volens
777 896 877 937 cinge

177 943 259 975 milti
288 954 418 976 comam
449 945 616 986 Delphica
643 946 750 978 lauro.
794 947 877 988 [De-

175 994 300 1026 anxiae
314 995 423 1026 nothos
446 995 674 1027 Scltoenborn.
691 995 740 1036 2.]

181 1066 185 1069 ⁴
221 1046 259 1075 1⁵
285 1045 459 1081 Quaesitam
472 1045 606 1086 meritis]
642 1045 720 1078 Hoc
736 1051 801 1087 est,
815 1056 875 1078 no-

1520 345 1635 387 1495

931 443 1101 476 bilitatem
1118 444 1266 485 propriis
1277 443 1462 476 virtutibus
1474 447 1634 479 concilia·

931 497 1016 533 tam,
1033 503 1098 525 non
1116 494 1283 534 maj0rum
1299 493 1518 535 imaginibus.
1543 495 1633 528 Nam

931 551 989 574 eos
1005 543 1135 575 nobiles
1150 542 1290 575 dicebat
1305 553 1381 575 esse
1396 543 1633 584 Antisthenes,

931 592 989 634 qui
1020 593 1148 625 virtute
1178 593 1315 634 praediti
1345 598 1435 625 sunt.
1492 594 1633 626 Habent

930 642 1017 673 enim
1035 642 1069 673 id
1091 642 1182 674 unde
1197 652 1279 674 vera
1296 644 1447 675 nascitur
1461 643 1633 676 nobilitas.

930 693 1110 732 figulinm.
1149 694 1302 735 Delphica
1313 695 1414 735 lauro]
1431 696 1527 727 Idem
1540 696 1632 738 quod

928 743 1105 784 Apollinea,
1120 745 1173 776 vel
1189 745 1379 786 Apollinari.
1395 755 1446 779 lv.
1462 747 1532 779 Od.
1547 750 1580 781 2.

974 798 1014 826 16
1051 796 1156 827 Lauro
1183 796 1287 836 cinge,
1317 795 1388 836 ξω]
1426 798 1558 830 Corona
1587 809 1632 831 ex

930 847 1025 878 lauro
1049 853 1253 879 consecrata
1270 847 1436 888 Apollini,
1459 849 1518 890 qui
1544 850 1630 881 Del-

930 897 1004 938 phis
1021 897 1131 929 edidit
1154 897 1294 930 oracula
1319 898 1384 929 sub
1405 903 1523 930 monte
1546 899 1631 930 Par-

930 956 1039 987 nasso,
1051 952 1088 980 et
1102 957 1232 980 summa
1243 949 1463 981 veneratione
1479 949 1526 981 ibi
1541 951 1632 982 cole-

929 997 1043 1031 batur.

515 1351 922 1400 CARMINUM
977 1353 1120 1400 LIB.
1179 1354 1272 1401 lv.

173 1481 255 1514 Ona
270 1491 296 1514 r.
329 1483 477 1524 Εὐκτικὴ,
492 1485 631 1526 ἐρωτική.
675 1485 733 1518 An
747 1487 870 1518 vam-:-

213 1541 308 1565 Rssst.
364 1534 542 1573 Horatius,
561 1537 635 1577 jam
661 1546 703 1569 ea
730 1546 766 1568 se
793 1547 869 1569 esse

176 1611 181 1615 .
213 1588 331 1624 aetate,
343 1590 380 1617 ut
395 1595 415 1617 a
430 1586 532 1618 rebus
549 1587 736 1627 amatoriis,
747 1592 784 1619 et
795 1596 869 1619 car-

213 1634 359 1667 minibus
382 1636 522 1668 ludicris
544 1637 654 1668 alieno
669 1647 744 1669 esse
760 1637 871 1671 animo

213 1683 352 1726 debeat,
374 1690 410 1717 et
437 1691 551 1718 tamen
574 1687 730 1728 Ligurini
746 1697 870 1720 vesano

213 1744 329 1768 amore
346 1737 466 1768 torreri
482 1737 580 1769 dicit.

175 1811 178 1814 ⁴
213 1785 417 1819 Torrentius
442 1787 575 1826 scribit,
599 1787 760 1819 Codicem
786 1788 871 1819 Lau-

170 1835 374 1875 rentianum,
386 1837 534 1868 omnium
544 1836 684 1867 fideliss.
695 1837 782 1868 libro
795 1837 872 1868 huic

171 1883 260 1915 hune
276 1885 505 1925 praeposuisse
524 1885 672 1922 titulum,
689 1885 872 1918 criminum

170 1932 249 1964 liber
263 1942 316 1966 lv.
335 1935 377 1965 od
396 1934 531 1970 >Fabium
553 1934 743 1967 Maximum.
787 1935 869 1967 Duo

171 1987 285 2014 autem
314 1993 356 2015 ea
381 1988 591 2026 tempestate
622 1984 718 2016 Fabii
747 1983 870 2017 florue-

171 2039 264 2075 runt,
277 2036 478 2076 cognomine
491 2036 641 2067 Maximi.
666 2036 868 2068 Praenomen

171 2084 268 2116 alteri
307 2085 457 2126 Quintus,
494 2087 596 2118 alteri
626 2087 758 2120 Paullus
792 2088 871 2130 fuit,

169 2138 313 2176 uterque
329 2136 449 2169 Quinti
464 2136 554 2168 filius
566 2138 739 2171 scribitur.

217 2184 253 2226 [1
271 2185 458 2218 Intermissa
472 2187 539 2227 diu,
562 2187 678 2227 Venus,
692 2187 794 2220 codd.
811 2199 865 2230 ap.

166 2234 288 2272 sneck.
311 2241 346 2268 et
362 2237 444 2268 Vat.
462 2236 562 2269 Rom.
577 2239 609 2268 9.
625 2248 682 2279 ap.
697 2239 830 2279 Feam.]

209 2290 231 2319 2
254 2287 349 2320 Bello
360 2288 475 2329 moves]
498 2289 539 2321 In
551 2290 706 2322 militiam
721 2291 866 2322 Veneris

167 2346 283 2380 urges.
328 2338 431 2371 Ovid.
448 2339 603 2371 ‘Militat
617 2340 724 2372 omnis
739 2350 867 2378 amans,

167 2393 206 2420 et
220 2387 323 2421 babet
339 2399 397 2420 sua
411 2393 524 2421 castra
538 2389 698 2430 Cupido!
741 2390 867 2431 [Codd.

170 2446 226 2479 ap.
242 2437 354 2470 Jaeek
367 2443 404 2469 et
418 2440 535 2479 Feam,
554 2439 684 2480 monem]

211 2489 231 2518 3
255 2487 356 2519 Boua
379 2487 529 2528 Cynam]
562 2488 657 2518 Bene
683 2488 867 2522 Lambinus

168 2540 178 2554 ‘
191 2535 335 2568 bonam'
362 2537 529 2577 appellari
546 2537 605 2577 ait,
624 2547 700 2579 quae
722 2538 866 2571 Horatio

167 2585 253 2618 nihil
267 2586 371 2617 etiam
395 2585 567 2618 adserenti
591 2587 664 2618 sese
687 2586 866 2620 fruendam

168 2634 318 2672 dederit,
341 2645 447 2676 rapax
461 2636 586 2678 alioqui
601 2641 637 2668 et
653 2646 767 2668 avara.
791 2637 865 2668 Tm·-

166 2689 251 2718 rent.

209 2739 231 2768 4
252 2734 316 2767 Sub
330 2745 427 2775 reguo
444 2734 596 2776 Cynam]
628 2735 659 2768 N
663 2745 706 2767 on
726 2739 793 2767 tam
809 2736 864 2768 hie

167 2786 177 2804 ‘
190 2785 349 2827 regnum’
366 2785 408 2817 ad
421 2795 542 2826 graves
552 2791 589 2816 et
598 2785 763 2826 superbos
774 2795 868 2818 amo·

166 2845 233 2873 res,
248 2845 347 2878 quam
364 2836 406 2867 ad
423 2835 637 2876 dignitatem,
653 2835 864 2875 majestatem

167 2891 203 2918 et
230 2885 498 2918 benevolentiam
522 2885 664 2926 Cynarae
691 2883 862 2916 declaran—

923 1487 1001 1519 dam
1033 1489 1205 1529 pertinere
1235 1489 1380 1521 videtur.
1406 1489 1503 1530 (ἕνης.
1562 1489 1627 1521 Sub

921 1547 1018 1577 regno
1033 1538 1182 1579 Cynaroe]
1212 1539 1284 1570 Sub
1299 1539 1446 1580 Cynarae
1463 1538 1626 1571 dominio.

923 1587 991 1621 Qui
1015 1593 1144 1630 amant,
1166 1589 1333 1621 serviunt.
1378 1589 1546 1630 Cynaram
1567 1589 1626 1621 bo·

922 1648 998 1670 nam
1015 1640 1169 1681 appellat
1182 1639 1328 1672 fortasse
1343 1640 1435 1682 quod
1450 1645 1542 1672 esset
1559 1641 1626 1681 ipsi

921 1689 1010 1720 inter
1019 1694 1163 1722 caeteros
1174 1695 1343 1722 amatores
1352 1691 1627 1731 benevolentior,

921 1738 1026 1780 idque
1041 1739 1113 1770 sine
1129 1739 1299 1771 mercede.
1354 1739 1505 1770 Dulcium
1529 1740 1624 1779 Cupi·

922 1788 1044 1828 dinam]
1059 1789 1105 1819 Et
1116 1789 1304 1829 Cupidines
1315 1788 1452 1830 quidem
1464 1792 1527 1827 tot,
1540 1793 1625 1829 quot

924 1847 1074 1868 amorum
1082 1838 1214 1878 speeies
1222 1848 1296 1870 esse
1305 1838 1458 1870 nonnulli
1467 1839 1624 1871 voluere:

923 1886 1045 1928 quibus
1055 1887 1152 1919 initio
1162 1888 1244 1919 nihil
1257 1888 1410 1920 blandius
1420 1899 1429 1926 ;
1443 1894 1623 1930 postquam

922 1946 1005 1968 vero
1028 1936 1164 1969 admissi
1190 1948 1248 1970 nos
1267 1939 1328 1970 snb
1345 1938 1490 1970 Veneris
1500 1938 1624 1980 jugum

923 1993 1136 2029 pertraxere,
1161 1993 1242 2020 tunc
1257 1989 1384 2020 sentire
1407 1988 1548 2030 quisque
1573 1989 1624 2020 in-

923 2037 1008 2079 cipit
1024 2037 1058 2069 iu
1072 2039 1207 2079 quantis
1219 2043 1375 2070 versetur
1390 2039 1502 2071 malis.
1528 2039 1620 2071 Torr.

921 2087 1034 2120 Turn.
1048 2097 1188 2120 xxvnt.
1204 2091 1256 2120 to.

964 2141 983 2169 ὅ
1008 2137 1102 2170 Soeva
1115 2138 1319 2179 Cupidinum]
1342 2138 1458 2170 Venus
1470 2139 1623 2180 aliquan-

921 2187 965 2218 do
981 2180 1129 2219 crudelis
1144 2193 1210 2228 est,
1233 2192 1269 2220 et
1292 2198 1383 2220 saeva
1398 2188 1488 2220 inter
1503 2188 1622 2221 dulces

921 2238 1127 2279 voluptates.

964 2290 986 2320 6
1010 2288 1105 2320 Circa
1130 2288 1245 2329 lustra]
1282 2289 1367 2321 Cum
1397 2299 1488 2322 nunc
1516 2300 1621 2322 annos

922 2339 1170 2380 quinquaginta
1202 2339 1266 2370 sim
1296 2344 1412 2371 natus.
1471 2341 1623 2372 Mollibus

919 2389 1082 2431 Imperiis]
1112 2390 1191 2422 Non
1207 2400 1282 2431 quae
1298 2392 1424 2422 animos
1442 2391 1597 2423 molliant
1611 2401 1619 2421 ε

919 2440 979 2471 sed
1002 2449 1077 2480 quae
1095 2440 1167 2481 jam
1195 2445 1277 2472 ante
1300 2441 1460 2476 mollitos,
1475 2441 1539 2471 hoc
1555 2444 1621 2474 est.

919 2493 1025 2520 aetate
1041 2489 1115 2529 ipsa
1128 2498 1253 2529 pronos
1266 2498 1305 2520 ac
1316 2488 1437 2520 faciles
1450 2488 1491 2520 ad
1505 2498 1619 2520 aman-

918 2539 1012 2578 dum,
1029 2538 1164 2570 decent.
1183 2539 1272 2570 Torr.
1303 2539 1453 2570 Mollibus
1464 2538 1620 2578 imperiis]

918 2587 1080 2627 Imperiis
1107 2587 1332 2628 voluptuosis,
1357 2597 1434 2628 quae
1464 2587 1619 2618 molliunt

919 2638 1059 2669 animos.

961 2690 981 2718 7
1003 2687 1080 2717 Jam
1093 2685 1220 2726 durum]
1245 2685 1305 2716 Me
1322 2685 1395 2726 jam
1410 2685 1504 2716 senio
1520 2685 1618 2717 indu-

917 2741 1042 2771 ratum.

960 2787 997 2828 [8
1019 2785 1200 2825 Bamberg.
1231 2787 1280 2815 ter
1307 2788 1459 2822 evocatam
1490 2785 1533 2816 al.
1557 2794 1614 2826 ap.

918 2836 1042 2874 Jaeck,
1064 2838 1095 2866 te
1108 2835 1280 2876 revoceneq

962 2890 982 2917 9
1009 2884 1245 2927 Tempestivius]
1280 2885 1501 2926 Oportunius,
1532 2890 1614 2918 tem-
