1982 3230
602 298 955 330 Erls'romuum
994 271 1092 331 21⁶3.
1128 302 1157 332 1.
1189 291 1258 332 19.
1548 291 1661 333 1199

196 397 315 439 Dum
336 396 482 438 studet
502 395 710 445 urbanus,
729 395 954 448 tenditque
977 396 1168 438 disertus
1189 394 1356 437 haberi.

195 463 378 517 Decipit
397 463 627 517 exemplar
647 462 768 504 vitiis
789 462 1027 504 imitabile:
1061 464 1180 517 quod
1204 464 1243 504 si

194 531 417 573 Pallerem
439 543 564 580 casu,
584 531 786 572 biberent
805 543 1031 584 exsangue
1054 532 1290 573 cuminum.

196 597 237 639 Ο
258 599 519 648 imitatores,
541 611 718 640 servum
740 612 892 652 pecus„
912 603 962 640 ut
980 599 1090 640 mihi
1113 612 1236 653 saepe

195 665 358 715 Bilem,
380 679 499 720 saepe
514 667 684 721 jocum,
706 667 838 708 vestri
858 679 1035 708 movere
1051 666 1293 708 tumultus!

194 731 356 774 Libera
376 746 455 787 per
471 747 664 776 vacuum
686 734 816 789 posui
837 734 1022 787 vestigia
1046 735 1253 789 princeps
1271 746 1282 785 ;

1601 665 1658 706 20

189 842 300 882 Hagno
313 842 515 882 Timagenem
530 845 690 883 oemulata,
702 855 771 876 cum
786 845 907 885 lepidus:
920 847 951 876 et
966 846 1108 886 eloquens
1123 843 1224 876 videri
1239 843 1335 883 cupit.
1383 842 1485 874 Fallit
1499 843 1659 881 eaeemplar

191 885 281 917 titiis
297 886 462 919 imitabile.
506 887 675 919 Enimvero
689 887 813 925 sisorte
826 888 961 928 pallidus
967 887 1086 927 forem,
1102 889 1252 928 potarent
1267 885 1384 917 cumini
1399 895 1520 916 succum
1540 886 1658 926 pallere

183 926 368 966 facientem.
401 929 446 965 ,Ο
464 929 639 961 imitatores
657 931 766 962 stolidi
783 933 814 962 et
836 931 977 968 serviles,
991 940 1083 971 quam
1108 939 1190 970 saepe
1205 929 1398 968 agitationes
1413 931 1525 959 vestra,
1539 928 1658 959 excitu-

191 973 265 1002 runt
279 971 357 1003 milui
368 971 618 1012 indignationem
633 977 663 1005 et
676 973 773 1004 risum
787 972 802 1005 !
833 974 904 1013 Ego
918 982 992 1004 vero
1003 973 1126 1014 primus
1143 973 1239 1004 intuli
1253 973 1364 1013 pedem
1379 971 1413 1002 in
1428 981 1526 1003 vacua
1541 971 1658 1011 spatia,

807 1068 1051 1081 ”OWOO

190 1130 254 1170 nis,
269 1135 305 1162 et
320 1131 489 1174 Porphyr.
506 1138 543 1165 et
558 1133 590 1164 in
607 1133 686 1166 edd.
704 1134 842 1175 primis;
867 1134 949 1166 licet
963 1133 996 1165 in
1015 1134 1089 1166 aliis
1107 1133 1302 1174 Hyan-buain
1318 1132 1469 1173 legatur.
1511 1131 1658 1171 Temugi·

190 1172 242 1204 uin
255 1173 441 1216 Bamberg.
470 1177 582 1208 oemula
595 1177 685 1216 linga
699 1177 766 1208 duo
782 1177 929 1210 Blandd.
947 1177 1102 1218 Cruquii.
1138 1178 1250 1207 aemula
1264 1185 1350 1206 coena
1375 1174 1476 1206 codd.
1499 1184 1554 1214 ap.
1576 1175 1660 1205 Tor-

193 1220 284 1251 rent.
300 1217 358 1258 qni
371 1221 479 1254 notat,
502 1220 535 1249 id
552 1229 594 1250 eo
611 1219 732 1251 referri
749 1229 863 1259 posse,
879 1220 969 1261 quod
986 1220 1076 1251 inter
1092 1219 1216 1259 pocula
1242 1222 1417 1249 certamen
1435 1217 1517 1247 illud
1536 1217 1657 1248 initum

192 1256 299 1290 fuisse
326 1259 536 1292 scholiastes
560 1265 777 1294 naman—16
798 1262 1031 1293 Schoeuborn.
1053 1264 1086 1292 3.
1111 1261 1375 1301 temetque—17
1400 1259 1527 1300 Decipit
1556 1268 1658 1290 exem-

187 1300 273 1341 plum
288 1311 373 1332 unns
388 1312 442 1343 ap.
458 1303 575 1335 Feaui.
601 1304 688 1340 Quid
701 1305 730 1336 si
743 1327 751 1335 .
763 1325 772 1334 .
789 1328 797 1336 .
811 1305 990 1336 cuminum?
1011 1304 1093 1335 Vat.
1110 1303 1207 1334 Rom.
1224 1306 1256 1334 4.
1274 1308 1310 1334 et
1330 1302 1407 1333 Vat.
1427 1301 1540 1332 Palat.
1557 1303 1589 1334 3.
1607 1302 1658 1332 ita

192 1343 296 1384 etiam
312 1343 410 1376 dedit
431 1344 595 1377 Glarean.
618 1346 712 1378 Frib.
730 1349 826 1377 1636.
851 1346 942 1381 Quod
955 1346 985 1376 εἰ
997 1367 1004 1376 .
1018 1367 1027 1375 .
1041 1367 1050 1376 .
1063 1368 1071 1376 .
1083 1343 1266 1375 cuminum?
1300 1345 1381 1375 Vat.
1399 1343 1498 1374 Rom.
1516 1346 1546 1375 1.
1570 1353 1591 1374 a
1610 1353 1656 1374 m.

189 1394 260 1418 sec.
283 1385 381 1418 Vatt,
408 1386 505 1418 Rom.
518 1389 550 1417 3.
565 1389 596 1418 7.
619 1387 701 1418 Vat.
728 1387 842 1418 Palat.
857 1390 892 1418 6.
914 1387 1018 1418 ‘Tres
1044 1386 1183 1417 codices
1203 1386 1302 1425 prosi,
1325 1385 1415 1424 quod
1438 1385 1527 1416 haud
1555 1384 1658 1416 dubie

189 1426 1657 1512 32512302‘32‘33‘352‘515?:13¹*fitsszttszssz‘z'e‘zssss31323535‘52’Tsjfssffiffmffiss‘§³23¹

188 1511 298 1544 donus
313 1513 429 1545 intulit
443 1514 478 1545 in
493 1517 637 1550 textum,
649 1513 752 1554 proh!
773 1514 823 1552 εἰς
846 1524 991 1555 eumque
1007 1518 1146 1545 secutus
1163 1518 1217 1544 est
1232 1513 1383 1544 Merviu.
1426 1513 1494 1544 Sed
1510 1513 1545 1543 in
1563 1513 1657 1544 hisce

188 1547 342 1587 omnibus
359 1556 441 1587 nihil
455 1565 530 1587 esse
541 1557 866 1597 mutandnm‚etiam
884 1557 1007 1588 suadet
1024 1556 1232 1597 Porphyrio.
1255 1556 1341 1587 Mox
1358 1555 1492 1587 biberem
1506 1556 1657 1588 Schoen-

188 1596 286 1629 born.
301 1600 434 1630 4.-19,
457 1601 500 1630 20
521 1599 655 1631 Talbot.
672 1610 715 1631 ex
731 1599 833 1631 codd.
851 1605 964 1639 notat,
987 1602 1024 1630 ut
1044 1599 1122 1630 mihi
1137 1599 1240 1635 bilem,
1260 1599 1306 1630 Ut
1329 1598 1408 1629 mihi
1429 1608 1511 1639 soepe
1529 1598 1659 1638 jocum,-

189 1640 326 1672 admisit
342 1641 376 1672 in
393 1646 524 1673 textum
542 1642 689 1683 enning.
713 1647 902 1684 sequuntur
917 1642 1043 1674 Sanad.
1060 1647 1096 1673 et
1113 1642 1263 1673 Mervill.
1303 1641 1456 1673 Eandem
1475 1641 1656 1673 lectionem

172 1682 320 1714 -invenit
336 1684 371 1715 in
387 1685 453 1716 alio
479 1685 601 1717 codice
625 1685 826 1725 Bentleius3
850 1686 910 1717 sed
926 1684 1107 1717 refutavit.
1152 1684 1204 1716 Cf.
1222 1694 1246 1716 ι.
1263 1684 1329 1716 od.
1345 1687 1376 1716 8.
1391 1687 1442 1715 11.
1457 1694 1527 1726 seq.
1545 1693 1568 1715 ι.
1583 1684 1656 1716 Sat.

190 1727 224 1756 3.
238 1727 271 1758 9.
296 1734 322 1760 t.
338 1727 450 1769 Epist.
466 1730 517 1760 17.
529 1731 583 1761 55.
609 1728 706 1770 Virg.
723 1729 797 1760 Ecl.
817 1737 898 1760 vin.
915 1731 969 1761 97.
986 1737 1058 1770 seq.
1082 1727 1160 1760 AEn.
1178 1737 1236 1760 ιιι.
1249 1730 1324 1759 185.
1349 1727 1406 1758 ubi
1420 1736 1503 1768 saepe
1519 1728 1657 1768 elegan-

851 1825 993 1858 NOTAE

193 1897 348 1932 Africani
367 1898 508 1932 littoris.
540 1899 711 1941 Hyarbita
734 1900 896 1941 ignobilis

193 1957 234 1980 ac
258 1948 315 1979 vix
337 1949 472 1981 nomine
493 1954 593 1982 notus
609 1949 760 1991 quidam,
778 1951 894 1982 volens

193 1998 321 2030 imitari
343 1999 432 2031 sales
448 2005 485 2030 et
503 2000 721 2032 dicacitatem
737 2001 895 2042 Timage-

191 2049 256 2084 nis,
271 2053 381 2080 semet
397 2049 561 2090 perdidit,
580 2057 616 2082 ut
634 2051 714 2090 ille;
740 2052 894 2091 petulan-

192 2103 262 2130 tem
277 2099 350 2140 ejus
366 2099 516 2140 linguam
534 2101 711 2132 aemulatus
729 2102 822 2133 velut
838 2111 894 2134 ur-

193 2148 314 2180 banam
329 2154 366 2181 et
382 2149 556 2182 disertam.

234 2199 428 2241 Timagenis]
453 2201 520 2233 Hic
545 2201 677 2234 Rhetor
698 2201 766 2234 fuit
790 2201 895 2234 Alex-

191 2249 366 2291 andrinus,
401 2260 445 2282 ex
475 2252 551 2283 aliis
580 2251 782 2293 AEgyptius:
830 2252 894 2284 sub

191 2298 356 2340 Pompeio
378 2310 502 2342 magno
518 2302 660 2334 Romam
682 2302 852 2334 adductus
874 2313 895 2335 a

144 2380 147 2382 ,
192 2348 338 2382 Gabinio
351 2352 523 2392 captivus,
545 2352 717 2385 redemtus
733 2363 754 2384 a
770 2354 894 2386 Fausta

192 2400 293 2439 Sylla·
319 2400 409 2441 filio;
446 2402 667 2434 Rhetoricam
698 2403 816 2436 docuit
849 2404 892 2436 ad

193 2447 350 2490 tempora
373 2451 543 2492 Augusti:
566 2453 701 2485 demum
725 2454 768 2485 ob
788 2455 893 2486 male-

193 2498 376 2532 dicentiam
387 2502 472 2534 urbe
481 2503 612 2544 ejectus
622 2504 655 2535 in
667 2505 799 2546 praedio
811 2506 893 2537 Tus-

194 2550 316 2581 culano
331 2550 420 2582 diem
436 2561 533 2583 suum
549 2554 645 2585 obiit.
665 2554 801 2586 Suidas.

173 2635 179 2639 ,
238 2602 279 2632 17
306 2599 432 2641 Decipit
447 2604 606 2642 exemplar
619 2604 708 2635 vitiis
721 2604 891 2647 imitabile]

194 2649 403 2680 Praeclarum
431 2652 606 2691 exemplar
631 2653 808 2694 quodlibet
836 2656 893 2686 vix

194 2699 332 2731 omnino
347 2699 438 2731 vitiis
453 2706 572 2740 «τινας
595 2705 632 2732 et
651 2703 795 2734 stultum
820 2704 894 2735 imi-

193 2753 338 2782 tatorem
362 2750 507 2792 decipit,
529 2753 588 2793 qui
608 2761 674 2784 non
700 2753 790 2794 qnod
818 2764 894 2795 per-

193 2799 339 2838 fectum,
354 2801 414 2832 sed
433 2801 526 2843 quod
546 2801 638 2835 sorte
662 2804 818 2836 vitiosum
843 2804 894 2836 in·

193 2855 258 2891 est,
274 2850 400 2882 imitari
416 2851 516 2883 solet.

992 1903 1032 1932 18
1048 1899 1198 1932 Biberent
1211 1908 1370 1938 exsangue
1381 1898 1554 1939 cuminum]
1572 1897 1657 1930 Ροὲ-

947 1951 1044 1982 tastu-i
1067 1950 1186 1986 nostri,
1203 1950 1313 1991 inquit
1330 1949 1507 1990 Horatius,
1529 1949 1557 1980 si
1584 1951 1657 1990 pal-

947 2001 1017 2032 lido
1033 2011 1143 2033 essem
1163 2002 1274 2040 vultu,
1300 2001 1463 2041 pallorem
1487 2000 1550 2030 sibi
1578 2010 1657 2040 pro-

949 2056 1123 2091 curarent,
1148 2056 1187 2083 ut
1212 2050 1364 2082 aemulari
1392 2059 1445 2080 me
1472 2049 1504 2080 in
1528 2051 1655 2082 ceteris

948 2102 1052 2133 etiam
1083 2100 1318 2139 crederentur,
1356 2108 1541 2140 paremque
1572 2101 1655 2131 milii

948 2151 1092 2192 poeseos
1123 2150 1325 2182 facultatem
1354 2149 1507 2190 adipisci.
1565 2150 1654 2181 Vide

948 2201 1146 2233 Dioscorid.
1160 2209 1216 2232 111.
1229 2202 1283 2232 68.
1309 2200 1400 2231 Plin.
1417 2207 1481 2231 xx.
1498 2201 1548 2231 14.
1561 2199 1572 2216 ‘
1588 2200 1654 2231 Cu-

947 2253 1076 2284 minum
1105 2253 1269 2293 pallorem
1301 2250 1499 2282 bibentibus
1529 2251 1653 2291 gignit.

950 2302 1006 2334 Ita
1021 2307 1115 2334 certe
1131 2300 1248 2333 ferunt
1263 2301 1379 2332 Porcii
1400 2300 1556 2331 Latronis
1569 2300 1653 2331 clari

947 2353 1041 2384 inter
1062 2353 1244 2393 magistros
1264 2351 1402 2383 dicendi
1423 2356 1654 2383 assectatores

947 2404 1202 2436 similitudinem
1219 2403 1343 2435 coloris
1357 2403 1482 2435 studiis
1497 2408 1653 2435 contrac-

947 2455 974 2486 ti
1000 2453 1176 2494 imitatos:
1200 2456 1265 2486 διο.
1307 2453 1407 2485 Pers.
1432 2453 1504 2484 Sat.
1534 2462 1570 2484 v.
1597 2456 1652 2484 55.

946 2506 956 2523 ‘
974 2505 1143 2536 Pallentis
1157 2513 1262 2544 grana
1277 2503 1424 2535 cnmini.'

989 2557 1030 2586 21
1048 2555 1161 2586 Libera
1173 2564 1230 2595 per
1244 2563 1385 2592 vacuum,
1400 2553 1468 2593 &cd
1493 2552 1567 2592 Ego
1585 2551 1651 2591 Ly-

947 2605 1051 2636 ticam
1069 2605 1195 2646 poesim
1213 2605 1368 2635 Latinam
1395 2604 1522 2641 primus
1540 2605 1652 2632 tenta—

948 2655 993 2691 vi,
1017 2656 1145 2696 absque
1168 2655 1236 2685 ullo
1259 2652 1445 2692 exemplari
1470 2651 1549 2682 mibi
1572 2661 1650 2692 pro-

948 2705 1073 2746 posito.
1124 2702 1277 2742 Vae-uum]
1311 2703 1438 2733 Locum
1464 2710 1485 2732 a
1514 2701 1649 2732 nemine

947 2760 1026 2785 ante
1049 2758 1265 2792 occupatum.
1309 2751 1397 2782 Vide
1422 2760 1477 2783 m.
1501 2750 1568 2783 Od.
1593 2754 1647 2784 30.

947 2808 983 2835 et
1000 2812 1050 2835 iv.
1067 2801 1134 2834 Od.
1150 2805 1181 2833 3.
