<?xml version="1.0" encoding="UTF-8"?>
<!DOCTYPE html PUBLIC "-//W3C//DTD XHTML 1.0 Transitional//EN"
    "http://www.w3.org/TR/xhtml1/DTD/xhtml1-transitional.dtd">
<html xmlns="http://www.w3.org/1999/xhtml" xml:lang="en" lang="en">
 <head>
  <title>
</title>
<meta http-equiv="Content-Type" content="text/html;charset=utf-8" />
  <meta name='ocr-system' content='tesseract 3.04.00' />
  <meta name='ocr-capabilities' content='ocr_page ocr_carea ocr_par ocr_line ocrx_word'/>
</head>
<body>
  <div class='ocr_page' id='page_1' title='image "./operazeune03horauoft/operazeune03horauoft_0123.png"; bbox 0 0 1916 3262; ppageno 0'>
   <div class='ocr_carea' id='block_1_1' title="bbox 304 719 1422 785">
    <p class='ocr_par' dir='ltr' id='par_1_1' title="bbox 304 719 1422 785">
     <span class='ocr_line' id='line_1_1' title="bbox 304 719 1422 785; baseline -0.002 -1"><span class='ocrx_word' id='word_1_1' title='bbox 304 723 406 785; x_wconf 60' lang='lat' dir='ltr'>Qs·</span> <span class='ocrx_word' id='word_1_2' title='bbox 482 719 944 783; x_wconf 87' lang='lat' dir='ltr'>HORATII</span> <span class='ocrx_word' id='word_1_3' title='bbox 1033 723 1422 784; x_wconf 89' lang='lat' dir='ltr'><strong>FLACCI</strong></span> 
     </span>
    </p>
   </div>
   <div class='ocr_carea' id='block_1_2' title="bbox 394 918 1323 990">
    <p class='ocr_par' dir='ltr' id='par_1_2' title="bbox 394 918 1323 990">
     <span class='ocr_line' id='line_1_2' title="bbox 394 918 1323 990; baseline 0 -3"><span class='ocrx_word' id='word_1_4' title='bbox 394 919 528 989; x_wconf 90' lang='lat' dir='ltr'>DE</span> <span class='ocrx_word' id='word_1_5' title='bbox 587 920 840 988; x_wconf 81' lang='lat' dir='ltr'><strong>ARTE</strong></span> <span class='ocrx_word' id='word_1_6' title='bbox 906 918 1323 990; x_wconf 89' lang='lat' dir='ltr'><strong>POETICA</strong></span> 
     </span>
    </p>
   </div>
   <div class='ocr_carea' id='block_1_3' title="bbox 721 1133 1004 1183">
    <p class='ocr_par' dir='ltr' id='par_1_3' title="bbox 721 1133 1004 1183">
     <span class='ocr_line' id='line_1_3' title="bbox 721 1133 1004 1183; baseline -0.007 0"><span class='ocrx_word' id='word_1_7' title='bbox 721 1133 1004 1183; x_wconf 86' lang='lat' dir='ltr'><strong>LIBER.</strong></span> 
     </span>
    </p>
   </div>
   <div class='ocr_carea' id='block_1_4' title="bbox 598 1325 1123 1349">
    <p class='ocr_par' dir='ltr' id='par_1_4' title="bbox 598 1325 1123 1349">
     <span class='ocr_line' id='line_1_4' title="bbox 598 1325 1123 1349; baseline 0 1913"><span class='ocrx_word' id='word_1_8' title='bbox 598 1325 1123 1349; x_wconf 95' lang='lat' dir='ltr'> </span> 
     </span>
    </p>
   </div>
   <div class='ocr_carea' id='block_1_5' title="bbox 132 1491 1589 2429">
    <p class='ocr_par' dir='ltr' id='par_1_5' title="bbox 132 1491 1589 2429">
     <span class='ocr_line' id='line_1_5' title="bbox 133 1491 1585 1545; baseline 0 -13"><span class='ocrx_word' id='word_1_9' title='bbox 133 1491 220 1534; x_wconf 68' lang='lat' dir='ltr'>Sto</span> <span class='ocrx_word' id='word_1_10' title='bbox 236 1504 259 1533; x_wconf 90' lang='lat' dir='ltr'>e</span> <span class='ocrx_word' id='word_1_11' title='bbox 278 1493 475 1533; x_wconf 78' lang='lat' dir='ltr'><strong>Demetrio</strong></span> <span class='ocrx_word' id='word_1_12' title='bbox 490 1492 695 1539; x_wconf 85' lang='lat' dir='ltr'>Phalereo,</span> <span class='ocrx_word' id='word_1_13' title='bbox 723 1505 792 1531; x_wconf 87' lang='lat' dir='ltr'>seu</span> <span class='ocrx_word' id='word_1_14' title='bbox 818 1505 839 1530; x_wconf 90' lang='lat' dir='ltr'>e</span> <span class='ocrx_word' id='word_1_15' title='bbox 859 1491 1118 1544; x_wconf 87' lang='lat' dir='ltr'>Neoptolemo</span> <span class='ocrx_word' id='word_1_16' title='bbox 1147 1492 1277 1541; x_wconf 87' lang='lat' dir='ltr'>Pario,</span> <span class='ocrx_word' id='word_1_17' title='bbox 1298 1506 1366 1532; x_wconf 89' lang='lat' dir='ltr'>seu</span> <span class='ocrx_word' id='word_1_18' title='bbox 1387 1494 1516 1545; x_wconf 89' lang='lat' dir='ltr'>potius</span> <span class='ocrx_word' id='word_1_19' title='bbox 1536 1506 1585 1532; x_wconf 86' lang='lat' dir='ltr'>ex</span> 
     </span>
     <span class='ocr_line' id='line_1_6' title="bbox 132 1565 1584 1619; baseline -0.001 -11"><span class='ocrx_word' id='word_1_20' title='bbox 132 1569 356 1616; x_wconf 78' lang='lat' dir='ltr'>Aristotele,</span> <span class='ocrx_word' id='word_1_21' title='bbox 388 1581 458 1607; x_wconf 82' lang='lat' dir='ltr'>seu</span> <span class='ocrx_word' id='word_1_22' title='bbox 477 1581 498 1606; x_wconf 93' lang='lat' dir='ltr'>e</span> <span class='ocrx_word' id='word_1_23' title='bbox 518 1567 660 1619; x_wconf 90' lang='lat' dir='ltr'>proprii</span> <span class='ocrx_word' id='word_1_24' title='bbox 687 1566 832 1618; x_wconf 87' lang='lat' dir='ltr'>ingenii</span> <span class='ocrx_word' id='word_1_25' title='bbox 865 1565 1043 1618; x_wconf 87' lang='lat' dir='ltr'>acrisque</span> <span class='ocrx_word' id='word_1_26' title='bbox 1070 1566 1209 1617; x_wconf 90' lang='lat' dir='ltr'>judicii</span> <span class='ocrx_word' id='word_1_27' title='bbox 1229 1567 1496 1616; x_wconf 78' lang='lat' dir='ltr'>foecunditate,</span> <span class='ocrx_word' id='word_1_28' title='bbox 1522 1581 1584 1606; x_wconf 90' lang='lat' dir='ltr'>sa-</span> 
     </span>
     <span class='ocr_line' id='line_1_7' title="bbox 134 1639 1587 1693; baseline -0.001 -12"><span class='ocrx_word' id='word_1_29' title='bbox 134 1642 315 1693; x_wconf 67' lang='lat' dir='ltr'>gacitate,</span> <span class='ocrx_word' id='word_1_30' title='bbox 344 1642 497 1693; x_wconf 72' lang='lat' dir='ltr'>opibuS,</span> <span class='ocrx_word' id='word_1_31' title='bbox 522 1639 697 1678; x_wconf 73' lang='lat' dir='ltr'>hauserit</span> <span class='ocrx_word' id='word_1_32' title='bbox 726 1639 971 1691; x_wconf 73' lang='lat' dir='ltr'>potissimum</span> <span class='ocrx_word' id='word_1_33' title='bbox 991 1639 1158 1678; x_wconf 87' lang='lat' dir='ltr'>Flaccus</span> <span class='ocrx_word' id='word_1_34' title='bbox 1185 1648 1339 1684; x_wconf 64' lang='lat' dir='ltr'>nostem</span> <span class='ocrx_word' id='word_1_35' title='bbox 1369 1648 1473 1679; x_wconf 90' lang='lat' dir='ltr'>certe</span> <span class='ocrx_word' id='word_1_36' title='bbox 1492 1641 1587 1679; x_wconf 86' lang='lat' dir='ltr'>emi-</span> 
     </span>
     <span class='ocr_line' id='line_1_8' title="bbox 134 1714 1585 1770; baseline -0.001 -16"><span class='ocrx_word' id='word_1_37' title='bbox 134 1715 363 1756; x_wconf 86' lang='lat' dir='ltr'>nentissima</span> <span class='ocrx_word' id='word_1_38' title='bbox 390 1728 556 1769; x_wconf 78' lang='lat' dir='ltr'>quaeque</span> <span class='ocrx_word' id='word_1_39' title='bbox 581 1714 776 1753; x_wconf 85' lang='lat' dir='ltr'>scribendi</span> <span class='ocrx_word' id='word_1_40' title='bbox 807 1714 989 1752; x_wconf 81' lang='lat' dir='ltr'><strong>carminis</strong></span> <span class='ocrx_word' id='word_1_41' title='bbox 1009 1721 1207 1764; x_wconf 80' lang='lat' dir='ltr'>praecepta</span> <span class='ocrx_word' id='word_1_42' title='bbox 1223 1714 1300 1753; x_wconf 91' lang='lat' dir='ltr'>hoc</span> <span class='ocrx_word' id='word_1_43' title='bbox 1327 1714 1585 1770; x_wconf 26' lang='lat' dir='ltr'>libello-com-</span> 
     </span>
     <span class='ocr_line' id='line_1_9' title="bbox 134 1786 1586 1840; baseline -0.001 -12"><span class='ocrx_word' id='word_1_44' title='bbox 134 1789 273 1840; x_wconf 68' lang='lat' dir='ltr'>plexus</span> <span class='ocrx_word' id='word_1_45' title='bbox 287 1797 360 1828; x_wconf 81' lang='lat' dir='ltr'>est.</span> <span class='ocrx_word' id='word_1_46' title='bbox 391 1790 574 1827; x_wconf 84' lang='lat' dir='ltr'>Attamen</span> <span class='ocrx_word' id='word_1_47' title='bbox 587 1788 719 1826; x_wconf 86' lang='lat' dir='ltr'>Artem</span> <span class='ocrx_word' id='word_1_48' title='bbox 734 1787 934 1825; x_wconf 68' lang='lat' dir='ltr'>Poeticam</span> <span class='ocrx_word' id='word_1_49' title='bbox 951 1788 1014 1825; x_wconf 69' lang='lat' dir='ltr'>vix,</span> <span class='ocrx_word' id='word_1_50' title='bbox 1029 1786 1222 1838; x_wconf 83' lang='lat' dir='ltr'>appellem</span> <span class='ocrx_word' id='word_1_51' title='bbox 1240 1800 1330 1825; x_wconf 91' lang='lat' dir='ltr'>cum</span> <span class='ocrx_word' id='word_1_52' title='bbox 1345 1787 1586 1832; x_wconf 82' lang='lat' dir='ltr'>Quintiliano</span> 
     </span>
     <span class='ocr_line' id='line_1_10' title="bbox 137 1860 1585 1913; baseline 0.001 -14"><span class='ocrx_word' id='word_1_53' title='bbox 137 1861 301 1901; x_wconf 87' lang='lat' dir='ltr'>et&#39;aliis:</span> <span class='ocrx_word' id='word_1_54' title='bbox 332 1863 463 1900; x_wconf 87' lang='lat' dir='ltr'>malim</span> <span class='ocrx_word' id='word_1_55' title='bbox 483 1875 572 1900; x_wconf 84' lang='lat' dir='ltr'>vero</span> <span class='ocrx_word' id='word_1_56' title='bbox 592 1861 807 1913; x_wconf 86' lang='lat' dir='ltr'>Epistolam</span> <span class='ocrx_word' id='word_1_57' title='bbox 827 1873 1055 1912; x_wconf 80' lang='lat' dir='ltr'>nuncu-pare</span> <span class='ocrx_word' id='word_1_58' title='bbox 1076 1864 1164 1898; x_wconf 81' lang='lat' dir='ltr'>cum</span> <span class='ocrx_word' id='word_1_59' title='bbox 1186 1860 1382 1898; x_wconf 87' lang='lat' dir='ltr'>nonnullis</span> <span class='ocrx_word' id='word_1_60' title='bbox 1402 1860 1585 1905; x_wconf 88' lang='lat' dir='ltr'>eruditis;</span> 
     </span>
     <span class='ocr_line' id='line_1_11' title="bbox 137 1934 1587 1988; baseline -0.001 -14"><span class='ocrx_word' id='word_1_61' title='bbox 137 1941 220 1981; x_wconf 76' lang='lat' dir='ltr'>tum</span> <span class='ocrx_word' id='word_1_62' title='bbox 235 1937 284 1974; x_wconf 91' lang='lat' dir='ltr'>ob</span> <span class='ocrx_word' id='word_1_63' title='bbox 303 1937 519 1988; x_wconf 81' lang='lat' dir='ltr'>inspersum</span> <span class='ocrx_word' id='word_1_64' title='bbox 535 1935 748 1974; x_wconf 84' lang='lat' dir='ltr'>identidem</span> <span class='ocrx_word' id='word_1_65' title='bbox 767 1936 977 1987; x_wconf 85' lang='lat' dir='ltr'>satyricum</span> <span class='ocrx_word' id='word_1_66' title='bbox 994 1934 1129 1980; x_wconf 89' lang='lat' dir='ltr'>salem,</span> <span class='ocrx_word' id='word_1_67' title='bbox 1146 1941 1227 1972; x_wconf 89' lang='lat' dir='ltr'>tum</span> <span class='ocrx_word' id='word_1_68' title='bbox 1241 1935 1291 1972; x_wconf 91' lang='lat' dir='ltr'>ob</span> <span class='ocrx_word' id='word_1_69' title='bbox 1306 1935 1587 1987; x_wconf 72' lang='lat' dir='ltr'>praeceptiones</span> 
     </span>
     <span class='ocr_line' id='line_1_12' title="bbox 138 2007 1587 2060; baseline 0.001 -14"><span class='ocrx_word' id='word_1_70' title='bbox 138 2015 207 2047; x_wconf 89' lang='lat' dir='ltr'>aut</span> <span class='ocrx_word' id='word_1_71' title='bbox 224 2010 386 2060; x_wconf 85' lang='lat' dir='ltr'>carptim</span> <span class='ocrx_word' id='word_1_72' title='bbox 407 2014 475 2047; x_wconf 84' lang='lat' dir='ltr'>aut</span> <span class='ocrx_word' id='word_1_73' title='bbox 493 2007 692 2046; x_wconf 83' lang='lat' dir='ltr'>saltuatim</span> <span class='ocrx_word' id='word_1_74' title='bbox 712 2007 842 2046; x_wconf 84' lang='lat' dir='ltr'>datas.</span> <span class='ocrx_word' id='word_1_75' title='bbox 898 2008 1000 2046; x_wconf 88' lang='lat' dir='ltr'>Hinc</span> <span class='ocrx_word' id='word_1_76' title='bbox 1022 2008 1216 2045; x_wconf 89' lang='lat' dir='ltr'>enimvero</span> <span class='ocrx_word' id='word_1_77' title='bbox 1242 2009 1373 2046; x_wconf 82' lang='lat' dir='ltr'>animo</span> <span class='ocrx_word' id='word_1_78' title='bbox 1391 2021 1479 2047; x_wconf 88' lang='lat' dir='ltr'>meo</span> <span class='ocrx_word' id='word_1_79' title='bbox 1492 2022 1587 2048; x_wconf 86' lang='lat' dir='ltr'>con-</span> 
     </span>
     <span class='ocr_line' id='line_1_13' title="bbox 140 2080 1588 2133; baseline 0.001 -14"><span class='ocrx_word' id='word_1_80' title='bbox 140 2082 266 2120; x_wconf 87' lang='lat' dir='ltr'>silium</span> <span class='ocrx_word' id='word_1_81' title='bbox 285 2081 431 2133; x_wconf 89' lang='lat' dir='ltr'>pridem</span> <span class='ocrx_word' id='word_1_82' title='bbox 452 2081 583 2128; x_wconf 83' lang='lat' dir='ltr'>subiit,</span> <span class='ocrx_word' id='word_1_83' title='bbox 613 2080 749 2118; x_wconf 87' lang='lat' dir='ltr'>ordine</span> <span class='ocrx_word' id='word_1_84' title='bbox 777 2081 949 2132; x_wconf 89' lang='lat' dir='ltr'>quodam</span> <span class='ocrx_word' id='word_1_85' title='bbox 976 2080 1152 2119; x_wconf 84' lang='lat' dir='ltr'>adhibito</span> <span class='ocrx_word' id='word_1_86' title='bbox 1170 2080 1365 2119; x_wconf 85' lang='lat' dir='ltr'>illustrare</span> <span class='ocrx_word' id='word_1_87' title='bbox 1382 2081 1486 2120; x_wconf 86' lang='lat' dir='ltr'>hanc</span> <span class='ocrx_word' id='word_1_88' title='bbox 1503 2082 1588 2120; x_wconf 89' lang='lat' dir='ltr'>Ho-</span> 
     </span>
     <span class='ocr_line' id='line_1_14' title="bbox 137 2155 1589 2208; baseline 0 -14"><span class='ocrx_word' id='word_1_89' title='bbox 137 2157 224 2194; x_wconf 87' lang='lat' dir='ltr'>ratii</span> <span class='ocrx_word' id='word_1_90' title='bbox 244 2163 420 2208; x_wconf 84' lang='lat' dir='ltr'>partem:</span> <span class='ocrx_word' id='word_1_91' title='bbox 453 2156 486 2194; x_wconf 89' lang='lat' dir='ltr'>si</span> <span class='ocrx_word' id='word_1_92' title='bbox 515 2155 622 2206; x_wconf 85' lang='lat' dir='ltr'>quod</span> <span class='ocrx_word' id='word_1_93' title='bbox 652 2162 714 2193; x_wconf 90' lang='lat' dir='ltr'>est</span> <span class='ocrx_word' id='word_1_94' title='bbox 741 2156 924 2193; x_wconf 86' lang='lat' dir='ltr'>eximium</span> <span class='ocrx_word' id='word_1_95' title='bbox 954 2155 1138 2203; x_wconf 71' lang='lat' dir='ltr'>illustrari</span> <span class='ocrx_word' id='word_1_96' title='bbox 1164 2162 1307 2206; x_wconf 87' lang='lat' dir='ltr'>potest.</span> <span class='ocrx_word' id='word_1_97' title='bbox 1365 2155 1589 2194; x_wconf 80' lang='lat' dir='ltr'>Liberaliter</span> 
     </span>
     <span class='ocr_line' id='line_1_15' title="bbox 139 2229 1588 2282; baseline 0 -14"><span class='ocrx_word' id='word_1_98' title='bbox 139 2231 286 2282; x_wconf 86' lang='lat' dir='ltr'>accipe,</span> <span class='ocrx_word' id='word_1_99' title='bbox 308 2230 460 2276; x_wconf 82' lang='lat' dir='ltr'>Lector,</span> <span class='ocrx_word' id='word_1_100' title='bbox 487 2229 655 2281; x_wconf 89' lang='lat' dir='ltr'>opellam</span> <span class='ocrx_word' id='word_1_101' title='bbox 675 2230 777 2268; x_wconf 88' lang='lat' dir='ltr'>hanc</span> <span class='ocrx_word' id='word_1_102' title='bbox 797 2243 945 2273; x_wconf 75' lang='lat' dir='ltr'>meam:</span> <span class='ocrx_word' id='word_1_103' title='bbox 975 2230 1064 2268; x_wconf 88' lang='lat' dir='ltr'>dico</span> <span class='ocrx_word' id='word_1_104' title='bbox 1083 2230 1256 2268; x_wconf 85' lang='lat' dir='ltr'>libellum</span> <span class='ocrx_word' id='word_1_105' title='bbox 1274 2242 1352 2281; x_wconf 89' lang='lat' dir='ltr'>quo</span> <span class='ocrx_word' id='word_1_106' title='bbox 1372 2229 1588 2282; x_wconf 82' lang='lat' dir='ltr'>Epistolam</span> 
     </span>
     <span class='ocr_line' id='line_1_16' title="bbox 140 2289 1588 2354; baseline 0 -14"><span class='ocrx_word' id='word_1_107' title='bbox 140 2302 190 2340; x_wconf 90' lang='lat' dir='ltr'>ad</span> <span class='ocrx_word' id='word_1_108' title='bbox 210 2289 373 2341; x_wconf 85' lang='lat' dir='ltr'>Pisones</span> <span class='ocrx_word' id='word_1_109' title='bbox 393 2303 432 2341; x_wconf 89' lang='lat' dir='ltr'>in</span> <span class='ocrx_word' id='word_1_110' title='bbox 453 2303 558 2341; x_wconf 89' lang='lat' dir='ltr'>Artis</span> <span class='ocrx_word' id='word_1_111' title='bbox 587 2303 759 2341; x_wconf 70' lang='lat' dir='ltr'>Poeticae</span> <span class='ocrx_word' id='word_1_112' title='bbox 789 2304 951 2341; x_wconf 86' lang='lat' dir='ltr'>sormam</span> <span class='ocrx_word' id='word_1_113' title='bbox 979 2309 1188 2354; x_wconf 86' lang='lat' dir='ltr'>utcumque</span> <span class='ocrx_word' id='word_1_114' title='bbox 1216 2302 1364 2354; x_wconf 84' lang='lat' dir='ltr'>redegi,</span> <span class='ocrx_word' id='word_1_115' title='bbox 1395 2302 1487 2341; x_wconf 91' lang='lat' dir='ltr'>olim</span> <span class='ocrx_word' id='word_1_116' title='bbox 1507 2302 1588 2353; x_wconf 87' lang='lat' dir='ltr'>jam</span> 
     </span>
     <span class='ocr_line' id='line_1_17' title="bbox 141 2373 1510 2429; baseline -0.001 -15"><span class='ocrx_word' id='word_1_117' title='bbox 141 2373 301 2422; x_wconf 70' lang='lat' dir='ltr'>editum,</span> <span class='ocrx_word' id='word_1_118' title='bbox 315 2389 423 2415; x_wconf 80' lang='lat' dir='ltr'>nunc</span> <span class='ocrx_word' id='word_1_119' title='bbox 443 2389 533 2415; x_wconf 87' lang='lat' dir='ltr'>veto</span> <span class='ocrx_word' id='word_1_120' title='bbox 554 2390 578 2415; x_wconf 84' lang='lat' dir='ltr'>a</span> <span class='ocrx_word' id='word_1_121' title='bbox 597 2391 656 2416; x_wconf 87' lang='lat' dir='ltr'>me</span> <span class='ocrx_word' id='word_1_122' title='bbox 678 2378 919 2429; x_wconf 86' lang='lat' dir='ltr'>recognitum</span> <span class='ocrx_word' id='word_1_123' title='bbox 938 2390 1148 2429; x_wconf 86' lang='lat' dir='ltr'>rursusque</span> <span class='ocrx_word' id='word_1_124' title='bbox 1169 2377 1237 2415; x_wconf 87' lang='lat' dir='ltr'>tibi</span> <span class='ocrx_word' id='word_1_125' title='bbox 1256 2376 1510 2428; x_wconf 88' lang='lat' dir='ltr'>propositum.</span> 
     </span>
    </p>
   </div>
  </div>
 </body>
</html>
