1890 3230
481 292 687 323 HoRATu
722 290 999 324 SERMONUM
1036 295 1128 326 [AB.
1160 295 1213 325 11.
1243 283 1285 326 8.

158 395 278 419 carnes
295 392 495 428 putrescunt
513 393 549 420 et
571 388 759 420 teneriores
777 388 852 421 red-

158 437 299 469 duntur.

199 490 220 519 ⁷
245 488 350 519 Coenoe
374 488 482 529 pater]
514 488 708 520 Praefectus
729 494 765 520 et
791 499 853 522 rex

152 537 315 579 convivii,
340 538 557 570 Nasidienus.
601 539 699 571 Acria
720 540 852 582 circum]

158 589 291 630 Rspula
313 593 413 621 aceto
431 589 582 622 condita.
624 589 772 622 Tun-neb.
788 599 852 623 xx.

197 692 220 722 9
243 690 422 722 Pervellmtt
435 689 637 731 stomachum]
658 691 854 724 Provocant

154 741 362 773 stomachum
378 741 608 782 languentem.
654 741 756 780 Siser,
775 743 852 783 alec,

147 789 266 828 facula
283 789 364 831 Coa]
386 790 474 822 Sim
499 800 573 822 esse
599 791 672 822 vult
696 791 851 823 Andreas

154 840 356 871 Matthiolus
383 840 418 871 id
449 841 538 881 quod
569 841 685 873 Graeci
712 841 853 883 σίσαρον,

153 889 247 921 Galli
262 889 389 932 cher-ny,
405 890 569 923 Germani
583 891 706 930 girlim.
750 892 851 933 Belg.

152 939 294 981 Saye-ker
313 941 510 977 zoortelkem,
532 941 730 981 appellant:
754 942 852 982 cujus

153 989 263 1029 radix,
288 994 327 1021 ut
347 994 468 1021 auctor
488 994 541 1022 est
563 991 706 1027 Plinius,
728 995 853 1023 stoma-

150 1039 249 1070 chum
261 1039 403 1079 excitat,
413 1039 585 1072 fastidium
601 1040 798 1081 absterget:
817 1046 854 1073 et

155 1097 235 1121 xix.
250 1093 284 1120 5.
304 1091 315 1107 ⁴
334 1089 431 1122 Inter
453 1090 610 1130 medica:
635 1090 756 1133 inquit,
777 1092 788 1109 ‘
804 1092 855 1123 di-

152 1138 297 1170 cendum
314 1139 410 1179 siser,
423 1139 569 1180 idipsum
584 1140 740 1172 Tiberius
757 1141 854 1173 nobi-

149 1188 277 1230 litavit,
290 1187 448 1228 flagitans
461 1190 615 1222 omnibus
629 1191 724 1222 annis
737 1201 756 1222 a
769 1191 856 1224 Ger·

151 1238 278 1271 mania.
323 1232 481 1271 Gelduba
509 1241 706 1281 appellatur
730 1241 854 1272 castel-

151 1289 221 1320 lum
239 1289 358 1320 Rheno
382 1290 588 1330 impositum,
604 1290 660 1322 ubi
680 1292 851 1332 generosi-

152 1345 205 1370 tas
231 1340 429 1381 praecipua?
472 1342 528 1372 De
554 1342 636 1373 alece
659 1347 772 1373 autem
797 1351 852 1374 co-

151 1389 245 1430 piose
262 1389 342 1421 item
360 1390 433 1421 Sat.
447 1399 498 1422 iv.
527 1391 584 1422 nbi
609 1392 725 1423 Catius
739 1392 853 1429 soecem

151 1444 266 1478 vocat,
302 1450 379 1481 qnae
416 1440 471 1472 hic
495 1441 614 1480 foecula
647 1443 851 1475 nominatur.

151 1483 298 1522 Tor-rent.
353 1490 460 1533 siser]
494 1492 614 1524 Genus
650 1495 852 1535 pastinacae,

151 1540 272 1580 Anglis
289 1540 462 1574 Skirwort.
519 1543 644 1574 Faecula
673 1543 752 1583 Coa]
777 1544 851 1575 Fae-

149 1590 227 1622 cula
241 1595 294 1623 est
309 1601 416 1632 genus
432 1591 654 1633 condimenti,
676 1593 764 1633 quod
789 1602 851 1634 pu-

149 1650 225 1673 rum
250 1641 390 1682 profluit
416 1652 460 1675 ex
479 1643 634 1674 crassiori
659 1643 851 1675 sedimento

151 1690 220 1721 vini
236 1691 311 1722 Coi.

195 1742 236 1772 10
259 1740 346 1772 Puer
359 1741 423 1772 ulte
437 1740 572 1781 cinctus]
587 1741 714 1773 Servus
731 1740 774 1773 ad
791 1742 852 1773 mi·

149 1790 363 1822 nistrandurn
393 1790 480 1822 bene
508 1791 703 1832 expeditus.
754 1790 852 1823 Acer-

149 1840 238 1882 mrm]
261 1840 406 1872 Acernis
435 1846 551 1873 autem
577 1842 701 1873 mensis
732 1842 853 1882 prima,

151 1895 228 1932 post
243 1891 369 1932 citriae,
385 1891 502 1932 gloria.
521 1891 565 1923 de
581 1891 703 1932 quibus
719 1892 852 1924 Plinius

150 1950 228 1974 xvi.
245 1945 297 1975 15.
326 1949 365 1974 ut
392 1942 435 1974 de
462 1942 569 1974 citriis
596 1951 683 1975 xm.
699 1946 751 1975 16.
775 1944 851 1976 Tor-

127 1997 232 2024 reat.
276 1993 588 2034 Acernam]'1'ersit
615 2003 780 2034 mensam,
808 2004 852 2026 ex

151 2055 251 2077 acere
266 2046 386 2077 arbore
401 2046 543 2078 factam.

195 2098 233 2128 11
261 2097 408 2137 Gausapa
423 2095 591 2138 purpureo]
604 2096 732 2129 Similis
750 2097 851 2129 Luci-

148 2144 186 2176 lii
204 2154 341 2177 versns:
366 2150 375 2164 ‘
394 2146 573 2186 Purpureo
591 2147 688 2178 tersit
705 2150 787 2178 tunc
803 2147 850 2178 la-

149 2201 203 2227 tas
231 2205 381 2237 gausape
411 2195 571 2228 mensas.’
613 2196 851 2238 Antiquissimi

149 2250 264 2278 autem
296 2250 383 2278 teste
413 2246 590 2278 Prisciano
617 2246 676 2278 lib.
701 2256 768 2279 vn.
794 2248 850 2279 hic

149 2305 330 2336 gausapes,
342 2296 418 2327 haec
433 2305 598 2336 gausapa,
621 2295 684 2327 hoc
700 2306 850 2338 gausape

149 2349 186 2376 et
205 2353 403 2386 gausapum,
426 2345 516 2376 nude
539 2345 672 2385 plurale
688 2355 854 2387 gausapa,

148 2395 280 2427 dixere.
334 2395 522 2426 Petronius
546 2395 649 2426 etiam
675 2396 850 2436 gausapin-

150 2444 283 2478 Auctor
297 2449 349 2477 est
369 2445 502 2477 Plinius
527 2453 607 2476 vm.
622 2447 677 2477 48.
699 2445 850 2478 tunicam

148 2494 254 2527 etiam
270 2495 329 2526 lati
345 2494 434 2527 clavi
457 2504 519 2526 sna
539 2498 643 2526 aetate
664 2495 698 2526 in
713 2495 850 2528 modum

150 2554 307 2586 gausapae
324 2544 396 2576 texi
412 2544 574 2585 coepisse3
590 2545 711 2576 caloris
727 2551 766 2577 ut
781 2555 852 2578 cre-

150 2595 195 2626 do
219 2603 361 2634 caussa;
385 2604 489 2635 quare
515 2598 552 2626 et
578 2594 612 2625 in
639 2595 762 2626 castris
785 2605 849 2627 non

152 2644 334 2676 amiciendi
371 2649 516 2679 tantum,
556 2643 615 2674 sed
646 2648 682 2675 et
712 2645 850 2686 tegendi

152 2694 261 2734 gratia
285 2694 343 2724 illa
366 2693 574 2724 utebantur:
598 2694 654 2725 hic
677 2703 758 2726 vero
781 2702 848 2728 ter-

152 2741 285 2783 gendis,
301 2742 392 2782 apud
403 2742 599 2774 Martialem
614 2744 718 2775 etiam
735 2749 849 2786 tegen-

152 2791 203 2822 dis
219 2791 342 2823 mensis
364 2793 470 2823 servit
492 2791 549 2824 lib.
565 2801 642 2825 xiv.
662 2794 673 2811 ¹
691 2793 847 2827 Nobilius

155 2841 271 2872 villosa
296 2846 413 2882 tegant
440 2840 502 2873 tibi
529 2851 676 2884 gausapa
701 2844 846 2877 citrum.'

1493 289 1606 331 1755

909 390 918 406 ‘
934 388 1083 421 Citrnm'
1097 390 1186 421 enim
1202 398 1265 430 pro
1279 398 1394 422 mensa
1406 390 1515 422 citrea
1531 392 1605 423 dix-

907 441 945 471 it.
971 440 1114 472 Torreat.
1173 440 1320 481 Gausupe
1349 450 1513 482 purpureo,
1536 443 1606 483 asa]

908 489 1028 521 Panno
1038 489 1170 521 villoso.
1197 490 1343 532 Gau-sape
1353 500 1508 532 purpureo
1521 502 1606 524 men-

906 549 975 571 sum
999 539 1163 580 pertersit]
1199 539 1254 572 An
1282 543 1443 582 praetersit
1471 543 1608 584 legend.

910 588 1002 620 Hinc
1017 593 1173 630 apparet,
1188 599 1337 622 mensam
1361 591 1452 623 illam
1473 602 1539 624 non
1554 593 1607 625 fu-

907 639 974 670 isse
1000 649 1150 681 gausape
1173 639 1362 675 instratam.
1407 643 1499 676 Quid
1516 644 1608 675 enim

907 699 992 730 opus
1020 689 1143 722 fuisset
1175 690 1378 732 detergere?
1433 693 1607 726 Caeterum

906 739 1074 779 mantilia,
1089 749 1149 771 seu
1171 749 1311 782 mappas
1334 742 1468 774 villosas
1488 743 1522 775 in
1544 753 1607 775 usu

906 787 1009 820 fuisse
1027 789 1117 829 apud
1141 795 1276 822 veteres
1293 791 1396 823 docet
1410 792 1548 826 Servius
1563 794 1607 826 ad

906 838 1003 878 illud,
1039 840 1049 858 ⁴
1075 839 1270 882 Tonsisque
1299 840 1417 873 ferunt
1456 845 1608 876 mantilia

907 889 1017 921 villis?

950 942 990 971 12
1007 939 1169 980 Subtegit]
1184 939 1344 982 Collegit.
1378 942 1513 983 Inutile]
1528 943 1607 975 Sor·

904 988 1034 1022 didum.

950 1042 990 1072 13
1018 1041 1062 1073 Ut
1075 1041 1188 1073 Attica
1203 1042 1308 1084 virgo]
1331 1043 1437 1076 Velut
1451 1045 1607 1076 canistri-

904 1090 980 1123 fera
1007 1092 1114 1133 virgo·
1165 1092 1278 1125 Attica
1306 1093 1413 1136 virgo]
1448 1095 1607 1127 videnda

906 1151 982 1183 quae
997 1144 1188 1175 notavimus
1205 1153 1230 1175 1.
1246 1144 1318 1176 Sat.
1331 1147 1364 1177 3.
1385 1146 1396 1163 ‘
1411 1146 1457 1177 Ut
1473 1146 1531 1188 qni
1543 1146 1606 1180 Ju-

905 1192 1003 1224 nonis
1018 1202 1117 1224 sacra
1132 1192 1266 1225 ferret!
1292 1194 1436 1227 Tor-rent.

950 1245 990 1274 14
1014 1243 1197 1286 Hydaspes]
1221 1244 1316 1276 Puer
1331 1245 1508 1277 formosus.

952 1297 990 1325 15
1024 1294 1156 1326 Caecuba
1182 1295 1271 1336 vina]
1307 1296 1399 1328 Vina
1429 1305 1605 1336 generosa.

906 1343 1018 1382 Alcon,
1036 1344 1163 1386 Chium]
1182 1344 1281 1376 Alter
1295 1355 1411 1378 servus
1427 1348 1542 1378 vinum
1559 1346 1607 1379 fe-

908 1402 984 1424 rens
1012 1393 1134 1426 Chium
1157 1404 1223 1426 non
1247 1404 1291 1426 ex
1317 1396 1400 1428 Chio
1425 1397 1535 1428 insula
1550 1396 1607 1428 ad-

906 1450 1056 1483 vectum,
1079 1444 1141 1476 sed
1166 1445 1199 1476 in
1227 1446 1330 1477 Italia
1345 1445 1487 1486 factum,
1503 1447 1606 1478 simu-

907 1493 1010 1524 latum
1041 1494 1156 1534 igitur.
1216 1496 1331 1527 Chium
1355 1497 1453 1529 maris
1480 1496 1611 1537 expers]

906 1542 1008 1574 Hunc
1024 1543 1135 1574 locum
1151 1543 1200 1576 sic
1215 1545 1366 1584 explicat
1376 1546 1555 1577 Turnebus
1570 1551 1609 1578 et

905 1591 1103 1630 Lambinus,
1117 1596 1155 1623 ut
1173 1593 1226 1625 vel
1243 1593 1362 1634 jocose
1385 1596 1483 1626 maris
1496 1605 1608 1636 expers

906 1640 1001 1671 dicat
1017 1641 1140 1680 Poe'ta,
1153 1642 1243 1682 quod
1260 1652 1354 1674 mare
1369 1653 1542 1685 nunquam
1558 1646 1608 1676 vi-

907 1687 1008 1727 derit,
1032 1689 1092 1719 sed
1119 1694 1236 1721 natum
1259 1690 1293 1722 in
1316 1691 1419 1724 Italia
1442 1702 1482 1725 ac
1504 1694 1606 1735 plane

907 1739 1126 1770 vernaculum
1157 1749 1219 1780 pro
1249 1739 1376 1772 Graeco
1404 1750 1464 1773 seu
1497 1748 1606 1775 trans-

907 1789 1038 1821 marino
1067 1789 1286 1830 venditetur3
1323 1792 1377 1823 vel
1406 1792 1495 1834 quod
1526 1803 1605 1826 vere

905 1839 1040 1881 quidem
1057 1840 1176 1872 Chium
1193 1840 1309 1882 fuerit,
1333 1843 1392 1874 sed
1417 1854 1515 1885 aquae
1537 1854 1605 1876 ma-

906 1889 989 1920 rinae
1019 1899 1084 1921 non
1114 1889 1314 1924 admixtum.
1370 1893 1459 1924 Nam
1488 1899 1606 1926 cetera

904 1939 1039 1981 quidem
1057 1940 1135 1971 vina
1151 1940 1275 1973 Graeca
1289 1943 1374 1974 mari
1400 1944 1529 1976 condiri
1553 1955 1605 1977 so-

906 1989 991 2029 lere,
1018 1989 1138 2022 Chium
1161 1999 1242 2022 vero
1263 1992 1414 2034 minime,
1434 1994 1468 2025 id
1489 1994 1605 2027 Plauti

906 2042 1112 2074 auctoritate
1137 2041 1234 2074 fulcit
1256 2043 1433 2075 Turnebus
1458 2045 1490 2076 in
1515 2045 1607 2077 Gur-

906 2093 976 2133 gul.
1000 2093 1010 2110 ‘
1029 2093 1163 2124 Nomen
1180 2095 1211 2125 ei
1229 2098 1282 2126 est
1304 2095 1403 2135 lenas,
1418 2096 1606 2128 Multibiba

904 2148 1006 2184 atque
1032 2142 1226 2174 Merobiba.
1270 2144 1333 2175 ΡΑ.
1364 2145 1471 2178 Quasi
1495 2150 1531 2177 tu
1558 2146 1606 2177 la-

905 2203 1009 2234 genas
1026 2195 1132 2234 dicas,
1155 2195 1211 2226 nbi
1234 2196 1348 2227 vinum
1373 2198 1460 2228 solet
1483 2197 1606 2229 Chium

903 2243 1001 2274 esse.'
1046 2245 1121 2284 Ego
1138 2253 1253 2275 verum
1269 2246 1416 2277 eundem
1428 2247 1605 2279 Comicum

904 2292 938 2323 in
956 2293 1116 2324 Rudente
1138 2294 1186 2324 sic
1205 2295 1384 2334 scripsisse
1407 2297 1554 2333 memini,
1569 2302 1606 2329 et

903 2342 1052 2373 Plinium
1068 2350 1149 2373 xiv.
1167 2344 1200 2374 7.
1224 2342 1268 2373 de
1294 2343 1425 2376 Graecis
1449 2347 1534 2377 vinis
1554 2348 1605 2379 ita

902 2392 1008 2433 loqui,
1026 2396 1063 2423 ut
1079 2391 1145 2423 alia
1158 2392 1293 2433 quidem
1307 2393 1396 2433 plus,
1412 2394 1479 2425 alia
1495 2396 1603 2427 minus

901 2452 998 2484 aquae
1014 2442 1206 2482 habuerint,
1217 2443 1312 2475 nulla
1326 2448 1439 2476 tamen
1450 2444 1520 2477 fere
1532 2447 1604 2478 sine

903 2502 990 2534 aqua
1004 2491 1144 2524 fuerint.
1187 2493 1303 2526 Quare
1320 2494 1432 2526 locum
1445 2495 1535 2527 hunc
1552 2497 1602 2528 sic

903 2543 1143 2585 explicandum
1167 2544 1292 2584 sentio,
1325 2549 1364 2576 ut
1393 2545 1602 2578 Nasidienus

903 2599 1074 2636 tamquam
1090 2605 1159 2626 rem
1171 2605 1338 2636 magnam,
1348 2596 1468 2629 Chium
1479 2607 1602 2638 purum

905 2644 1110 2684 exhibuerit,
1124 2650 1162 2675 ut
1188 2646 1296 2676 multo
1321 2646 1500 2685 salubrius,
1515 2657 1601 2688 prae-

905 2694 1021 2726 sertim
1035 2695 1194 2735 opinione
1213 2694 1452 2729 Romanorum.
1478 2698 1567 2732 Torr.

948 2746 988 2776 16
1011 2743 1095 2775 Heic
1123 2744 1230 2785 herus]
1255 2745 1460 2778 Nasidienus
1489 2749 1550 2789 ait,
1579 2758 1600 2780 o

902 2796 1087 2834 Maecenas,
1102 2795 1131 2826 si
1149 2795 1260 2827 vinum
1277 2795 1458 2838 Albanum,
1475 2800 1541 2831 ὅτε.

948 2849 985 2878 17
1000 2846 1161 2887 Appositis
1170 2847 1315 2888 delectae,
1325 2848 1469 2882 habmus
1480 2854 1599 2882 utrum·
