1916 3262
539 327 894 360 amsronsnum
930 329 1029 359 mn.
1064 327 1116 358 11.
1148 316 1189 357 l.
1490 316 1604 358 1217

136 425 273 468 Paene
290 424 474 466 recens?
506 422 622 464 adeo
645 428 847 464 sanctum
870 425 940 464 est
961 426 1090 465 vetus
1111 434 1237 464 omne
1260 419 1438 476 poiima.

138 492 387 545 Ambigitur
409 490 584 545 quoties
604 494 702 531 uter
723 493 823 531 utro
845 489 1065 544 sit-prior3
1088 488 1230 531 aufert
1269 503 1273 508 ⁴

137 559 366 601 Pacuvius
386 557 507 599 docti
527 557 692 599 famam
715 558 850 608 senis,
871 556 1043 599 Accius
1065 556 1171 598 alti:

106 611 112 618 ¹
139 625 317 668 Dicitur
337 624 496 667 Afrani
517 627 621 677 toga
641 625 908 666 convenisse
930 621 1176 665 Menandro
1195 636 1207 674 3
1240 673 1243 676 .

1545 490 1603 531 55

135 733 185 754 mo
200 727 323 758 tenetur
332 728 419 759 velut
432 737 548 759 novus.-
564 730 640 761 adeo
655 732 814 760 sacratum
831 732 878 760 est
892 737 979 760 omne
988 738 1114 760 carmen
1126 728 1302 769 antiquum.
1347 727 1394 760 At
1407 737 1478 759 cum
1491 735 1605 767 expen-

137 765 226 798 ditur
237 767 305 807 quis
325 770 387 801 alio
399 770 443 801 sie
457 771 675 811 praestantior,
688 771 850 803 Pacuvius
864 771 949 803 docti
963 771 1058 810 senis,
1080 770 1196 802 Accius
1214 769 1328 802 excelsi
1341 770 1604 817 existimationem

135 806 253 842 obtinet
261 821 273 841 .-
294 810 426 850 Afranii
441 816 516 853 toga
532 813 712 845 Menandro
722 822 896 853 congruere
905 816 1048 855 putatur,
1060 813 1198 845 Plautus
1212 822 1338 845 currere
1349 813 1390 845 ad
1403 812 1509 845 instar
1524 812 1605 853 Ept-

750 897 791 910 OO
796 896 992 910 enecone-e

137 946 292 978 mentibus
308 947 436 981 Dacer.
458 959 520 982 non
535 950 689 981 mentibus
702 950 830 982 Sanad.
851 950 959 982 horret
974 950 1206 983 Schoenborn.
1222 953 1341 983 3.-54
1366 951 1465 983 Pane
1477 952 1605 982 recens?

137 987 354 1030 interpungit
369 992 487 1023 Bentl.
503 997 539 1024 et
554 1002 630 1024 cnm
647 1002 688 1024 eo
704 1002 893 1035 anonymus
905 993 1000 1034 Traj.
1013 993 1056 1024 ad
1072 993 1180 1026 Rhen.
1195 996 1292 1026 1713.
1317 994 1464 1034 Cuning.
1478 991 1605 1025 Sanad.

137 1029 289 1063 Mervill.
314 1032 403 1066 Phil.
419 1034 526 1066 Gesn.
545 1034 702 1066 Oberliu.
721 1035 842 1067 Comb.
861 1035 996 1067 Wakef.
1020 1036 1165 1068 Wetzel.
1181 1037 1290 1068 Zeun.
1305 1035 1430 1074 Jaeck,
1446 1039 1482 1067 et
1497 1033 1605 1066 Kidd.

138 1080 199 1104 non
212 1076 280 1104 est?
301 1076 529 1109 non...Poene
545 1080 668 1109 recens?
691 1076 831 1109 Adeo...
839 1077 947 1118 poe'ma
958 1077 974 1110 !
1007 1078 1132 1110 Sanad.
1156 1083 1192 1110 et
1206 1079 1348 1120 Dorigh.
1394 1077 1464 1110 Alii
1485 1077 1605 1109 delent

137 1113 373 1157 interrogandi
401 1122 616 1151 notam—56
640 1119 748 1151 Codd.
765 1129 822 1161 ap.
845 1120 914 1151 Fea
941 1124 978 1152 et
995 1120 1119 1161 Jaeck,
1142 1120 1267 1162 Actius,
1284 1121 1339 1152 vel
1356 1121 1477 1152 Attius.
1515 1119 1526 1136 ‘
1540 1119 1604 1151 Ac-

138 1156 207 1189 cius
222 1157 294 1190 fere
310 1162 562 1193 accuratiores:
588 1162 638 1194 sic
665 1162 770 1194 etiam
796 1163 912 1204 Steph.
936 1163 971 1194 in
997 1163 1135 1204 Fragm.
1151 1163 1288 1195 Manut.
1305 1161 1483 1204 Orthogr.’
1507 1161 1604 1193 Gesn.

806 1247 949 1280 NOTAE

941 1316 984 1345 56
995 1312 1111 1344 Accius
1119 1311 1195 1352 alei]
1207 1311 1350 1346 Quintil.
1362 1321 1398 1344 x.
1412 1314 1442 1344 1.
1454 1311 1463 1330 ‘
1475 1311 1604 1343 Accius

898 1366 1004 1402 atque
1027 1363 1195 1393 Pacuvius
1222 1362 1404 1393 clarissimi
1430 1361 1604 1402 gravitate

140 1310 219 1338 tur:
243 1307 302 1339 ‘A
333 1309 454 1342 Naevio
482 1311 633 1344 sumsisti
663 1313 783 1352 multa,
817 1313 845 1343 si

139 1355 282 1396 faterin
315 1359 369 1390 vel
405 1360 432 1390 si
469 1370 586 1401 negas,
623 1361 848 1402 surripuisti.’

140 1405 332 1447 Campanus
346 1406 424 1446 fuit,
446 1408 619 1448 stipendia
634 1409 760 1440 meruit
775 1409 846 1440 bel-

139 1454 182 1486 lis
209 1455 380 1495 Punicis3
414 1456 458 1488 de
489 1457 612 1498 quibus
640 1461 677 1490 et
705 1467 844 1491 carmen

139 1503 316 1537 condidit:
341 1506 478 1547 scripsit
494 1508 685 1540 Comoedias
709 1513 746 1540 et
761 1508 847 1540 'rra-

137 1554 268 1597 goedias
293 1557 383 1597 stylo
397 1557 553 1599 inprimis
568 1558 702 1590 erudito
717 1563 754 1590 et
768 1568 846 1600 gra—

137 1605 184 1637 vi.
229 1605 347 1638 Romae
363 1607 526 1648 primates
543 1608 681 1650 probris
694 1609 846 1641 insecta-

138 1652 208 1695 tus,
221 1656 450 1689 aTriumviris
459 1658 491 1689 in
503 1659 638 1691 vincula
648 1660 825 1701 conjectus
838 1670 848 1700 ς

137 1704 219 1736 inde
235 1705 410 1746 palinodia
435 1712 578 1740 cantata
599 1714 757 1742 exemtus
781 1715 846 1742 est.

140 1754 360 1796 Epigramma
380 1758 554 1798 superbias
571 1759 755 1799 Campanae
772 1760 845 1801 ple-

139 1814 221 1837 num
255 1806 320 1839 hoc
353 1807 397 1839 ab
435 1817 476 1839 eo
513 1808 641 1840 factum
672 1810 842 1842 traditur:

138 1854 379 1887 ‘Inmortales
416 1858 578 1889 mortales
612 1858 639 1889 si
669 1857 763 1890 foret
794 1858 846 1890 fas

141 1901 395 1944 flere,Flerent
418 1905 506 1938 divae
531 1907 704 1939 Camoenae
729 1909 845 1940 Naevi-

141 1962 198 1984 um
229 1953 377 1994 poetam.
427 1955 551 1997 Itaque
582 1960 762 1998 postquam
792 1962 846 1990 est

142 2003 228 2035 Orci
256 2004 401 2036 traditus
427 2005 599 2044 thesauro,
627 2007 737 2039 Obliti
767 2011 846 2039 sunt

142 2053 262 2086 Romae
283 2054 404 2085 Latina
425 2055 558 2096 loquier
579 2056 718 2097 lingua!
763 2057 844 2089 Nae-

142 2103 234 2135 vium
257 2103 398 2135 laudant
414 2105 536 2146 Varro,
549 2106 692 2148 Tullius,
708 2107 845 2148 Festus,

144 2153 291 2195 Nonius,
306 2153 452 2194 Gellius,
465 2156 530 2186 &c-

184 2205 225 2234 56
247 2202 365 2242 Aufert
389 2204 548 2236 Pacuvius
562 2205 646 2236 docti
661 2205 785 2244 famam
797 2215 845 2238 se·

141 2251 208 2293 nis]
239 2252 410 2285 Pacuvius
443 2254 487 2286 Q.
524 2255 625 2287 Ennii
654 2265 772 2297 nepos,
806 2260 845 2288 ut

143 2303 240 2336 aiunt
253 2304 423 2336 Eusebius
439 2307 474 2336 et
490 2305 634 2346 Plinius,
649 2306 844 2338 Brundusio

144 2353 317 2394 oriundus,
346 2354 462 2385 Romae
494 2355 619 2386 claruit
654 2356 781 2396 ingenii
807 2359 844 2387 et

143 2401 310 2434 bonarum
355 2403 612 2445 disciplinarum
649 2405 843 2438 luminibus.

143 2451 340 2493 Tragoedias
348 2453 436 2485 bene
448 2455 573 2486 multas
586 2456 724 2496 egregie
736 2456 844 2498 scrip-

145 2500 211 2532 sit:
235 2499 469 2543 Hermionam,
483 2503 694 2546 Atalantam,
719 2505 844 2538 Antio-

147 2559 239 2590 pam,
270 2548 425 2590 Ilionam,
455 2553 628 2596 Medeam,
661 2555 844 2596 Teucrum,

149 2601 214 2631 διο.
261 2599 298 2630 L.
327 2598 434 2631 Accio
463 2602 564 2640 paulo
598 2604 771 2646 antiquior
801 2605 845 2637 ad

150 2657 255 2680 annos
288 2649 472 2690 nonaginta
509 2652 698 2686 consenuit.
756 2654 848 2686 Hinc

148 2708 244 2730 senex
276 2698 320 2729 ab
357 2698 502 2731 Horatio
539 2699 677 2732 dicitur.
721 2703 847 2734 Tullius

149 2757 229 2780 eum
251 2746 396 2788 praefert
419 2749 576 2781 omnibus
600 2751 635 2781 in
657 2751 847 2792 Tragoedia.

148 2798 158 2815 ‘
173 2797 301 2829 Omnes
323 2797 415 2838 apud
438 2798 526 2831 hunc
542 2803 680 2831 ornatos
696 2801 847 2832 elabora-

150 2851 269 2889 tosque
286 2857 360 2878 esse
375 2848 518 2888 versus,’
533 2850 580 2881 ait
591 2850 649 2884 lib.
665 2850 709 2883 de
726 2851 826 2885 Orat.

237 2900 354 2942 Delplz.
373 2904 404 2934 et
427 2901 505 2936 Vur.
517 2902 601 2936 Clas.

814 2904 931 2938 Horae.

897 1410 1159 1451 sententiarum,
1173 1410 1421 1452 verborumque
1438 1410 1604 1451 pondere,

898 1465 935 1492 et
951 1460 1160 1492 auctoritate
1176 1469 1410 1502 personarum.
1440 1460 1604 1492 Ceterum

897 1510 990 1542 nitor
1018 1514 1055 1542 et
1077 1520 1210 1542 summa
1228 1511 1262 1542 in
1280 1510 1478 1542 excolendis
1494 1512 1606 1551 operi·

898 1561 960 1593 bus
976 1571 1096 1593 manus
1121 1561 1228 1602 magis
1256 1559 1365 1592 videri
1385 1565 1502 1602 potest
1518 1565 1604 1593 tem-

897 1611 1036 1653 poribus
1053 1621 1154 1654 quam
1170 1611 1253 1652 ipsis
1269 1610 1432 1643 defuisse.
1468 1610 1603 1643 Virium

897 1665 1011 1694 tamen
1035 1662 1111 1704 plus
1137 1661 1246 1693 Accio
1271 1660 1447 1693 tribuitur.
1491 1661 1604 1692 Pacu-

896 1712 987 1744 vium
1003 1712 1111 1744 videri
1133 1710 1321 1743 doctiorem
1338 1710 1396 1752 qui
1417 1719 1493 1741 esse
1509 1709 1604 1742 (loeti

899 1761 1065 1794 affectant
1090 1759 1232 1793 volunt?
1277 1760 1401 1792 Cicero
1431 1760 1604 1801 plerisque

898 1812 984 1843 locis
999 1811 1143 1843 Accium
1163 1810 1296 1850 laudat,
1318 1810 1461 1851 ejusque
1486 1819 1603 1842 versus

900 1859 1013 1896 affert,
1029 1860 1176 1892 maxime
1192 1868 1273 1892 vero
1289 1859 1332 1891 de
1346 1859 1428 1891 Nat.
1443 1861 1548 1891 Deor.
1563 1869 1605 1891 n.

900 1910 989 1940 Vide
1021 1919 1097 1951 quae
1126 1909 1171 1941 de
1200 1918 1243 1941 eo
1273 1909 1347 1950 jam
1382 1909 1543 1941 annotavi
1574 1918 1601 1941 r.

899 1959 972 1991 Sat.
988 1962 1039 1990 10.

943 2011 984 2039 57
1007 2008 1140 2040 Dicitur
1168 2006 1287 2046 Afrani
1321 2011 1395 2048 toga
1430 2009 1603 2040 convenisse

900 2057 1092 2097 Menandro]
1106 2056 1266 2089 Afranius
1282 2058 1511 2090 Menandrum
1529 2069 1603 2100 pro-

899 2116 942 2149 pe
958 2108 1160 2149 adaequasse
1174 2106 1294 2140 fertur.
1322 2107 1484 2141 Afranius
1499 2109 1603 2150 poeta

898 2157 1048 2188 comicus
1065 2157 1182 2188 Romae
1199 2157 1391 2189 celebratus
1408 2163 1462 2191 est
1477 2161 1602 2200 togatis

899 2205 1038 2246 fabulis,
1052 2215 1071 2237 a
1093 2210 1174 2246 toga
1190 2206 1292 2239 Rom.
1308 2207 1433 2248 dictis;
1462 2209 1543 2250 quia
1559 2210 1602 2242 de

899 2255 1000 2286 rebus
1011 2255 1171 2287 Romanis
1184 2259 1348 2289 tractant.
1371 2258 1601 2292 Menandrum

898 2305 1051 2336 imitatus
1076 2309 1129 2337 est
1153 2307 1342 2348 praecipue,
1364 2312 1401 2340 et
1416 2308 1460 2340 ab
1475 2319 1517 2341 eo
1532 2319 1601 2342 non

898 2364 1006 2395 pauca
1040 2355 1171 2389 sumsit.
1216 2356 1362 2397 Ingenio
1399 2362 1436 2390 et
1472 2359 1599 2391 salibus

898 2405 1073 2446 excelluit,
1107 2415 1239 2438 necnon
1269 2417 1402 2440 summa
1429 2410 1603 2452 elegantia

899 2459 936 2486 et
949 2460 1127 2487 venustate
1141 2456 1340 2490 dictionum.
1386 2459 1474 2491 Eum
1485 2460 1602 2492 laudat

897 2505 1026 2537 Tullius
1042 2506 1076 2537 in
1094 2506 1216 2538 Brute.
1262 2507 1410 2541 Quintil.
1427 2509 1438 2525 ‘
1450 2509 1491 2540 In
1507 2515 1602 2549 toga-

900 2556 944 2587 tis
973 2557 1111 2589 excellit
1134 2557 1318 2598 Afranius‚’
1341 2559 1462 2600 inquit.
1508 2559 1600 2591 Geli.

900 2615 986 2638 xm.
1000 2610 1029 2638 8.
1055 2606 1189 2638 Afranii
1211 2617 1348 2639 carmen
1371 2608 1602 2651 commendat,

900 2656 935 2686 in
964 2666 1031 2697 quo
1068 2656 1118 2687 sic
1145 2656 1294 2697 loquitur
1323 2656 1366 2687 de
1397 2657 1598 2698 Sapientia:

900 2704 911 2722 ‘
924 2705 1013 2736 Usus
1028 2715 1081 2736 me
1096 2705 1233 2745 genuit;
1257 2708 1366 2736 mater
1379 2707 1515 2747 peperit
1529 2717 1600 2740 me-

899 2755 1016 2786 moria.
1060 2754 1222 2794 Sophiam
1252 2759 1375 2788 vocant
1406 2766 1460 2789 me
1489 2757 1600 2796 Graii,

902 2813 961 2834 vos
975 2803 1210 2844 Sapientiam-⁹

944 2852 1136 2894 Menandro]
1173 2854 1226 2886 De
1260 2863 1300 2887 eo
1327 2854 1438 2888 Poeta
1468 2858 1598 2890 comico

1432 2911 1510 2942 4H
