1904 3216
400 271 510 312 1700

400 381 442 412 go
471 371 530 410 ait,
555 370 715 401 Dictantis
743 369 819 409 quod
846 371 883 399 tu
919 377 1080 408 numquam

397 420 563 452 rescribere
586 419 695 458 possis,
709 417 770 448 hoc
794 417 840 447 ita
864 416 1079 456 interpretor,

400 474 437 499 ut
463 478 523 509 per
551 468 750 506 scripturam
776 466 998 506 Damasippo,
1021 469 1080 496 aut

398 519 591 555 cuicumque
621 515 677 545 alii
703 515 876 555 impostori
899 514 971 553 det,
992 513 1080 555 quod

398 567 455 606 qui
472 565 594 605 accipit
610 573 787 605 numquam
808 563 999 594 redditurus
1016 562 1079 593 sit:

397 624 472 645 nam
484 613 647 644 rescribere
656 613 754 653 possis
765 612 996 651 accipiendum
1009 611 1082 643 sim·

396 663 544 703 pliciter,
559 672 619 703 pro
634 668 643 683 ‘
659 663 822 694 rescribas
833 663 854 701 ;’
877 662 980 703 possit
993 662 1079 693 enim

397 712 426 742 si
441 711 541 743 velit:
564 716 665 752 atque
681 712 729 742 ita
746 711 845 743 verbo
858 711 867 729 ‘
883 720 978 751 posse
990 710 999 725 '
1016 709 1077 741 fre-

397 767 539 802 quenter
562 762 695 801 utimur,
723 766 759 793 ut
781 771 847 793 non
873 762 977 793 multo
1007 761 1080 801 plus

395 811 574 851 significet,
590 820 687 851 quam
703 811 839 842 verbum
854 810 1080 851 cuijungitnr.

396 860 475 891 Vid.
486 860 634 891 Turneb.
647 869 695 891 ιν.
708 863 759 891 13.
784 861 926 891 Torrent.
948 859 1081 890 Dictan-

396 910 439 939 tis
462 909 554 948 quod]
576 909 697 939 Mutuo
721 908 829 939 dantis
855 909 908 939 vel
929 908 1081 948 jubentis

396 957 632 998 Argentarium
656 957 689 988 in
712 957 829 988 codice
853 967 912 988 suo
937 957 1083 988 scribere

397 1006 532 1036 nomina
557 1005 735 1037 creditoris
762 1010 798 1036 et
822 1005 995 1036 debitoris.
1019 1006 1082 1036 Re·

396 1054 528 1085 scribere
549 1054 661 1094 possis]
683 1054 883 1095 Rependere
906 1058 1007 1094 atque
1023 1062 1084 1094 per

397 1103 592 1144 Argentarii
608 1104 807 1143 scripturam
824 1102 978 1133 reddere.

439 1155 481 1184 77
502 1152 621 1184 Audire
641 1152 746 1192 atque]
766 1152 851 1182 Sunt
867 1151 970 1182 verba
990 1151 1082 1182 Ster-

399 1199 473 1232 tinii
490 1201 550 1232 snb
567 1210 708 1241 persona
723 1199 932 1240 Damasippi.
970 1199 1084 1238 Togam

397 1249 585 1289 componere]
608 1250 662 1281 Ne
687 1248 837 1280 defluens
861 1248 1083 1280 attentionem

397 1299 571 1339 impediat.
597 1299 607 1316 ‘
624 1297 853 1338 Componere’
881 1297 981 1328 etiam
1007 1299 1016 1315 ‘
1034 1302 1083 1328 to-

399 1356 473 1386 gam
486 1346 617 1378 'solent
639 1351 787 1378 oratores
809 1355 884 1377 cum
902 1355 938 1377 se
964 1350 1084 1387 parant

399 1396 443 1426 ad
467 1396 655 1427 dicendum.
698 1396 777 1428 Vid.
792 1395 965 1426 Turnebus
987 1404 1038 1427 rx.
1054 1398 1085 1426 6.

402 1444 543 1475 Torrent.
578 1445 676 1475 Jubeo
690 1443 876 1484 componere]
897 1444 962 1475 Sed
973 1444 1014 1475 ad
1029 1454 1085 1475 au·

399 1491 558 1523 diendum
574 1501 704 1531 parare.

442 1544 484 1572 79
523 1541 655 1572 Tristis-e
683 1539 915 1580 superstitione]
959 1539 1084 1571 Tristes

401 1588 504 1620 efficit
521 1589 728 1629 superstitio.

443 1640 484 1667 80
507 1637 624 1667 BIentis
639 1637 739 1666 morbo
754 1636 847 1675 calet]
877 1637 971 1667 Bene
985 1637 1085 1672 calet,-

401 1694 511 1725 neqne
547 1685 635 1716 enim
675 1685 781 1715 minus
819 1685 908 1715 vitiis
946 1685 1085 1723 animus,

400 1742 500 1774 quam
517 1731 602 1764 febri
618 1742 739 1772 corpus
756 1737 874 1764 aestuat
893 1744 899 1762 :
917 1737 953 1764 et
968 1742 1087 1771 corpo-

403 1783 447 1813 ris
463 1781 572 1813 febres
587 1781 687 1812 animi
701 1783 789 1812 curis
805 1786 989 1822 comparat.
1014 1782 1087 1812 Tor·

401 1834 480 1862 rent.
526 1830 630 1870 Calet]
652 1830 796 1862 AEstuat.

445 1882 486 1910 82
510 1878 646 1911 Ellebori
676 1878 786 1918 multo]
817 1878 991 1910 Elleborns
1021 1888 1088 1910 me·

400 1928 600 1959 lancholiam
630 1937 787 1969 purgans,
821 1928 1002 1960 remedium
1037 1933 1089 1960 est

403 1977 553 2008 insaniae.

446 2029 485 2057 83
509 2026 695 2067 Anticyram
708 2028 840 2067 omnem]
863 2027 904 2059 Id
920 2032 984 2067 est,
998 2027 1088 2068 quic-

403 2075 483 2114 quid
505 2085 641 2115 usquam
657 2080 708 2106 est
723 2076 898 2107 hellebori.
934 2076 1022 2107 Sane
1037 2076 1088 2106 ἆν-

403 2122 527 2162 mapa»
542 2125 653 2155 Graeci
674 2125 801 2155 Comici
822 2124 1002 2154 helleborum
1016 2123 1089 2154 dix-

405 2177 513 2203 erunt.
557 2172 718 2202 Heinsius.
774 2171 959 2212 Anticyram
993 2172 1090 2211 ratio]

405 2219 572 2262 Quicquid
602 2220 737 2251 ellebori
765 2219 800 2250 in
827 2219 990 2259 Anticyra
1014 2229 1089 2250 nas-

404 2270 503 2300 citur.
546 2268 640 2298 Ratio
655 2268 717 2298 illis
727 2268 875 2308 destinet]
899 2268 933 2299 Si
950 2273 1088 2306 rectam,

405 2316 524 2357 iuquit,
546 2315 702 2346 medendi
725 2316 885 2346 rationem
905 2325 1092 2356 sequamur,

406 2370 443 2396 ut
456 2374 575 2405 magno
591 2364 705 2395 morbo
720 2373 841 2404 magna
863 2368 1020 2404 parentur
1039 2374 1091 2395 re-

392 2414 528 2452 'media‚
560 2414 615 2444 vix
643 2418 716 2444 tota
741 2412 905 2453 Anticyra
934 2413 1090 2444 curandae

407 2463 555 2494 avaritiae
568 2461 723 2493 sufficiat.
767 2462 863 2494 Duro
874 2471 993 2502 nempe
1005 2462 1092 2493 nodo

407 2512 510 2543 durus
526 2510 726 2552 quaerendus
744 2515 796 2542 est
807 2521 942 2542 cuneuS.
977 2510 1092 2542 Simile

408 2560 492 2591 illud
515 2560 556 2591 ad
574 2560 736 2591 Pisones:
761 2559 899 2591 ‘Tribus
922 2559 1092 2600 Anticyris

409 2615 510 2649 caput
526 2609 708 2640 insanabile
723 2607 749 2646 ;'
773 2618 834 2640 nec
857 2608 1015 2640 dissimile
1033 2609 1094 2639 hoc

411 2659 525 2689 Plauti
554 2658 722 2689 Menaech.
752 2658 761 2674 ‘
781 2658 855 2689 Non
882 2662 995 2699 potest
1023 2658 1094 2695 lraec

412 2715 463 2735 res
489 2707 758 2748 elleborijngere
785 2707 990 2739 ol›tinerier.'
1021 2707 1094 2738 Tor-

413 2757 491 2784 rent.

849 278 987 309 No‘rAE
1019 277 1279 308 vamoRUM
1313 277 1364 307 IN

1173 370 1214 399 8-1
1237 368 1376 400 Heredes
1390 367 1526 408 Staberi]
1551 369 1640 401 Huic
1655 370 1808 404 Staberio

1132 417 1336 457 propositum
1349 415 1426 457 fnit,
1437 418 1524 459 quod
1539 419 1587 450 ait
1596 419 1718 451 Juven.
1740 421 1750 437 ‘
1761 420 1813 452 Ut

1132 465 1281 506 locuples
1296 465 1446 496 moriaris
1457 467 1571 507 egenti
1585 467 1696 498 vivere
1709 466 1780 499 fato
1789 468 1812 500 :’

1132 514 1221 554 quod
1237 524 1312 546 cum
1335 515 1449 554 gloriae
1471 516 1534 547 sibi
1555 515 1706 555 duceret,
1725 526 1811 548 snm-

1132 571 1219 593 mam
1238 563 1430 603 patrimonii
1455 564 1609 604 sepulcro
1630 564 1733 596 incidi
1755 574 1812 596 vo-

1131 611 1206 650 luit,
1241 621 1305 652 quo
1341 616 1502 643 testatum
1537 613 1680 653 posteris
1713 617 1814 653 esset,

1133 669 1229 699 qnam
1259 660 1352 692 dives
1381 661 1452 700 ipse
1489 661 1636 694 obiisset.
1672 663 1812 694 Torrent-

1131 709 1254 740 Staber‘i
1265 719 1411 741 summam
1421 710 1553 742 incidere
1560 711 1728 751 sepulchro]
1745 711 1813 743 Ho-

1132 759 1229 790 minis
1250 759 1446 798 avarissimi,
1461 760 1517 800 qui
1531 760 1633 800 jussit
1653 759 1816 800 haeredes,

1133 813 1289 850 quantam
1308 810 1446 850 quisque
1468 819 1625 842 summam
1648 820 1691 841 ex
1712 803 1816 842 testa·

1133 863 1245 888 mento
1259 859 1480 899 accepissent,
1505 859 1538 889 in
1552 859 1622 900 ejus
1635 859 1814 900 sepulchro

1133 905 1295 936 incidere.

1175 957 1215 984 85
1241 954 1455 986 Gladiatorum
1479 956 1551 987 dare
1574 960 1692 987 centum
1716 957 1815 988 Dam-

1133 1003 1202 1033 nati
1213 1003 1321 1042 populo
1331 1003 1434 1043 pario]
1460 1002 1536 1035 Hoc
1546 1013 1668 1044 nempe
1681 1004 1716 1035 in
1728 1005 1818 1045 prin-

1136 1051 1247 1091 cipum
1270 1052 1414 1083 virorum
1435 1062 1472 1084 ac
1492 1052 1629 1084 divitum
1644 1052 1815 1085 funeribus

1135 1099 1207 1131 fieri
1221 1101 1319 1140 solet,
1334 1111 1399 1142 quo
1414 1100 1485 1132 fuso
1501 1101 1721 1142 gladiatorum
1741 1112 1816 1134 san-

1135 1148 1247 1190 guine,
1261 1150 1322 1181 Dii
1337 1150 1436 1182 inferi
1457 1150 1689 1183 defunctorum
1715 1153 1817 1183 mani-

1135 1198 1197 1229 bus
1212 1199 1351 1239 propitii
1366 1199 1469 1239 magis
1485 1204 1610 1236 essent,
1622 1209 1662 1231 ac
1678 1200 1817 1232 celebri-

1136 1256 1174 1278 or
1197 1246 1295 1279 fieret
1317 1246 1467 1279 defuncti
1489 1248 1657 1280 memoria.
1698 1249 1746 1280 Ut
1761 1258 1818 1280 au-

1138 1299 1205 1327 tem
1242 1296 1355 1327 Latini
1394 1297 1608 1328 Gladiatorum
1639 1297 1739 1337 paria,
1769 1297 1817 1328 sic

1136 1343 1229 1384 ζεύγη
1258 1345 1376 1376 dicunt
1403 1345 1527 1377 Graeci.
1587 1347 1660 1378 Nec
1691 1351 1819 1377 temere

1135 1393 1146 1411 ‘
1159 1393 1356 1425 damnandi'
1373 1394 1474 1425 verbo
1489 1394 1596 1425 utitur
1607 1393 1820 1426 doctissimus

1139 1442 1268 1474 Poeta:
1292 1442 1511 1474 fortissimum
1533 1443 1619 1474 enim
1640 1443 1772 1484 legundi
1786 1443 1818 1474 in

1137 1495 1338 1522 testamento
1363 1501 1479 1532 genus,
1502 1492 1589 1532 qnod
1610 1501 1671 1532 per
1683 1492 1818 1523 damna·

1138 1539 1261 1570 tionem
1287 1539 1459 1570 dicebatur
1481 1540 1530 1570 his
1554 1539 1625 1570 fere
1650 1540 1821 1572 testatoris

1138 1589 1259 1627 verbis,
1285 1597 1400 1620 narres
1425 1597 1571 1620 DAMNAs
1594 1597 1679 1620 Es‘ro
1710 1597 1818 1628 nans,

1139 1647 1204 1676 quo
1231 1637 1333 1668 dandi
1364 1639 1545 1668 necessitas
1578 1638 1820 1677 imponebatur.

1138 1686 1304 1725 Exempla
1329 1686 1417 1725 apud
1439 1685 1544 1717 JCtos
1568 1687 1691 1726 passim
1711 1687 1820 1718 obvia.

1142 1734 1282 1764 Torrent.
1325 1733 1427 1774 Dare]
1452 1733 1629 1764 Exlribere.

1181 1785 1223 1814 86
1238 1782 1404 1823 Damnati]
1418 1782 1574 1814 Damnati
1586 1786 1662 1813 sunt
1671 1782 1743 1822 ejus
1755 1785 1821 1816 tes-

1140 1834 1299 1862 tamento.
1344 1831 1477 1871 Epulum
1490 1831 1619 1862 arbitrio
1632 1830 1723 1871 Arri]
1746 1832 1822 1863 Hoc

1143 1889 1274 1920 quoque
1283 1880 1316 1910 in
1323 1878 1517 1910 funebribus
1530 1880 1660 1920 pompis
1669 1880 1823 1912 observa-

1142 1933 1225 1966 tum,
1243 1933 1281 1959 ut
1294 1928 1367 1959 loco
1391 1928 1582 1968 potationis,
1608 1937 1680 1968 quae
1696 1928 1823 1960 circum

1140 1977 1302 2008 tumulum
1317 1976 1391 2008 fieri
1411 1977 1551 2013 solebat,
1577 1977 1731 2016 sublatae,
1743 1978 1823 2017 Leg-

1142 2034 1210 2057 xu.
1222 2025 1439 2066 Tabularum,
1448 2027 1580 2066 epulum
1590 2026 1801 2067 praeberetur
1812 2037 1822 2056 ε

1141 2074 1229 2115 qnod
1248 2075 1409 2114 peculiari
1425 2075 1557 2106 nomine
1580 2076 1590 2093 ‘
1601 2075 1802 2106 silicernium
1814 2075 1822 2087 ’

1142 2123 1372 2163 appellabant,
1383 2123 1475 2163 quasi
1492 2127 1501 2141 ⁸
1511 2123 1719 2163 siliceninm,’
1734 2123 1823 2164 quod

1141 2180 1243 2211 super
1282 2171 1408 2201 silicem
1444 2176 1638 2211 poneretur,
1669 2176 1822 2203 manente

1141 2219 1302 2251 vocabulo
1313 2230 1322 2258 ;
1337 2229 1533 2261 quamquam
1544 2219 1669 2260 ingenti
1680 2229 1823 2260 appara·

1143 2269 1229 2299 tuin
1251 2269 1379 2299 aedibus
1404 2274 1439 2299 et
1460 2278 1550 2309 saepe
1573 2269 1672 2300 etiam
1689 2269 1822 2309 publice

1144 2317 1299 2355 dabatur.
1342 2318 1477 2348 Servius
1506 2318 1539 2349 in
1565 2318 1646 2349 illud
1667 2318 1821 2359 Virgilii:

1144 2370 1152 2383 ‘
1165 2365 1227 2396 Ille
1240 2365 1370 2405 agmine
1383 2366 1483 2406 longo
1500 2365 1646 2397 Tandem
1663 2366 1752 2398 inter
1766 2376 1823 2407 pa-

1144 2419 1235 2446 teras
1249 2419 1284 2446 et
1294 2415 1382 2446 levia
1397 2416 1517 2455 pocula
1530 2424 1667 2456 serpens
1681 2415 1826 2447 Libuit-

1145 2473 1208 2505 que
1220 2463 1346 2504 dapes!
1389 2464 1485 2496 Quod
1500 2469 1610 2496 autem
1624 2465 1758 2495 Arrium
1773 2474 1825 2496 ar-

1144 2513 1268 2544 bitrum
1284 2513 1381 2553 fingit
1395 2513 1515 2554 Poeta,
1537 2523 1601 2545 non
1616 2514 1732 2545 dubito
1746 2514 1826 2555 quin

1146 2560 1356 2592 referendum
1394 2562 1438 2593 sit
1467 2563 1510 2593 ad
1539 2562 1828 2603 magnificentissi-

1146 2619 1235 2641 mum
1260 2610 1340 2641 illud
1365 2610 1454 2641 Arrii
1475 2611 1674 2647 convivium,
1696 2611 1740 2643 de
1759 2621 1825 2652 quo

1146 2658 1195 2690 M.
1219 2659 1346 2689 Tullius
1369 2659 1401 2688 in
1421 2659 1606 2691 Varinium.
1650 2659 1725 2692 vid.
1744 2660 1826 2691 Tur-

1148 2707 1224 2738 neb.
1249 2715 1381 2738 xxvm.
1405 2710 1436 2738 3.
1462 2708 1598 2740 Torrent.
1640 2708 1732 2749 Arri]
1756 2709 1824 2739 Ho-

1149 2755 1244 2787 minis
1260 2756 1452 2796 sumptuosi.
