1930 3204
490 284 695 314 HORA'l'll
731 283 936 315 GARMEN
967 284 1210 316 SAEGULAR
1221 286 1261 315 E.

147 381 182 409 et
197 377 256 409 lib.
268 386 318 409 iv.
333 376 401 410 011.
412 380 444 408 6.
473 377 532 408 Dii
548 374 738 408 autemillis
753 374 842 406 ludis

145 427 313 468 praecipui
334 426 458 468 Apollo
478 431 515 458 et
536 426 661 464 Diana,
675 424 790 464 iidem,
805 429 843 456 ut

146 477 304 516 diximus,
318 477 375 518 qui
384 477 443 508 Sol
457 482 493 508 et
500 477 608 514 Luna,
615 475 687 506 baee
699 482 843 513 meuses,

146 527 204 559 iile
228 537 353 560 annum
376 536 520 568 regens:
543 526 619 557 vide
634 526 656 556 l.
668 534 718 556 iv.
732 525 799 557 od.
810 527 842 556 7.

149 577 290 610 Tmou.
337 577 484 617 Virgines
507 575 616 615 lectas]
638 575 796 615 Virgines
821 584 842 606 a

146 626 219 658 viro
233 627 395 668 integras.
419 627 560 658 Torrene.
605 624 773 666 [Virgines
787 626 842 656 loe-

144 679 196 708 tas
209 676 309 709 codd.
322 686 378 718 ap.
392 676 529 716 Jaeck.]

148 745 152 749 -
187 728 208 757 7
226 725 346 762 Quibus
357 725 487 766 septem]
503 724 633 759 Quibus
647 725 755 756 Roma
771 725 840 765 pla-

146 776 230 816 cuit,
243 781 375 818 septem
391 777 498 808 colles
512 785 572 807 suo
587 775 717 806 ambitu
733 775 841 807 inclu-

146 825 240 858 dens.
294 826 420 865 Septem
443 825 551 865 colles]
573 824 615 856 ld
639 830 706 863 est,
731 825 842 856 Roma

141 874 231 915 ipsa,
241 874 437 916 Septicollis
451 874 564 906 dicta:
590 876 600 891 ‘
612 874 752 914 Septem
765 884 840 915 quae

143 933 211 957 uua
237 924 303 956 sibi
330 933 427 956 muro
464 923 683 956 circumdidit
721 923 840 955 arces-⁹

145 973 290 1017 Tor-ren}-

150 1043 152 1048 ·
185 1026 209 1054 ⁹
229 1024 320 1055 Alme
342 1023 413 1065 Sol]
442 1023 515 1063 Sol,
542 1024 598 1065 qui
627 1023 740 1055 omnia
767 1024 839 1056 alis.

146 1073 251 1104 Cum
263 1073 364 1104 nitido
378 1074 460 1105 diem
473 1073 542 1114 qui]
564 1073 746 1113 Quadrigis
761 1082 840 1105 vec-

144 1126 198 1154 tus
214 1123 340 1154 circum
357 1129 481 1155 terram
495 1124 586 1155 intra
599 1123 699 1154 horas
714 1126 768 1155 24.

149 1191 155 1193 >
187 1174 229 1203 10
253 1173 379 1204 From
390 1176 422 1204 et
435 1172 531 1212 celae]
555 1172 624 1206 Qui
646 1172 736 1204 diem
759 1182 840 1213 ape-

142 1220 190 1252 ris
203 1221 327 1260 oriens,
341 1222 458 1253 condis
474 1222 646 1254 occidens.
690 1222 841 1263 Aliamque

141 1273 173 1300 et
187 1268 284 1310 idem]
305 1269 399 1301 Alius
413 1270 522 1301 videri
538 1275 663 1310 potest,
685 1272 739 1302 vel
762 1272 841 1312 quia

143 1320 210 1350 alio
232 1319 358 1351 coti'die
383 1321 458 1352 loco
483 1322 604 1357 oritur,
628 1320 737 1352 donec
760 1321 840 1352 anni

141 1377 275 1399 cursum
296 1369 487 1409 peregerit3
511 1369 565 1399 vel
587 1369 664 1408 quia
679 1379 747 1400 non
771 1379 839 1400 uno

140 1426 276 1459 semper
289 1418 405 1457 vultu3
421 1419 474 1449 vei
491 1418 568 1459 quia
584 1418 697 1450 oriens
713 1419 837 1459 lucem,

108 1488 111 1494 -
140 1467 300 1499 occidens
317 1468 476 1500 tenebras
498 1467 586 1506 fert;
609 1468 662 1499 vel
679 1468 724 1499 ob
739 1468 838 1500 vicis-

139 1515 322 1548 situdinem
361 1520 565 1558 temporum,
604 1526 679 1548 cnm
722 1521 837 1548 tamen

138 1575 224 1597 unus
247 1566 406 1607 idemque
430 1575 610 1608 numquam
632 1568 707 1607 ipse
728 1571 838 1599 mute-

139 1620 208 1647 tur.
265 1616 323 1648 Sic
352 1616 499 1648 Veneris
538 1618 650 1653 stella,
687 1617 838 1658 quamvis

139 1674 275 1706 semper
290 1665 411 1697 eadem
435 1666 491 1706 sit,
513 1666 594 1707 quia
613 1670 727 1698 tamen
749 1675 838 1698 nuuc

137 1719 287 1756 noctem,
313 1724 403 1746 nuuc
428 1715 517 1746 diem
544 1716 692 1753 nuntiat,
716 1725 838 1746 nornen

86 1783 91 1787 ·
138 1769 271 1803 mutat;
297 1768 333 1795 et
349 1763 404 1794 die
421 1762 569 1802 Lucifer,
585 1768 690 1794 noctu
705 1763 839 1803 Hespe-

140 1822 196 1844 rus
207 1813 413 1854 appellatur.
426 1813 517 1843 Torr.
539 1813 690 1852 Aliaeque
699 1815 731 1842 et
742 1812 838 1852 idem]

142 1861 212 1893 Qui
234 1861 323 1893 alius
349 1860 392 1892 ab
414 1861 577 1892 hesterno
599 1860 724 1892 videris
747 1862 839 1892 nasci

140 1910 254 1951 hodie,
265 1914 379 1942 tamen
394 1909 483 1941 idem
493 1919 530 1941 es
543 1914 579 1941 et
590 1919 726 1951 semper
739 1920 836 1943 nnus.

185 1962 224 1991 ll
248 1959 360 1991 Possis
373 1959 454 1991 nihil
469 1959 543 1991 urbe
558 1959 675 2001 Rom]
698 1961 838 1992 Utinam

142 2018 266 2049 possis.
731 2047 735 2051 .

184 2060 226 2090 12
242 2058 350 2090 Visere
362 2058 476 2099 maius]
489 2058 583 2091 Nihil
597 2059 705 2099 maius
721 2058 838 2091 videre

138 2107 175 2139 in
189 2107 254 2140 boc
267 2107 430 2140 inferiore
444 2108 582 2139 mundo.

142 2186 146 2191 .
160 2163 164 2167 ”
183 2159 224 2189 13
242 2158 374 2199 Aper-ire
383 2158 507 2198 partes]
522 2157 657 2198 Apes-ire
671 2158 758 2190 dixit
773 2168 836 2199 pro

138 2206 299 2248 detegere
314 2212 351 2240 et
366 2208 400 2239 in
416 2208 526 2239 lucem
541 2208 666 2246 edere3
685 2213 724 2240 ut
736 2208 833 2249 Virg.

138 2259 148 2275 ‘
164 2257 302 2290 Terram
318 2259 410 2289 inter
421 2256 544 2289 fluctus
560 2257 697 2298 aperit.’
740 2257 835 2289 Bene

139 2310 253 2338 autem
269 2306 314 2338 de
327 2305 480 2346 Ilithyia,
493 2307 572 2337 lenis
584 2306 703 2346 aperire
715 2309 836 2345 partus,

140 2364 203 2395 pro
222 2356 232 2373 ‘
245 2355 392 2395 leniter,'
414 2363 491 2385 cum
507 2354 633 2385 maturi
648 2359 740 2393 sunt,
756 2364 838 2394 ape-

140 2403 244 2441 riens,
268 2407 372 2443 atque
398 2403 599 2443 producens.
641 2402 730 2434 Vide
752 2404 836 2434 Tur·

141 2451 220 2482 neb.
238 2460 304 2482 xx.
321 2453 375 2482 ³1.
397 2451 541 2482 Tan-ent.

186 2502 227 2531 14
248 2499 383 2541 Ilithyio
407 2502 494 2531 tuere
516 2500 646 2540 matres]
671 2499 702 2531 O
726 2501 838 2533 Diana

143 2559 219 2591 quae
243 2549 330 2580 lenis
348 2558 385 2580 es
408 2549 442 2579 in
461 2547 653 2589 aperiendis
674 2550 836 2590 partubus

146 2599 369 2640 tempestivis.
412 2598 504 2630 Vide
518 2607 577 2630 ιιι.
594 2598 662 2630 Od.
676 2601 730 2630 22.

187 2651 228 2680 15
241 2648 316 2680 Sive
331 2651 367 2679 tu
378 2647 510 2688 Lucina]
523 2647 602 2678 Sive
614 2647 711 2688 eligis
723 2649 839 2680 vocari

143 2698 285 2739 Lucina,
302 2698 381 2739 quia
402 2706 500 2738 opem
514 2696 583 2728 fers
604 2696 790 2729 infantibus
803 2698 838 2730 in

143 2748 256 2780 lucem
283 2746 540 2788 prodeuntibus.
584 2746 707 2778 Probas
720 2748 838 2788 vocari]

147 2797 287 2832 Curiose
300 2795 528 2829 observabant
540 2798 674 2828 veteres
685 2800 723 2830 ut
735 2797 843 2838 Deos,

1476 276 1591 318 1583

893 376 921 407 si
947 386 1015 409 non
1044 377 1212 415 omnibus,
1232 381 1269 408 at
1292 376 1412 407 saltem
1441 379 1592 417 gratissi·

893 425 954 456 mis
971 426 1159 458 nominibus
1172 426 1384 457 invocarent.
1418 427 1469 457 Eo
1485 427 1591 467 igitur

891 474 964 506 haec
992 475 1096 506 verba
1127 480 1305 516 spectant:
1331 480 1369 507 nt
1397 484 1438 507 n.
1461 476 1535 508 Sat.
1558 481 1591 509 6.

891 524 902 541 ⁴
919 524 1093 556 Matutine
1109 530 1221 565 pater,
1238 534 1299 556 seu
1321 525 1409 558 Jane
1429 525 1593 558 libentius

891 572 1012 604 audis:
1065 573 1238 605 Victorius
1266 575 1349 607 Var.
1377 575 1476 607 Lect.
1506 584 1592 608 xm.

890 630 920 652 c.
939 624 990 652 11.
1016 621 1162 654 Torrent-

933 673 974 701 16
996 671 1059 702 Seu
1078 673 1244 714 genitalis]
1264 674 1332 706 Seu
1355 674 1460 706 mavis
1477 676 1592 707 vocari

891 722 987 752 Luna
1011 721 1054 752 ad
1085 723 1290 763 gignendum
1321 725 1447 756 valens.
1503 725 1591 757 Nam

891 771 984 802 velut
1004 771 1094 802 Solis
1121 773 1215 803 calor
1237 774 1378 814 animat,
1399 774 1448 805 sic
1471 775 1593 806 humor

892 821 996 852 Lunae
1030 821 1140 853 nutrit
1170 827 1206 854 et
1236 823 1356 863 giguit.
1417 823 1594 864 Genitalis]
1649 828 1652 831 “

890 870 1009 902 Lamb.
1026 875 1062 902 et
1077 872 1132 903 alii
1146 871 1201 904 hic
1216 872 1474 913 interpungunt.
1519 874 1592 914 Ego

890 926 967 961 post
990 921 1175 954 dictionem
1199 922 1287 954 Diva
1309 923 1504 964 interpungi
1522 933 1592 954 ma-

890 970 961 1007 lim,
977 975 1014 1003 ut
1031 980 1096 1002 non
1110 971 1267 1003 absolute
1281 973 1291 991 ‘
1303 972 1452 1004 Dianam
1463 973 1592 1010 genita-

891 1020 978 1052 lem'
1007 1021 1173 1061 nominet,
1202 1022 1263 1053 sed
1290 1024 1300 1040 ¹
1318 1023 1502 1063 genitalem
1529 1023 1592 1054 Di·

890 1070 990 1101 vam.'
1029 1071 1076 1102 Et
1092 1071 1202 1102 Diana
1217 1072 1353 1112 quidem
1370 1081 1431 1103 cur
1441 1071 1593 1112 genitalis

890 1119 984 1151 dicta
998 1120 1056 1159 sit,
1072 1129 1114 1155 ex
1130 1121 1210 1161 ipsis
1221 1120 1341 1152 Poetae
1359 1121 1472 1152 verbis
1489 1119 1591 1152 facile

890 1174 1055 1210 apparet:
1081 1170 1255 1210 subjungit
1274 1171 1434 1201 Producos
1451 1170 1594 1211 sobolem,

891 1223 927 1250 et
950 1223 1032 1250 ante
1057 1223 1182 1251 matres
1203 1220 1252 1250 illi
1267 1219 1529 1259 commendavit,
1554 1224 1594 1252 ut

890 1272 1021 1300 taceam
1047 1278 1114 1300 non
1152 1269 1261 1300 solum
1291 1269 1326 1299 in
1356 1269 1502 1309 edendo,
1529 1267 1592 1300 sed

890 1317 993 1348 etiam
1025 1317 1060 1348 in
1091 1317 1316 1358 concipiendo
1336 1321 1436 1357 partu
1462 1318 1591 1349 Lunam

891 1367 1070 1406 plurimum
1092 1377 1204 1407 posse.
1248 1367 1376 1399 Verum
1398 1367 1507 1406 major
1529 1367 1590 1397 du-

889 1415 1020 1453 bitatio,
1052 1425 1095 1446 an
1135 1419 1269 1446 certum
1306 1414 1441 1456 aliquod
1481 1424 1591 1455 genus

890 1464 1038 1495 Deorum
1055 1464 1172 1499 sintii,
1187 1474 1271 1505 qnos
1290 1464 1299 1481 ‘
1313 1463 1509 1496 Genitales’
1532 1474 1592 1505 ap-

888 1513 1039 1553 pellabat
1061 1513 1257 1554 antiquitas,
1277 1522 1319 1544 an
1341 1522 1456 1544 omnes
1479 1514 1591 1553 potius

889 1563 937 1594 sic
953 1563 1019 1595 dici
1034 1564 1179 1605 possint.
1224 1565 1271 1595 Et
1294 1573 1375 1596 sane
1398 1564 1431 1595 in
1457 1564 1592 1596 nniver-

888 1622 976 1652 sum,
991 1622 1034 1644 ex
1053 1613 1337 1653 Philosophorum
1360 1613 1474 1653 plnres
1497 1614 1591 1645 Deos

887 1664 1109 1695 statuentium
1125 1664 1311 1704 sententia,
1326 1665 1476 1704 Deorum
1492 1665 1594 1696 simul

888 1712 1037 1744 omnium
1065 1721 1131 1753 ope
1158 1722 1198 1744 ac
1225 1711 1392 1743 beneficio
1418 1713 1592 1743 nascimur

890 1761 1097 1802 alimur-que:
1124 1771 1240 1793 verum
1262 1762 1289 1792 si
1311 1760 1488 1801 poetarum
1510 1771 1591 1793 con-

888 1810 1101 1842 suetudinem
1117 1811 1292 1852 respicias,
1301 1810 1444 1842 diversis
1456 1810 1592 1842 diversa

889 1857 1002 1890 officia
1018 1859 1252 1896 tribuentium,
1271 1860 1435 1891 Genitales
1453 1861 1591 1900 proprie

888 1907 971 1938 dicti
995 1907 1166 1948 videntur,
1183 1918 1266 1950 quos
1282 1917 1350 1939 non
1372 1917 1440 1939 uno
1459 1909 1493 1940 in
1513 1909 1591 1940 loco

887 1956 1064 1994 γενεθλίους
1087 1957 1180 1989 libris
1202 1957 1246 1989 de
1268 1957 1415 1998 Legibus
1438 1959 1591 1999 appellat

888 2006 1004 2047 Plato,
1018 2017 1080 2039 nos
1091 2008 1195 2039 etiam
1207 2009 1369 2040 natalitios
1382 2007 1497 2040 dicere
1514 2019 1592 2049 pos·

887 2056 1001 2088 simus.
1046 2057 1088 2088 In
1116 2057 1239 2098 quibus
1266 2056 1428 2088 familiam
1459 2057 1591 2091 ducunt

886 2103 1013 2145 Apollo
1029 2109 1065 2137 et
1078 2106 1202 2145 Diana,
1217 2106 1364 2137 maxime
1382 2107 1410 2136 si
1432 2107 1591 2138 coelestes

887 2153 1048 2193 gignendi
1079 2164 1217 2186 caussas
1241 2155 1483 2196 respiciamus:
1511 2167 1588 2188 nam

886 2202 1004 2234 Venus
1020 2204 1169 2244 genitrix
1185 2209 1262 2236 tota
1283 2205 1397 2246 potius
1414 2207 1592 2238 terrestris

886 2255 940 2282 est
956 2251 1032 2283 dea.
1057 2253 1201 2285 Torrent-

931 2303 970 2332 17
986 2301 1072 2332 Dica
1083 2302 1251 2343 producas]
1266 2303 1298 2335 Ο
1317 2304 1421 2344 Diva,
1439 2308 1474 2336 te
1490 2315 1589 2346 roga-

888 2359 960 2380 mus
973 2355 1013 2381 ut
1030 2352 1200 2390 producas
1216 2353 1367 2384 sobolem
1389 2355 1590 2392 Romanam,

888 2404 993 2446 utque
1009 2408 1190 2440 prosperes
1204 2401 1507 2434 Senatusconsulta
1532 2413 1587 2434 su-

889 2459 952 2490 per
966 2447 1113 2482 foeminis
1129 2452 1164 2482 in
1179 2452 1392 2484 matrimonio
1416 2454 1588 2485 collocan-

888 2499 954 2539 dis,
979 2503 1014 2530 et
1038 2509 1138 2540 super
1163 2501 1240 2541 lege
1263 2502 1422 2542 maritali,
1444 2512 1520 2543 quae
1542 2503 1588 2534 sit

888 2548 983 2580 ferax
1000 2549 1104 2590 prolis
1123 2559 1232 2581 novae.
1614 2584 1618 2587 ,

933 2602 973 2630 18
995 2600 1155 2638 Jugaudis
1171 2599 1336 2641 Foemim's]
1356 2600 1446 2632 Vide
1459 2610 1500 2633 11.
1517 2602 1586 2634 Od.

889 2653 921 2680 5.
942 2651 951 2666 ‘
966 2650 1072 2680 Ferre
1082 2648 1228 2690 jugum,'
1245 2651 1309 2680 διο.

934 2702 974 2730 19
997 2699 1159 2739 Prolisque
1183 2707 1271 2729 novae
1284 2698 1391 2737 feraci
1412 2698 1497 2740 Lege
1519 2711 1586 2732 mu-

889 2748 970 2790 rita]
994 2749 1103 2779 Locus
1124 2748 1275 2780 nonnihil
1298 2746 1462 2780 difficilis:
1486 2759 1585 2791 quem

891 2803 929 2830 ut
944 2797 1164 2839 explicemus,
1175 2796 1363 2830 monendus
1376 2797 1488 2831 obiter
1502 2800 1588 2832 Lec-
