1890 3230
375 291 485 333 1742

375 397 550 433 cognatam
580 401 598 422 e
636 390 838 430 Pythagorae
873 389 1053 428 sententia,

374 443 431 473 sed
460 446 581 483 praeter
613 439 895 479 expectationem,
926 439 1051 479 Pytha-

373 499 464 530 gorae
493 491 667 527 cognatam
691 488 832 518 vocavit.
874 487 972 519 Quod
998 496 1052 517 ur-

373 538 500 571 bunius,
523 541 557 567 et
584 536 690 576 magis
718 537 852 567 salsum.
889 535 1051 567 Heinsius.

373 587 459 617 Faba
488 586 676 625 Pythagor-ce
699 585 843 625 cognata]
877 585 971 616 Inter
997 594 1052 615 va-

373 635 439 665 rias
453 635 626 675 opiniones
647 643 708 666 cur
731 644 751 665 a
774 634 860 665 fabis
883 633 1053 664 abstinere

372 685 575 726 praeceperit
595 685 812 726 Pythagoras,
837 694 903 716 non
925 688 1053 724 postre-

372 744 426 765 mo
442 735 515 766 loco
530 734 681 773 liabetur,
695 733 795 775 quod,
810 739 846 765 nt
862 734 966 774 inquit
982 733 1051 764 Pli-

371 783 459 820 nius,
479 787 685 814 mortuornm
701 783 819 813 animae
835 782 901 813 sint
925 783 956 812 in
981 782 1051 819 eis;

371 841 438 871 qna
467 831 509 861 de
545 839 662 861 caussa
697 830 900 869 parentando
935 831 1050 869 utique

372 878 449 910 faba
463 879 654 909 assumitur.
696 879 804 908 Varro
819 879 917 908 etiam
934 878 977 908 ab
988 878 1051 908 hoc

372 927 554 958 Flaminem
570 934 611 956 es
635 935 701 956 non
716 926 807 956 vesci
823 926 945 964 tradit;
970 935 1051 966 qno-

371 974 460 1005 niam
485 974 518 1004 in
541 972 624 1004 flore
650 973 721 1013 ejus
746 974 870 1004 litterae
892 974 1051 1014 lugubres

371 1022 599 1062 reperiuntur.
642 1022 719 1053 Huc
734 1031 814 1061 ergo
838 1018 959 1053 'alludit
981 1022 1052 1053 Ho-

371 1071 489 1110 ratius,
500 1071 509 1087 ‘
527 1070 730 1110 Pythagorae
738 1069 849 1101 fabam
864 1070 1052 1110 cognatam’

371 1129 494 1151 vocans
511 1129 519 1150 :
542 1120 598 1150 ille
611 1119 699 1150 enim
715 1125 875 1159 cognatas
890 1128 964 1150 esse
984 1121 1053 1150 ani-

371 1177 442 1199 mas
453 1168 574 1199 statuit
581 1177 788 1209 quocumque
799 1167 932 1198 tandem
946 1172 1053 1199 trans-

371 1219 581 1258 migrassent.
637 1219 760 1249 Posset
788 1218 890 1248 etiam
911 1218 952 1248 ad
980 1227 1053 1249 nas-

371 1267 469 1298 cendi
483 1266 656 1308 quamdam
674 1266 924 1297 similitudinem
947 1266 1052 1298 refer-

371 1316 411 1346 ri.
456 1316 542 1348 Nam
555 1325 700 1347 summus
715 1320 834 1346 auctor
847 1315 1053 1355 Theophras-

372 1369 436 1402 tus,
459 1363 658 1404 principium
685 1364 893 1404 germinandi
921 1365 954 1395 in
975 1363 1052 1396 faba

370 1413 512 1444 membri
535 1413 642 1444 instar
666 1413 789 1443 habere
814 1412 931 1451 tradit,
951 1413 1051 1453 idque

371 1463 471 1493 etiam
488 1463 522 1492 in
537 1463 646 1493 cicere
661 1466 697 1492 et
712 1462 825 1501 lupino
840 1462 944 1492 cerni.
964 1462 1052 1492 Torr.

371 1510 458 1541 Faba
473 1511 663 1550 Pythagorae
683 1514 826 1548 cognata,
839 1510 998 1548 simulque]
1023 1509 1051 1540 A

371 1557 449 1589 faba
470 1558 682 1597 Pythagoras
698 1557 867 1595 abstinuit,
882 1557 973 1596 quasi
990 1557 1052 1587 sibi

371 1614 446 1635 cum
462 1614 503 1635 ea
518 1605 673 1643 cognatio
688 1605 797 1643 aliqua
811 1609 910 1642 esset,
928 1605 1053 1634 veritus

373 1662 416 1684 ne
428 1653 460 1682 in
477 1651 587 1682 fabam
603 1650 745 1692 aliquam
755 1651 880 1681 animus
891 1656 1052 1691 paternus

370 1700 604 1740 immigrasset.

412 1752 454 1781 64
477 1747 653 1788 ponentur]
675 1747 908 1788 Apponentur.

411 1802 452 1830 65
479 1799 508 1828 0
531 1801 633 1829 noctes
659 1806 809 1836 coenaeque
829 1795 942 1835 Deum]
964 1796 1052 1826 Deo-

371 1857 444 1879 rum
465 1847 573 1878 omnia
603 1847 695 1884 laeta,
710 1844 904 1885 tranquilla,
925 1845 1051 1883 suavia,

371 1905 510 1927 secura:
541 1895 626 1926 tales
652 1897 775 1930 autem,
799 1898 925 1924 semota
949 1893 1051 1923 ambi-

371 1946 463 1976 tione
485 1953 524 1975 ac
549 1947 652 1982 metu,
674 1942 869 1973 rusticorum
890 1946 926 1973 et
946 1942 1050 1972 somni

371 1998 406 2024 et
421 2002 536 2024 coenae.
557 1991 730 2023 Turnebus
745 1999 825 2021 xm.
842 1993 890 2021 1⁷.
909 1993 945 2020 et
959 1998 1051 2021 xvii.

372 2043 585 2073 1⁷.-Torrent.
639 2041 669 2070 0
696 2043 797 2070 noctes
818 2039 979 2078 coenaeque]
1017 2039 1048 2069 Ο

371 2095 545 2121 nocturnae
567 2098 656 2120 cura».
681 2097 797 2119 suaves
822 2091 858 2118 et
876 2086 1051 2126 jucundae,

373 2138 487 2178 quales
502 2142 575 2169 erat
589 2138 735 2168 Deorum
756 2145 870 2167 coenae.

411 2188 455 2216 66
487 2186 570 2217 Ante
601 2185 714 2215 Larem
745 2184 916 2223 proprium]
959 2181 1050 2212 Ante

370 2235 483 2266 Deum
518 2232 734 2264 domesticum
777 2236 812 2262 et
842 2230 1052 2262 familiarem.

375 2283 549 2322 Vernaeque
559 2281 714 2321 procaces]
738 2279 926 2310 Audaculos
939 2287 1052 2310 servos

372 2331 462 2362 domi
477 2333 602 2361 nostrae
613 2332 721 2359 natos.

412 2381 453 2411 67
475 2377 597 2410 Libat&
619 2375 761 2417 dapibus]
784 2375 962 2416 Ingeniose
980 2375 1051 2416 qui·

371 2429 446 2460 dem
461 2427 634 2459 Turnebus
649 2428 744 2457 νι.7.
767 2425 830 2456 hoc
844 2425 885 2456 ad
902 2428 1052 2456 veterum

371 2476 564 2517 religionem
598 2474 726 2506 refert:
759 2473 827 2514 qui,
855 2478 944 2505 teste
967 2473 1051 2504 Var-

373 2535 454 2557 rone
470 2524 558 2565 apnd
575 2523 734 2564 Nonium,
755 2526 790 2554 et
808 2522 990 2554 Plutarcho
1009 2523 1052 2554 de

371 2576 520 2607 Fortuna
535 2575 771 2613 Romanorum,
786 2582 890 2604 coenae
906 2572 1053 2613 particu-

371 2625 436 2655 lam
451 2625 528 2656 Lari
544 2632 671 2654 sacram
682 2622 714 2653 in
729 2621 839 2654 focum
851 2621 1051 2659 mittebant;

373 2674 460 2713 quod
475 2674 485 2692 ‘
498 2674 530 2705 in
546 2673 701 2714 patellam
717 2671 798 2703 dare
809 2670 818 2685 '
838 2670 996 2702 dicebant
1011 2678 1051 2702 ac

371 2723 496 2754 ‘libare
511 2721 637 2763 dapes!
679 2721 747 2753 Sed
761 2724 872 2752 tamen
893 2719 1051 2751 Lambino

373 2770 483 2811 potius
496 2770 671 2804 assentior.
712 2771 768 2802 De
781 2769 890 2802 vernis
903 2769 990 2800 enim
1005 2768 1051 2799 lo-

828 298 964 328 NOTAE
997 298 1212 328 VARIORU
1221 299 1251 328 Μ
1286 299 1335 329 lN

1103 389 1224 430 quitur.
1252 389 1307 430 qni
1340 389 1453 421 lierilis
1482 398 1603 421 mensae
1633 387 1778 431 reliqniis

1101 438 1333 479 pascebantur,
1348 442 1381 470 et
1403 438 1472 469 fere
1494 439 1625 479 quidem
1649 449 1778 471 accom-

1101 485 1249 517 bentium
1285 490 1320 517 et
1348 495 1447 518 mann
1473 488 1599 519 sumtis.
1637 489 1776 520 Torrent-

1102 534 1223 566 Libutia
1237 535 1373 575 dapibus,
1383 540 1472 576 prout
1487 535 1608 576 cniqtoe]
1625 537 1778 578 Dapibus

1103 593 1123 614 a
1143 592 1195 614 me
1215 584 1307 624 prius
1321 584 1504 624 degustatis
1518 590 1555 617 et
1578 586 1696 617 leviter
1711 591 1779 618 tac-

1102 630 1156 662 tis.

1142 682 1185 710 68
1206 679 1308 711 Siccae
1319 681 1482 721 inoequales
1490 682 1612 723 calices]
1626 683 1717 714 Tunc
1730 682 1780 714 in·

1103 729 1249 768 aequales
1267 730 1386 761 calices
1410 731 1592 769 siccantur,
1615 740 1704 770 cum,
1725 731 1780 772 qui

1101 777 1175 817 plus
1200 782 1311 817 potest
1338 778 1464 820 bibere,
1485 780 1559 820 plus
1583 779 1691 811 bibit:
1723 780 1780 820 qui

1101 825 1206 856 minus
1223 830 1346 866 potest,
1371 836 1436 858 non
1462 829 1615 867 cogitur;
1638 828 1697 859 sed
1713 828 1780 859 ani-

1101 881 1155 903 mo
1183 882 1241 903 suo
1264 874 1471 915 obsequitur,
1492 885 1555 908 nec
1576 886 1678 916 supra
1693 877 1779 907 vires

1103 929 1177 950 suas
1188 920 1273 952 bibit
1285 931 1293 951 z
1318 926 1353 952 at
1364 922 1419 952 ubi
1431 923 1486 954 lex
1497 924 1614 956 eadem
1627 926 1778 957 omnibus

1102 968 1238 999 bibendi
1253 969 1408 1010 imposita
1422 975 1486 1010 est,
1500 971 1578 1002 huic
1595 980 1714 1012 parere
1730 979 1779 1005 te-

1103 1022 1223 1048 nentur
1253 1026 1296 1048 ex
1325 1027 1420 1059 aequo
1447 1019 1573 1059 pusilli,
1607 1020 1778 1061 timidique

1088 1074 1093 1080 ’
1103 1070 1273 1106 potatores
1284 1076 1358 1098 cum
1368 1067 1595 1099 valentissimis
1602 1071 1638 1099 et
1648 1077 1781 1108 promp-

1104 1115 1259 1146 tissimis:
1291 1119 1327 1146 et
1353 1120 1434 1146 tnnc
1457 1116 1600 1156 aequales
1629 1116 1780 1148 omnibns

1103 1164 1225 1195 calices
1251 1164 1459 1197 hauriuntur.
1501 1166 1606 1198 Sic-eat
1619 1158 1781 1208 ina-imatos

1101 1212 1224 1252 calices]
1267 1213 1381 1245 Ebibit
1416 1214 1536 1245 calices
1572 1215 1781 1256 inaequaliter

1103 1262 1232 1302 plenos,
1258 1271 1318 1302 pro
1346 1272 1406 1294 sno
1430 1264 1571 1305 quisque
1603 1264 1780 1296 arbitratu.

1102 1309 1299 1350 Inoequaleis]
1323 1311 1492 1344 Quantum
1522 1313 1662 1354 quisque
1686 1314 1779 1354 velit,

1101 1368 1159 1390 suo
1186 1369 1318 1400 nempe,
1349 1369 1414 1391 nou
1450 1361 1602 1401 magistri
1630 1361 1781 1393 arbitrio.

1101 1410 1111 1425 ‘
1125 1407 1276 1440 Insanae'
1301 1413 1412 1440 autem
1433 1414 1442 1428 ‘
1458 1409 1593 1441 bibendi
1619 1409 1725 1449 leges'
1747 1420 1780 1440 a·

1103 1456 1169 1495 pud
1191 1457 1336 1489 Plinium
1360 1462 1510 1490 extremo
1532 1458 1592 1490 lib.
1607 1466 1682 1491 xiv.
1708 1459 1780 1490 Tor-

1101 1508 1180 1535 rent.

1141 1555 1184 1582 (39
1205 1553 1346 1584 Insania.-
1367 1563 1421 1584 seu
1439 1555 1506 1594 quis
1519 1555 1617 1595 cupit]
1642 1555 1712 1586 Per
1732 1556 1779 1586 le-

1101 1610 1158 1640 ges
1175 1601 1372 1640 praefinitum
1383 1608 1457 1633 erat
1470 1604 1618 1634 convivis
1634 1613 1653 1634 a
1666 1604 1780 1635 biben-

1101 1649 1134 1679 di
1156 1650 1333 1690 Magistro,
1355 1656 1514 1690 quantum
1527 1652 1667 1692 quisque
1686 1653 1779 1684 bibe-

1101 1701 1166 1728 ret.
1209 1697 1424 1736 Acriasortis]
1447 1697 1599 1729 Grandia
1610 1700 1739 1738 pocula.

1142 1748 1184 1777 70
1206 1746 1268 1777 Seu
1289 1745 1429 1786 modicis]
1452 1746 1518 1778 Seu
1544 1746 1673 1778 modico
1698 1752 1780 1788 potu

1100 1794 1299 1826 delectatur.
1340 1795 1475 1826 Modicia
1494 1795 1643 1826 humescit
1663 1797 1780 1837 loetim]

1100 1844 1199 1874 Tales
1223 1843 1462 1883 potatiunculae
1490 1843 1558 1874 inae
1589 1843 1782 1885 Socraticae,

1100 1901 1158 1923 seu
1187 1891 1384 1932 Platonica»,
1414 1892 1442 1922 si
1465 1891 1583 1930 mavia,
1597 1890 1640 1922 de
1663 1892 1780 1932 quibus

1100 1940 1229 1972 Gellius
1245 1949 1308 1972 xv.
1327 1940 1439 1980 capite
1453 1942 1504 1972 ll.
1529 1939 1723 1972 Macrobius
1739 1950 1780 1972 u.

1099 1998 1177 2028 cap.
1193 1989 1254 2020 ult.
1278 1990 1417 2021 Tor-rent.

1140 2041 1179 2070 71
1203 2039 1310 2070 Sermo
1324 2039 1438 2080 oritur]
1459 2039 1574 2071 Sermo
1588 2039 1781 2079 convivalis,

1099 2087 1133 2118 in
1149 2097 1243 2119 coena
1253 2088 1390 2120 rustica.

1140 2139 1182 2167 72
1203 2135 1315 2175 Lepos]
1336 2136 1497 2167 Nonnulli
1518 2136 1652 2168 codices
1676 2136 1780 2176 Nepos

1099 2183 1244 2214 habent:
1280 2184 1315 2213 in
1341 2184 1447 2214 veteri
1479 2187 1588 2214 tamen
1616 2184 1700 2214 libro
1720 2185 1778 2214 ad-

1100 2231 1274 2270 scriptum,
1304 2231 1315 2266 ‘,
1331 2231 1442 2270 Lepos
1463 2230 1606 2262 Caesaris
1626 2231 1778 2262 archimi-

1101 2280 1145 2310 mi
1169 2278 1323 2310 nomen:’
1348 2279 1471 2318 placet.
1498 2279 1638 2310 Torrent-
1680 2279 1778 2319 Lepos

1100 2328 1207 2368 saltet]
1226 2328 1335 2368 Lepos
1363 2327 1499 2367 insignis
1525 2328 1680 2367 saltator,
1708 2330 1776 2359 Au-

1101 2377 1190 2418 gusti
1205 2386 1330 2408 scurra.

1142 2428 1161 2456 7
1165 2428 1184 2456 5
1210 2425 1301 2464 Um,
1313 2423 1481 2464 rectumne]
1503 2423 1651 2464 Utilitas,
1665 2434 1707 2456 an
1721 2425 1777 2458 ho-

1099 2478 1226 2505 nestas.

1140 2525 1182 2553 76
1203 2522 1415 2562 Summumque
1437 2521 1528 2562 quid]
1560 2521 1606 2553 Et
1626 2521 1705 2563 quid
1732 2523 1776 2554 sit

1100 2580 1260 2603 summum
1273 2571 1405 2602 bonum.

1141 2623 1181 2651 77
1205 2618 1316 2650 Gar-rit
1329 2617 1440 2657 aniles]
1470 2616 1608 2649 Cervius
1624 2617 1775 2658 jucunde

1100 2672 1213 2700 narrat
1230 2667 1382 2707 vulgares
1395 2665 1536 2697 fabulas.

1140 2719 1182 2748 78
1205 2717 1258 2747 Ex
1271 2715 1320 2755 re]
1342 2714 1383 2746 Id
1399 2718 1465 2754 est,
1479 2723 1541 2754 pro
1557 2723 1593 2746 re
1609 2718 1687 2746 nata
1701 2725 1711 2747 =
1737 2718 1774 2746 nt

1101 2770 1110 2784 ⁸
1126 2775 1186 2807 pro
1208 2764 1303 2806 loco,’
1322 2768 1332 2782 ¹
1344 2773 1405 2806 pro
1427 2765 1605 2806 tempore‚’
1623 2765 1772 2798 (lichnus.
