1916 3262
484 293 693 327 nonxrn
727 292 1009 324 c-Amwmum
1045 294 1141 324 mn.
1176 294 1250 323 111.
1279 282 1323 324 3.

166 387 210 419 da
228 387 334 419 Roma
348 395 471 419 nomen
487 394 585 418 sunm
601 385 635 416 iu
650 382 786 415 ultimas
801 386 871 414 ter-

166 448 280 470 rarum
293 447 369 470 oras
381 437 559 471 extendat.
582 436 689 468 Romu
700 433 871 476 (inquam)

168 488 290 520 sortior
316 498 492 530 spernere,
522 487 558 519 id
579 491 647 526 est,
672 485 797 519 fortior
827 486 869 518 ad

167 538 397 580 spernendum
434 546 566 578 aurum,
594 545 694 578 quam
732 545 871 577 cogere.

167 588 376 630 Irrepertsm]
401 588 530 621 Aurum
551 586 702 620 nondum
726 595 770 618 ex
795 586 870 619 suri

165 639 291 672 fodinis
304 638 478 672 effossum.

209 692 252 722 50
274 689 432 732 Spernere
448 686 586 729 sortior]
609 688 721 721 Roma
745 686 871 719 fortior

167 744 204 772 et
220 740 328 781 magis
349 740 481 772 mnnita
504 739 550 771 sit
574 738 640 770 hoc
665 737 757 779 ipso,
780 735 871 778 qnod

167 799 288 822 aurum
310 789 518 831 irrepertum
543 791 580 820 et
597 787 746 821 nondum
765 787 872 818 visum

166 838 222 880 (et
237 839 286 871 sic
300 847 376 870 cnm
393 843 485 871 terra
500 837 585 870 illud
601 837 691 870 celat
708 837 756 869 ibi
777 836 873 868 meli-

165 898 207 921 us
229 889 346 928 sitnm,
373 899 474 931 quam
505 898 580 922 cum
608 889 698 920 inter
722 887 874 919 homiues

166 938 342 980 versatur)
359 939 429 971 alto
443 940 556 971 animo
573 939 682 981 possit
698 946 874 979 spernere,

166 999 268 1037 quam
279 990 436 1022 Deorum
453 989 652 1027 simulacra,
669 992 704 1019 et
720 987 874 1028 gentium

166 1041 380 1073 devictarum
397 1049 545 1077 sacrum,
572 1040 604 1072 vi
630 1039 756 1071 bellica
771 1043 809 1071 et
822 1048 874 1071 ra-

169 1089 287 1130 piente
307 1090 458 1122 dextera·
474 1091 509 1122 iu
535 1091 699 1122 humanos
714 1098 795 1121 usus
818 1098 875 1121 co-

167 1149 262 1181 gere,
284 1145 322 1172 et
343 1141 421 1172 Diis
442 1146 647 1173 consecrata
670 1139 714 1171 ad
738 1149 793 1171 res
815 1149 876 1172 ne-

168 1190 335 1222 cessarias
348 1195 565 1223 convertere.
586 1190 704 1222 Labin.
757 1189 876 1232 [Bam-

171 1241 268 1282 berg.
282 1242 373 1273 cedat
384 1251 396 1273 .·
419 1241 570 1282 Guelpb.
584 1241 692 1282 celem]

213 1293 254 1323 51
281 1292 403 1332 cogere
422 1291 572 1323 humanos
587 1291 623 1323 in
636 1291 727 1333 usus]
767 1291 878 1323 Recto

167 1351 296 1382 cogere:
331 1342 398 1374 vim
422 1341 512 1373 enim
543 1341 698 1373 intulisse
726 1341 877 1378 videtur,

166 1392 225 1433 qui
247 1401 381 1431 aurum,
404 1390 534 1422 intimis
558 1394 661 1422 terrae
687 1389 877 1422 visceribus

166 1440 382 1473 reconditum
398 1449 419 1472 a
433 1439 610 1481 natura‚in
626 1439 782 1471 bumanae
795 1440 876 1471 vitae

166 1491 356 1532 perniciem
372 1490 570 1532 protulerit,
589 1487 634 1522 ab
648 1490 786 1532 optimis
803 1490 876 1532 qui-

162 1540 300 1583 busque
313 1540 505 1572 convitium
520 1540 740 1581 proscissum.
785 1541 875 1573 Nam

168 1593 179 1610 ⁴
197 1591 291 1626 Quid
318 1599 387 1623 non
421 1589 581 1624 mortalia
604 1597 746 1633 pectora
772 1593 876 1634 cogis,

167 1641 254 1674 Auri
271 1651 368 1674 sacra
383 1641 525 1675 famesl’
547 1643 640 1675 Torr.

209 1693 252 1724 52
275 1691 432 1734 nuptm
458 1692 590 1734 dextra]
626 1693 772 1730 Dextra,
798 1702 875 1735 quae

168 1743 275 1775 sacris
288 1749 359 1775 non
373 1744 499 1785 parcit.

211 1794 253 1825 5⁸
279 1790 400 1825 nando
416 1792 585 1832 terminus]
621 1793 679 1824 Ita
694 1795 766 1824 tres
783 1792 877 1824 codi-

169 1844 233 1874 ces
242 1840 373 1883 legunt,
387 1851 455 1874 uon
470 1843 598 1873 mundi:
621 1846 659 1874 et
673 1851 752 1873 mox
771 1841 875 1873 etiam

170 1891 287 1934 plures
316 1896 430 1933 tanget
454 1901 517 1933 pro
540 1895 666 1933 tangat.
720 1891 878 1923 Mundum

169 1947 283 1976 autem
295 1943 351 1976 hic
368 1948 470 1976 vocat
484 1943 608 1980 Poe'ta,
624 1948 726 1975 terrae
741 1947 876 1984 partem

171 1993 406 2036 habitabilem,
415 2003 515 2036 quam
529 1993 671 2026 Romani
685 1993 787 2025 armis
800 2001 877 2033 per-

170 2044 316 2076 scrutati
330 2047 422 2076 suut.
438 2044 527 2076 Tam
558 2044 723 2075 Terminus
738 2042 880 2085 obstitit]

170 2093 278 2126 Polus
291 2093 581 2136 Septentrionalis
597 2099 633 2126 et
649 2093 832 2126 Australis.

210 2147 256 2177 64
278 2144 376 2177 Hunc
403 2144 534 2186 tangat]
565 2144 670 2177 Arma
697 2154 804 2187 usque
834 2154 876 2177 eo

171 2193 280 2227 Roma
297 2193 435 2227 inferat.
476 2194 644 2236 [Guelpb.
660 2195 763 2227 insere
775 2194 875 2235 gesti-

170 2254 236 2278 ens.
280 2242 479 2278 Markland.
494 2246 619 2279 vincere
631 2245 800 2286 gestiam]

215 2299 255 2327 55
280 2295 351 2332 Qua
363 2297 470 2339 purte]
489 2297 597 2330 Juxta
623 2296 788 2329 torridam
812 2295 876 2328 Zo-

173 2354 266 2387 nun,
295 2346 353 2378 ubi
380 2347 480 2378 saevit
505 2347 625 2388 ingens
652 2348 732 2379 solis
763 2352 878 2379 aestus.

174 2395 265 2428 Vide
280 2405 308 2427 r.
324 2395 394 2428 Od.
409 2399 464 2429 21.
503 2397 672 2438 [Guelph.
688 2397 876 2429 debacchan-

175 2445 254 2485 tun]

219 2498 263 2526 56
285 2495 358 2531 Qua
370 2495 502 2536 nebule]
526 2495 698 2529 circulum
714 2497 880 2540 intelligit

176 2544 352 2587 utriusque
369 2545 454 2585 poli,
474 2545 533 2577 ubi
548 2546 693 2578 mundus
709 2551 880 2589 perpetua

178 2595 290 2637 glaeie
305 2595 503 2635 obrigescit.
554 2632 557 2634 ,

218 2648 260 2677 57
285 2644 368 2677 Fata
385 2643 580 2685 Quiritibus]
602 2644 690 2677 Ha’c
712 2644 787 2677 fata
812 2646 879 2678 Ro-

177 2695 285 2727 manis
301 2695 451 2737 praedico
471 2700 508 2727 et
529 2694 704 2736 confirmo,
721 2702 758 2727 nt
775 2696 880 2728 totius

167 2745 294 2777 ¹mnndi
309 2745 379 2778 sint
403 2744 660 2787 Imperatores;
681 2754 800 2778 verum
817 2746 880 2778 sub

166 2795 386 2837 conditione,
401 2804 523 2838 nempe
539 2803 582 2828 ne
598 2795 737 2828 nimium
763 2796 824 2838 pii,
845 2795 879 2828 id

1517 284 1631 328 1439

925 386 994 423 est,
1009 391 1052 414 ne
1065 382 1205 414 nimium
1221 384 1375 414 amantes
1389 381 1499 423 Trojae
1523 383 1632 424 (unde

925 438 1004 465 sunt
1017 433 1101 475 orti)
1117 433 1223 464 velint
1240 441 1415 474 reparare,
1431 433 1496 464 ὅτε.

967 486 1010 515 59
1033 484 1198 525 Rebusque
1210 482 1364 526 fidentes]
1388 482 1634 516 Potentissimo

924 533 1068 575 imperio
1094 533 1190 566 freti.
1235 533 1345 566 Avitoe
1373 532 1493 575 Trojae]
1526 533 1635 566 Roma

924 586 1015 619 enim
1031 586 1260 628 Trojanorum
1277 585 1384 618 veluti
1400 585 1537 617 colonia
1547 590 1635 618 erat.

925 637 1042 670 Quare
1071 637 1216 679 imperio
1246 637 1348 679 potiti
1372 637 1444 678 jam
1476 636 1634 677 Romani,

923 687 1068 720 Ilienses
1085 688 1215 729 magnis
1235 696 1330 729 saepe
1354 685 1529 719 beneficiis
1554 685 1636 718 affe-

925 747 1017 770 cere.
1062 738 1164 771 Quod
1181 747 1264 778 ergo
1284 737 1456 770 Junonem
1483 736 1538 768 hic
1564 745 1637 768 mo-

925 792 1064 820 nentem
1080 787 1181 829 fingit
1198 787 1380 828 Horatius,
1405 787 1548 819 Romani
1574 787 1636 818 mi-

926 838 1016 870 nime
1033 837 1285 870 observarunt:
1304 837 1385 880 quin
1402 837 1470 869 imo
1482 837 1636 869 deletum

928 888 1019 920 bello
1033 889 1287 930 Mithridatico,
1304 897 1323 919 a
1339 888 1379 920 C.
1395 887 1547 919 Fimbria
1562 887 1638 919 Sul-

927 940 970 972 lte
993 941 1122 982 legato,
1146 939 1248 972 Ilium
1274 943 1310 971 et
1336 943 1576 971 restaurarunt
1600 943 1638 970 et

930 991 1145 1023 immunitate
1182 990 1370 1022 donarunt.
1422 989 1512 1021 Vide
1545 989 1638 1022 Livii

928 1041 1123 1083 Epitomem
1140 1048 1305 1074 Lxxxm.
1331 1040 1475 1072 Torrent.

972 1094 1012 1124 61
1040 1091 1144 1131 24⁰5·ae
1159 1090 1336 1131 renascens]
1352 1090 1448 1122 Ordo
1464 1093 1538 1122 est:
1555 1091 1637 1122 For·

931 1147 1017 1174 tuna
1029 1142 1147 1183 Trojae
1167 1151 1354 1173 renascens
1381 1141 1463 1172 alite
1487 1139 1637 1181 lugubri,

931 1191 966 1224 id
983 1195 1049 1233 est,
1064 1191 1161 1224 malis
1174 1192 1337 1233 auspiciis
1352 1190 1535 1223 iterabitur
1549 1190 1640 1222 tristi

932 1241 1044 1282 clade,
1066 1252 1121 1274 me
1137 1242 1303 1284 (conjuge
1325 1246 1362 1273 et
1384 1250 1502 1273 sorore
1523 1239 1639 1282 Jovis)

930 1291 1080 1323 ducente
1094 1291 1258 1323 victrices
1275 1296 1445 1323 catervas.

974 1344 1017 1373 62
1044 1341 1143 1372 Tristi
1173 1341 1276 1382 clade]
1299 1342 1453 1373 Flamma
1482 1345 1519 1373 et
1547 1339 1640 1373 ferro

931 1390 1056 1421 iterum
1072 1390 1272 1422 vastabitur.

974 1442 1017 1471 66
1039 1439 1181 1471 Authore
1217 1439 1354 1482 Phoebo]
1405 1440 1565 1473 Muretus
1603 1446 1640 1473 et

931 1491 1102 1533 Cruquius
1109 1491 1252 1522 Duc-lore
1267 1491 1336 1532 legi
1351 1491 1503 1523 malunt:
1520 1500 1639 1532 recep-

931 1548 1000 1574 tam
1025 1547 1139 1574 tamen
1162 1542 1348 1574 lectionem
1373 1551 1486 1583 servo,
1510 1551 1578 1574 non
1595 1543 1639 1574 ob

929 1599 1048 1625 notum
1065 1593 1159 1624 illum
1176 1592 1315 1633 Virgilii
1331 1602 1481 1632 versum,
1495 1601 1515 1623 e
1532 1593 1639 1624 tertio

930 1643 1059 1684 Georg.
1091 1647 1100 1662 ‘
1125 1643 1284 1685 Trosque
1315 1653 1439 1684 parens
1466 1648 1502 1674 et
1528 1643 1639 1683 Trojae

931 1693 1099 1734 Cynthius
1126 1693 1283 1725 auctor:'
1304 1703 1383 1725 uam
1401 1693 1569 1734 Cynthius
1591 1693 1639 1725 ibi

930 1753 999 1775 nou
1014 1743 1184 1784 Apollinis
1201 1753 1402 1784 cognomen,
1426 1742 1485 1774 sed
1507 1742 1640 1784 antiqui

929 1793 1154 1834 Trojanorum
1195 1794 1286 1834 regis
1310 1802 1435 1825 nomen
1464 1797 1539 1824 est:
1577 1792 1640 1824 sed

930 1838 1088 1883 quoniam
1104 1851 1168 1883 pro
1177 1843 1334 1884 Trojanis
1350 1843 1487 1875 stetisse
1502 1852 1641 1885 semper

930 1891 1127 1933 Apollinem
1143 1897 1263 1924 notum
1275 1897 1350 1932 est;
1373 1899 1479 1935 atque
1493 1893 1573 1926 hinc
1591 1893 1640 1925 ait

930 1942 1035 1983 Juno,
1046 1952 1088 1975 ne
1105 1947 1202 1975 tauto
1216 1943 1355 1985 quidem
1370 1949 1510 1976 auctore
1525 1953 1640 1975 resur-

931 1997 1070 2033 gentem
1111 1993 1247 2035 Trojam
1283 2003 1475 2025 mansuram
1508 1993 1641 2026 incolu-

930 2051 1031 2074 mem.
1055 2043 1202 2075 Torrent-
1245 2042 1384 2075 Auctore
1407 2043 1542 2085 Phoebo]
1564 2044 1640 2076 Eti-

931 2092 1013 2124 amsi
1029 2092 1156 2134 Apollo
1177 2093 1223 2125 sit
1248 2093 1359 2134 operis
1376 2093 1501 2135 Autor,
1524 2099 1640 2126 tamen

933 2146 987 2174 ter
1003 2146 1137 2184 pereat,
1152 2145 1219 2174 &c-

983 2196 1026 2226 67
1050 2193 1188 2226 Ecce-im
1217 2192 1365 2234 Argivis]
1412 2194 1639 2236 Expugnatus

933 2243 976 2276 ab
992 2243 1131 2287 Argivis
1145 2245 1242 2286 meis,
1254 2245 1309 2287 qui
1324 2254 1378 2276 me
1390 2244 1492 2287 Argis
1508 2246 1640 2278 colunt.

938 2295 1044 2337 Uxor]
1070 2295 1217 2327 Hecuba
1230 2296 1285 2327 vel
1301 2294 1554 2328 Andromache.

976 2348 1019 2378 68
1046 2346 1167 2386 Virum,
1190 2346 1376 2388 puerosque]
1398 2346 1578 2387 Maritum,
1603 2350 1641 2377 et

932 2396 1023 2428 filios
1039 2406 1145 2428 caesos
1162 2398 1286 2437 ploret.

976 2447 1019 2476 69
1046 2446 1117 2476 Non
1131 2446 1197 2476 hoec
1211 2445 1328 2484 jocosoe
1342 2445 1530 2476 conveniunt
1545 2444 1638 2485 lyrae]

933 2495 1060 2535 Lyrico
1075 2494 1216 2525 carmini
1233 2503 1287 2525 res
1303 2503 1426 2534 graves
1438 2502 1505 2524 non
1518 2501 1641 2524 conve-

933 2545 1044 2576 niunt.
1088 2544 1223 2575 Musam
1246 2544 1354 2583 igitur
1377 2541 1490 2574 Poeta
1512 2546 1642 2582 monet,

933 2600 972 2627 nt
987 2594 1103 2626 humili
1119 2594 1271 2626 carmine
1288 2601 1460 2624 sermones
1483 2593 1640 2625 Deorum

933 2655 1000 2678 non
1017 2645 1206 2677 imminuat.
1250 2643 1320 2675 Alii
1336 2643 1469 2684 legunt,
1496 2642 1570 2675 Non
1584 2643 1640 2675 Ιιοι·

933 2696 1104 2728 conveniet.
1127 2715 1130 2717 -
1678 2724 1681 2726 ,

977 2749 1019 2779 70
1044 2743 1214 2785 Persicam]
1235 2743 1365 2775 Desine
1380 2743 1483 2776 Musa
1503 2742 1636 2775 licenti-

934 2807 995 2830 osa
1017 2802 1053 2829 et
1077 2795 1189 2828 audax
1206 2793 1338 2827 referre
1352 2803 1527 2827 semones
1545 2794 1637 2826 Deo-
