1916 3262
366 283 478 325 1488

363 384 510 424 pendere
525 388 622 425 potes
636 394 718 416 aona
732 385 783 426 (in
803 395 896 417 usum
921 385 1048 426 laquei)

365 442 462 473 quam
478 437 590 465 tecum
603 435 933 468 commodeattulisti.
968 437 1047 476 [Lu-

362 482 434 512 dere
446 484 554 514 collum
569 483 792 514 Schoenbotn.
809 485 855 524 2.]

402 532 442 560 61
468 530 540 561 Sive
553 534 582 561 te
597 540 697 570 rupes,
711 531 782 571 efen]
804 533 911 564 Quale
921 533 1046 564 Leuca-

361 580 406 608 toe
424 578 502 608 olim
525 579 784 618 promontorium
807 581 841 610 in
857 580 1047 613 Acarnania

363 625 405 655 ad
422 626 527 656 sinum
546 626 774 667 Ambracium,
788 638 863 660 cum
879 629 1045 674 Apollinis

358 675 505 713 templo:
530 675 618 706 unde
629 676 763 716 Sappho
776 679 855 709 olim
865 682 900 709 et
915 679 1047 719 Cepha-

358 723 410 753 lus
426 724 546 754 amoris
567 725 779 764 impatientia
799 736 870 758 sese
890 728 1044 767 praecipi-

360 777 486 806 tarunt.
499 774 586 805 Torr.
619 774 723 806 Acuta
736 776 830 815 letho]
853 777 936 808 Quae
953 786 1042 811 saxa,

359 824 394 851 ut
402 822 504 853 morbi
515 823 618 861 acuti,
630 827 664 854 te
676 824 832 855 celeriter
841 825 1043 855 exaniment.

400 869 457 909 [62
480 870 567 902 Saxa
578 873 725 902 delectent
749 873 976 904 Schoenborn.
996 872 1045 911 2.]

400 921 441 948 68
467 919 566 950 Crede
586 921 691 959 celoci,
713 919 790 958 navi]
811 921 991 952 Committe
1010 925 1045 951 te

359 966 526 1004 procellae,
537 976 611 1006 quae
623 972 658 998 te
673 969 819 1007 scopulis
833 969 951 1000 illidat.
979 970 1045 1000 He-

356 1013 416 1044 rile
443 1015 553 1053 mavis]
576 1015 649 1045 Nisi
678 1016 782 1046 mavis
812 1017 922 1047 lanam
950 1021 1045 1048 certo

358 1062 506 1100 pondere
522 1062 692 1099 traditam,
707 1068 745 1094 et
755 1064 797 1094 ab
812 1065 891 1096 hera
903 1066 1045 1105 impera-

363 1115 430 1140 tam
444 1110 477 1140 in
489 1110 546 1140 fila
555 1110 690 1142 ducere.

398 1163 439 1190 65
465 1160 583 1198 Regius
597 1161 739 1200 sanguis]
766 1161 868 1202 Regis
882 1162 960 1193 filia.

360 1208 370 1231 '›
398 1210 441 1238 66
462 1208 777 1248 Barbaroe]1mmiti.
809 1211 934 1250 Pellex]
956 1212 1043 1243 Con-

358 1256 480 1287 cubina
517 1258 639 1288 mariti.
698 1258 863 1299 Quaerenti]
898 1260 1042 1300 Europae

358 1306 524 1344 querenti.

397 1356 439 1383 67
455 1354 614 1394 Per-fidum
623 1355 740 1394 ridens]
764 1354 890 1394 Aptum
901 1355 1042 1386 Veneris

357 1401 542 1440 epithetum
564 1406 638 1433 est:
667 1407 703 1433 et
717 1402 857 1433 Veneris
880 1403 936 1433 ille
955 1403 1040 1434 risus

357 1448 491 1479 dolosus
517 1458 589 1480 esse
613 1449 771 1480 creditur.
815 1449 855 1480 Id
872 1459 950 1481 vero
966 1460 1041 1489 pro-

355 1498 428 1536 prie
439 1501 449 1514 ‘
458 1497 621 1528 renidere'
633 1498 940 1529 dicebantveteres.
961 1499 1042 1529 Pas-

357 1545 472 1575 ser-atii
502 1547 682 1586 sententia,
710 1547 767 1587 qui
792 1547 942 1587 perfidum
966 1557 1042 1579 cum

355 1594 495 1633 querenti
510 1594 692 1634 conjunxit,
708 1595 814 1625 relata
829 1605 849 1626 a
871 1596 1041 1635 Lambino,

355 1642 435 1672 mihi
450 1651 516 1671 non
530 1643 652 1682 placet.
697 1643 844 1673 Ridebat
855 1649 965 1674 autem
974 1645 1042 1674 Ve-

356 1698 418 1719 nus
434 1689 523 1729 quod
536 1689 631 1720 Jovis
648 1691 812 1721 amoribus
827 1690 956 1729 favens,
978 1692 1041 1723 vir-

355 1738 466 1775 ginem
477 1741 545 1768 tam
557 1738 668 1777 lepide
679 1738 879 1779 decepieset.
903 1740 1041 1770 Torrent-

355 1786 514 1827 Perfidiam
539 1787 658 1826 ridens]
692 1787 815 1818 Ridens
839 1786 966 1828 perfide
1005 1792 1042 1820 et

358 1837 485 1875 dolose,
496 1845 562 1867 non
574 1845 616 1867 ex
630 1837 751 1867 animo.

386 1887 428 1916 68
440 1885 541 1916 Filius
550 1886 640 1926 arcu]
656 1884 786 1916 Aderat
795 1884 946 1924 Cupido:
963 1894 1042 1916 arcu

356 1942 416 1964 suo
435 1934 505 1972 Jam
529 1933 642 1963 laxato
665 1933 917 1972 sagittariorum
937 1942 1042 1971 more,

356 1982 412 2012 ubi
421 1981 564 2021 jaculari
580 1981 748 2013 desinunt.

362 2034 369 2037 ”
396 2033 438 2061 69
459 2030 540 2060 Mox
553 2029 604 2059 ubi
617 2029 708 2068 lusit]
730 2030 915 2070 Postquam
927 2031 1041 2062 Venus

354 2079 522 2116 Europam
543 2077 623 2107 satis
646 2082 699 2107 est
721 2077 903 2109 ludificata.
930 2078 1038 2108 Absti-

354 2127 424 2154 neto
447 2124 579 2164 irarum]
602 2124 713 2157 Poeta
729 2125 851 2156 Graeco
875 2134 967 2156 more
990 2126 1037 2156 lo-

354 2178 452 2203 cutus
475 2177 540 2212 est,
563 2172 840 2213 quemadmodum
862 2182 904 2204 11.
924 2173 990 2204 Od.
1006 2176 1037 2204 9.

353 2221 504 2252 ‘Desine
533 2220 679 2251 mollium
707 2220 854 2252 Tandem
888 2222 1039 2262 querela-

354 2268 448 2299 rum-¹
475 2274 484 2288 ‘
497 2269 614 2300 Rixam
626 2269 635 2283 ’
649 2279 723 2301 cum
738 2270 833 2309 dicit,
844 2271 964 2310 puellae
978 2271 1038 2301 mi-

353 2327 412 2348 nas
436 2318 586 2358 respicit,
612 2327 686 2358 quae
708 2319 925 2349 laceraturam
949 2319 1037 2350 serio

353 2366 494 2396 seTauri
506 2375 632 2397 cornua
640 2367 869 2406 jactitaverat.
894 2367 1036 2398 Torreat.

354 2413 533 2454 Abstinere]
557 2414 736 2446 Abstineto
748 2414 789 2446 ab
801 2415 871 2453 iris,
885 2419 937 2446 est
953 2415 1036 2446 Hel-

352 2463 522 2501 lenismus,
545 2463 722 2494 Genitivus
745 2472 806 2503 pro
827 2462 986 2503 ablativo,
1001 2468 1038 2495 ut

353 2511 473 2550 ἀπέχου
486 2513 548 2542 τῶν
560 2511 667 2551 ὄργῶν.
801 2545 804 2549 ,

394 2563 436 2591 70
459 2561 634 2600 Calidoeque
649 2560 744 2600 rixoe]
767 2560 875 2600 Rixae,
897 2570 969 2601 quae
985 2570 1039 2593 ve·

353 2607 403 2638 nit
418 2619 438 2638 a
448 2610 559 2640 calore
574 2609 755 2647 sanguinis.

395 2658 434 2685 ⁷1
459 2657 558 2690 Quam
581 2656 652 2696 tibi]
675 2657 811 2698 Antiqui
836 2659 1037 2698 interpretes

359 2701 431 2731 Non
451 2705 509 2734 tibi
531 2706 656 2744 legunt,
684 2715 746 2736 nec
770 2715 848 2737 sane
870 2705 1038 2745 displicet,

354 2749 435 2781 nihil
451 2755 542 2782 muto
556 2758 678 2785 tamen.
695 2755 832 2786 Torrent-
857 2755 958 2790 Quum
966 2755 1038 2794 tibi]

818 295 956 326 NOTAE
991 294 1246 326 VARIORUM
1279 296 1330 326 IN

1100 385 1251 418 Ironice:
1290 396 1364 418 nam
1401 390 1502 419 antea
1530 387 1716 420 minabatur
1742 399 1778 421 se

1100 443 1221 466 cornua
1235 435 1335 466 Tauri
1349 435 1539 467 fracturam.
1583 435 1708 476 [Codd.
1727 445 1782 476 ap.

1098 483 1217 523 Jaeck,
1231 484 1332 515 reddit
1342 485 1467 515 Cornua
1476 488 1607 522 tuncrus,⁶
1624 485 1690 524 vel,
1712 486 1782 516 red-

1097 531 1170 562 deat
1185 532 1306 563 Cornua
1317 533 1399 564 tauri
1405 535 1428 573 .]
1606 556 1609 558 -

1139 583 1179 611 73
1209 581 1296 612 Uxor
1322 582 1432 613 inuicti
1453 581 1558 621 Jovis]
1580 582 1644 613 Vel
1659 582 1781 614 Graeco

1098 637 1190 660 more
1205 629 1258 661 hie
1268 638 1398 672 quoque
1414 631 1545 661 locutus
1559 634 1622 670 est,
1636 634 1673 661 ut
1684 630 1781 661 Lam-

1097 677 1196 709 binus
1212 684 1348 711 censet:
1370 679 1424 710 οὖκ
1438 678 1526 709 οἶσθα
1537 678 1594 709 τοῦ
1613 677 1686 709 Διὸς
1703 678 1782 717 γυνὴ

1095 724 1183 757 οὖσα·
1207 727 1241 758 id
1265 731 1325 766 est,
1349 728 1399 759 An
1421 731 1449 759 te
1463 729 1553 759 Jovie
1575 737 1700 759 uxorem
1718 736 1782 759 esse

1096 774 1243 813 ignoras?
1283 777 1346 807 Vel
1361 776 1449 817 quod
1469 785 1533 816 ego
1555 777 1678 815 malim,
1707 785 1780 807 eam

1097 827 1193 863 rogat
1207 834 1248 855 an
1264 825 1312 855 ita
1327 834 1362 856 se
1384 834 1502 865 gerere
1523 833 1588 856 non
1603 828 1716 864 queat,
1742 829 1781 855 ut

1095 870 1189 902 Jovis
1210 881 1344 903 uxorem
1367 873 1479 905 decet.
1522 873 1597 904 Nec
1619 873 1783 904 erraverit

1097 916 1252 957 fortasse,
1268 921 1324 958 qui
1348 920 1391 950 ad
1406 929 1517 951 veram
1532 920 1702 951 historiam
1724 920 1779 951 liic

1098 966 1287 1005 respexisse
1302 967 1477 998 Horatium
1491 968 1620 1003 credat.
1634 971 1672 999 nt
1684 968 1781 1008 Jupi-

1099 1017 1152 1044 ter
1167 1013 1279 1044 Cretae
1295 1023 1366 1050 rex,
1381 1021 1477 1049 nave,
1501 1015 1555 1046 cui
1577 1015 1704 1047 Taurus
1731 1017 1781 1047 in-

1099 1063 1191 1101 signe
1207 1061 1286 1098 fuit,
1300 1072 1372 1094 eam
1388 1073 1430 1094 ex
1445 1063 1619 1094 Phoenicia
1642 1063 1676 1094 in
1700 1064 1782 1095 Cre—

1097 1114 1166 1141 tam
1188 1111 1426 1150 transvexerit,
1446 1115 1546 1151 atque
1567 1110 1678 1142 uxoris
1707 1111 1782 1142 loco

1096 1158 1258 1189 habuerit.
1283 1159 1421 1191 Torreat.
1467 1159 1556 1190 Uxor
1563 1159 1673 1191 invicti
1680 1159 1784 1200 Jovis]

1098 1206 1219 1238 Nescis
1235 1210 1268 1238 te
1283 1216 1400 1247 gerere
1416 1211 1573 1249 tauquam
1585 1216 1722 1239 uxorem
1737 1207 1784 1239 in-

1096 1255 1176 1287 victi
1189 1256 1294 1288 Jovis.

1129 1308 1170 1336 74
1185 1306 1282 1337 Mitte
1289 1306 1455 1347 singultus]
1472 1307 1642 1348 Singultus
1653 1308 1782 1340 omitte.

1094 1352 1284 1394 Beneserre]
1308 1355 1412 1386 Disce
1423 1355 1601 1386 secundam
1613 1355 1780 1388 fortunam

1093 1400 1184 1431 ferre
1220 1402 1392 1433 moderate
1414 1407 1451 1433 et
1471 1403 1668 1442 composite,
1692 1404 1780 1443 quod

1094 1458 1160 1480 non
1176 1453 1227 1480 est
1241 1449 1432 1489 cujuslibet.
1668 1482 1670 1485 ,

1137 1501 1175 1529 75
1202 1499 1268 1529 Tua
1280 1503 1377 1530 sectus
1390 1499 1486 1539 orbis]
1509 1500 1586 1531 Una
1601 1509 1677 1540 pars
1689 1501 1780 1533 orbis

1094 1546 1128 1577 in
1146 1551 1213 1577 tres
1228 1546 1336 1582 divisi,
1361 1552 1420 1578 tuo
1441 1548 1572 1579 nomine
1594 1549 1778 1589 appellabi-

1096 1599 1150 1625 tur
1160 1594 1304 1635 Europa,
1317 1595 1424 1626 altera
1434 1595 1526 1636 Asia,
1537 1597 1637 1628 tertia
1647 1597 1779 1628 dicetur

1096 1641 1220 1674 Africa.

1095 1690 1175 1721 Ona
1183 1700 1318 1724 xxviii.
1329 1693 1567 1731 Συλλογιστική.
1575 1693 1631 1725 An
1639 1695 1778 1726 Lvnnx.

1137 1738 1302 1770 Hortatur
1330 1740 1461 1780 Lyden,
1499 1741 1586 1772 diem
1615 1743 1778 1782 Neptuno

1136 1794 1264 1816 sacrum
1287 1787 1320 1817 in
1350 1792 1434 1827 potu
1452 1792 1489 1818 et
1508 1793 1608 1819 cantu
1629 1789 1779 1820 hilariter

1137 1835 1332 1875 transigere.
1365 1836 1558 1878 [Bamberg.
1572 1837 1780 1878 Syllogistice,

1135 1883 1262 1923 Lydae.]

1138 1934 1155 1962 1
1180 1932 1271 1963 Festo
1299 1933 1349 1963 die
1389 1933 1545 1974 Neptuni]
1581 1935 1662 1976 Ejus
1698 1934 1778 1966 festi

1094 1980 1245 2010 meminit
1271 1981 1362 2012 Plin.
1390 1990 1500 2013 xviii.
1534 1985 1588 2014 13.
1621 1992 1777 2023 raporum

1094 2038 1320 2069 naporumque
1351 2031 1511 2062 sationem
1541 2033 1668 2072 justam
1705 2042 1776 2064 esse

1092 2076 1206 2107 dicens
1229 2077 1318 2107 inter
1343 2078 1483 2109 duorum
1513 2080 1680 2111 numinum
1703 2080 1775 2111 dies

1089 2122 1206 2163 festos,
1221 2125 1373 2164 Neptuni
1387 2130 1486 2166 atque
1501 2127 1653 2158 Vulcani.
1676 2127 1775 2158 Colu-

1092 2171 1190 2206 mella
1205 2181 1284 2202 vero
1296 2172 1376 2203 locis
1385 2173 1485 2212 riguis
1495 2173 1538 2204 ab
1549 2174 1704 2210 solstitio,
1712 2175 1775 2206 sic-

1091 2219 1140 2250 cis
1151 2218 1192 2250 ab
1205 2219 1320 2250 ultima
1331 2228 1426 2260 parte
1437 2220 1594 2262 Augusti,
1603 2223 1656 2253 vel
1667 2224 1774 2264 prima

1090 2268 1306 2307 Septembris.
1360 2269 1449 2300 Hinc
1477 2280 1542 2310 qua
1570 2271 1647 2302 anni
1676 2277 1773 2312 parte

1090 2320 1099 2333 ¹
1112 2316 1316 2356 Neptunalia
1327 2316 1335 2330 ’
1350 2315 1487 2357 fuerint,
1501 2319 1623 2350 Lector
1635 2329 1772 2360 cognos-

1089 2369 1154 2396 cet.
1189 2364 1327 2396 Torrent.
1370 2366 1461 2397 Festo
1484 2367 1557 2406 quid
1583 2368 1687 2407 potius
1709 2369 1774 2408 die]

1089 2413 1184 2444 Ordo
1196 2418 1258 2453 est,
1273 2413 1366 2454 Lyde
1377 2424 1492 2455 prome
1503 2417 1710 2448 reconditum
1726 2417 1772 2448 vi-

1090 2472 1166 2494 num
1180 2463 1374 2503 Caecubum,
1385 2468 1422 2495 ut
1437 2464 1568 2504 bibam;
1590 2465 1669 2506 quid
1683 2466 1772 2499 enim

1091 2512 1201 2551 potius
1215 2511 1301 2542 festo
1315 2513 1467 2552 Neptuni
1487 2513 1542 2545 die
1562 2513 1676 2546 facere
1698 2525 1773 2555 pos-

1091 2561 1184 2590 sum?
1221 2561 1304 2596 Quid
1314 2562 1415 2601 potius
1435 2562 1499 2602 die]
1518 2563 1678 2595 Erotema
1689 2564 1771 2595 deli-

1092 2608 1238 2640 berantis
1252 2614 1306 2641 est
1319 2609 1362 2640 de
1377 2619 1413 2641 re
1430 2614 1544 2642 certa:
1568 2611 1616 2642 ita
1629 2620 1769 2653 namque

1091 2655 1162 2687 fere
1178 2657 1216 2688 fit
1231 2658 1263 2687 in
1279 2658 1360 2697 otio,
1375 2663 1413 2690 ut
1425 2658 1566 2690 sodaleis
1589 2660 1770 2701 interroge-

1091 2715 1162 2736 mus
1178 2715 1218 2736 ea
1228 2705 1270 2737 de
1284 2716 1332 2741 re,
1349 2716 1446 2746 quam
1467 2712 1502 2738 et
1517 2708 1604 2748 apud
1620 2717 1688 2745 nosv
1701 2711 1765 2738 sta-

1092 2755 1221 2794 tuimus,
1234 2758 1271 2787 et
1285 2755 1333 2789 eis
1343 2764 1407 2787 non
1422 2755 1585 2796 ingratam
1598 2753 1766 2794 forejudi-
