1904 3216
467 291 673 322 noRA‘rn
707 291 982 322 SERMONUM
1019 292 1111 323 mn.
1143 292 1194 324 11.
1224 281 1266 323 3.

147 383 367 425 palimpsesto
389 383 630 425 descripserat,
650 383 844 425 publicandi

147 444 267 466 caussa
294 433 511 466 referrentur.
547 435 692 466 Torrent.
741 433 843 464 Mem-

146 484 274 515 bmmm
285 483 406 525 poscas]
440 484 599 516 Chartam
623 483 656 514 iu
678 491 743 524 qua
758 482 843 513 scri-

147 533 220 566 bas.
285 533 478 575 Scriptorum
524 543 648 574 quotque
683 531 841 572 retexens]

146 583 362 616 Commutans
393 584 518 622 omnia,
545 592 618 624 quae
646 582 681 613 in
717 582 842 613 tabulis

145 632 326 674 aliquando
347 633 540 674 scripseras.
583 631 680 672 [Vat.
704 634 735 663 1.
765 631 841 663 Chi·

145 681 229 713 sian.
253 685 286 714 2.
309 682 365 714 alii
389 682 488 714 codd.
512 690 568 721 ap.
584 680 716 712 Valart.
736 690 840 712 reeen-

141 739 221 764 oens.
245 730 324 764 vat.
340 734 392 763 10.
402 730 565 771 retentes-J

186 783 207 812 ³
235 780 307 812 Vini
319 781 473 820 somnique
488 779 653 820 benignus]
678 779 756 812 Vini
774 781 839 811 lar-

145 839 218 871 gus,
239 829 275 862 id
301 836 366 871 est,
391 830 530 861 nimium
556 829 673 861 bibens
698 834 735 861 et
761 830 838 862 dor·

143 880 264 911 miens.

183 931 205 961 4
227 929 370 970 Dignum
383 929 536 969 sermone]
568 929 719 968 Dignum
734 929 839 970 fama,

143 979 282 1020 dignum
297 979 420 1011 laude:
444 989 555 1020 neque
570 980 659 1011 enim
680 980 769 1011 aliud
785 986 839 1012 est

140 1027 283 1068 ‘saman'
298 1038 397 1070 quam
413 1030 528 1070 populi
547 1039 668 1061 sermo.
693 1030 837 1062 Torrent-

144 1078 287 1118 Dignum
300 1088 435 1110 sermone
448 1079 557 1120 conas]
583 1079 639 1111 Nil
655 1079 749 1111 dictu
765 1080 838 1120 dig-

145 1137 224 1158 num
252 1128 384 1168 Satyris
415 1128 606 1160 mandetur.
664 1128 838 1170 [Angelic.

146 1178 176 1208 1.
189 1185 208 1207 a
225 1186 269 1208 m.
286 1186 337 1217 pr.
352 1178 467 1219 cunia]

186 1230 205 1258 ⁵
229 1227 449 1258 Saturnalibus
458 1228 516 1259 huc
522 1226 659 1268 fugisti]
674 1227 758 1259 Post
768 1227 839 1259 dies

142 1276 288 1308 Saturno
302 1286 415 1308 sacros
428 1276 479 1318 (in
496 1276 616 1318 quibus
631 1286 750 1315 magna
764 1280 840 1308 erat

142 1325 287 1365 potandi
301 1325 417 1366 copia)
441 1326 516 1364 huc,
531 1325 564 1356 id
588 1329 652 1365 est,
667 1325 709 1356 ad
726 1326 838 1357 villam

142 1373 260 1415 fugisti
278 1379 314 1407 ut
329 1375 506 1407 scriberes.
535 1375 750 1416 Hucsugisti]
769 1376 838 1406 Rus

143 1425 286 1466 scilicet,
304 1435 323 1457 e
350 1426 468 1467 populi
489 1425 600 1464 turba,
615 1425 656 1456 ad
679 1427 838 1467 quietem,

141 1484 210 1515 quo
233 1475 350 1507 melius
376 1475 534 1506 meditari
559 1475 591 1505 in
613 1475 684 1506 otio
712 1485 837 1516 posses·

145 1523 286 1555 Torreat.
319 1523 449 1555 Sobrius
461 1524 551 1564 ergo]
567 1523 706 1555 Sobrius
722 1528 835 1555 autem

141 1573 172 1612 ei
187 1574 383 1614 opponitur,
397 1573 487 1614 quod
503 1582 606 1613 supra
617 1573 703 1604 dixit
717 1583 726 1604 ε
743 1573 754 1591 ‘
766 1572 835 1604 vini

136 1622 313 1664 somnique
334 1622 538 1662 benignus&
570 1622 712 1663 perinde
737 1631 778 1654 ac
805 1622 834 1653 si

140 1670 244 1706 dicat,
270 1670 297 1702 si
313 1671 380 1702 viui
397 1673 572 1711 somnique
592 1671 690 1712 copia
709 1672 836 1711 largior

138 1718 276 1750 obstitit
292 1719 354 1750 tibi
367 1720 616 1759 scripturienti,
626 1729 715 1750 nunc
727 1720 835 1751 sobri-

141 1778 194 1807 us,
217 1767 317 1800 ἄοινος
338 1767 452 1800 dormis
465 1780 514 1807 τε,
534 1768 590 1800 dic
613 1769 738 1809 aliquid
762 1769 836 1810 dig-

141 1826 220 1848 num
237 1818 422 1857 promissis.
446 1817 541 1857 Cruq.
588 1817 837 1858 [Bentl.fugis-

141 1867 169 1897 ti
182 1866 312 1898 sobrius.
354 1867 434 1898 vat.
450 1869 480 1898 1.
500 1877 520 1898 a
539 1875 585 1898 m.
607 1876 676 1898 sec.
695 1870 760 1898 esto
776 1877 837 1909 pro

136 1915 240 1956 ergo]

184 1967 204 1996 7
245 1965 383 2006 Colarni]
426 1966 614 2008 Culpantur
642 1967 764 1999 calami
793 1967 837 1999 ad

139 2014 355 2047 scribendum
385 2017 492 2048 minus
518 2017 601 2058 apti.
646 2017 838 2049 Immeritus·

141 2073 199 2104 que
211 2064 346 2105 laborat]
378 2065 554 2098 Immerito
565 2066 626 2098 abs
642 2070 677 2097 te
693 2071 837 2098 vexatur

141 2114 253 2154 paries
267 2114 469 2155 edificatus,
479 2115 553 2147 Diis
567 2120 603 2147 et
615 2115 734 2147 Poetis
749 2116 836 2147 male

141 2165 311 2205 propitiis.
353 2165 504 2206 [Fr-astru
523 2167 687 2206 culpantur
702 2166 781 2197 Vat.
804 2169 836 2199 4.

143 2214 316 2255 culpantur
330 2214 572 2253 calam'fiustra
587 2215 731 2247 Chisian.
744 2216 792 2257 2.]

182 2265 203 2295 8
226 2264 325 2296 Iratis
340 2268 431 2296 natus
441 2265 544 2305 paries
558 2265 638 2306 Dis]
675 2265 752 2297 Hoc
766 2275 835 2298 non

140 2313 190 2345 uti
206 2323 226 2345 a
239 2314 452 2354 Damasippo
466 2314 594 2346 dictum
614 2315 758 2354 accipio,
775 2315 835 2346 sed

141 2372 162 2394 a
187 2360 296 2395 Poeta
321 2363 408 2403 ipso,
429 2364 607 2403 parietem,
622 2368 660 2398 ut
684 2364 836 2395 iracundi

142 2412 265 2450 solent,
290 2416 496 2450 execrante;
531 2420 606 2443 cum
629 2411 733 2451 ipsius
748 2418 838 2444 esset

143 2460 256 2499 eulpa.
282 2458 365 2490 nihil
393 2465 496 2490 noctu
518 2460 724 2495 meditantis,
747 2462 836 2502 quod

143 2509 271 2540 ceratis
281 2508 316 2540 in
331 2509 460 2550 pariete
475 2509 597 2541 tabulis
611 2509 744 2542 inarare
760 2521 831 2551 pos·

144 2561 208 2589 set.
251 2557 296 2589 Et
317 2558 380 2590 hoc
405 2558 552 2599 quidem,
578 2559 606 2590 si
628 2569 837 2592 communem

144 2606 213 2638 loci
247 2605 346 2647 hujus
374 2606 690 2648 interpretationem
719 2618 838 2651 sequa-

144 2664 240 2686 mur:
274 2665 352 2686 nam
367 2655 446 2686 mihi
463 2656 618 2697 equidem
633 2666 700 2689 non
722 2657 838 2700 displi-

145 2708 200 2735 cet
221 2713 335 2736 eorum
356 2705 484 2746 opinio,
509 2706 565 2747 qui
589 2705 758 2739 infelicem
780 2717 838 2740 vo-

146 2754 218 2785 cari
247 2755 364 2786 volunt
390 2755 567 2795 parietem,
592 2755 694 2796 quod,
719 2757 746 2787 si
771 2766 842 2789 nonv

147 2802 346 2835 succederet
361 2803 548 2843 meditatio,
561 2805 682 2845 pugnis
694 2804 837 2838 subinde

1474 284 1587 328 1693

894 385 1085 418 caederetur
1099 398 1106 417 z
1118 387 1219 427 juxta
1234 385 1317 418 illud
1330 385 1442 418 Persii
1456 396 1464 417 =
1488 386 1498 403 ⁴
1511 388 1543 419 N
1547 397 1588 420 ec

894 435 1044 474 pluteum
1067 436 1183 475 caedit,
1206 445 1270 467 uec
1294 435 1469 467 demorsos
1495 436 1588 476 sapit

893 484 1046 524 ungues!
1088 486 1097 502 ⁸
1111 486 1239 517 Natum
1254 484 1263 498 '
1276 489 1388 517 antem
1411 494 1474 526 pro
1487 486 1497 503 ‘
1519 485 1589 517 fac·

892 537 962 564 tum
977 532 986 546 ’
1002 533 1159 566 dixerat:
1184 534 1330 576 denique
1344 535 1354 553 ‘
1366 545 1484 576 agrum
1496 534 1506 548 ’
1520 544 1589 567 non

892 581 1035 614 absimili
1064 583 1172 623 figura.
1196 583 1306 615 ‘bene
1336 583 1473 616 natum’
1500 584 1590 616 dixit

890 631 1014 670 Varro,
1026 632 1082 672 qui
1098 631 1223 664 fertilis
1237 634 1282 665 sit
1293 643 1313 664 a
1324 639 1445 666 natura
1458 643 1497 666 ac
1509 634 1589 666 doc-

890 683 956 712 tus.
980 681 1122 713 Torrent.
1165 683 1278 714 Puries
1293 684 1371 724 Dis]
1393 684 1435 715 In
1456 684 1589 725 pariete

889 734 1008 760 cerato
1026 731 1181 762 solebant
1204 732 1339 773 Poene,
1353 733 1464 774 siquid
1481 738 1587 766 noctu

888 777 923 808 in
943 784 1090 811 mentem
1114 781 1260 820 veniret,
1279 783 1476 815 inscribere.
1523 785 1590 815 Dis

887 830 980 867 aeque
990 828 1110 869 Po'e'tis]
1126 829 1234 861 Velim
1244 830 1405 871 dispiciat
1414 832 1525 863 lector
1531 832 1589 864 do-

888 886 970 915 mus,
985 888 1064 910 num
1079 878 1171 911 foret
1186 889 1229 912 ex
1242 881 1413 912 sententia
1424 882 1587 920 auctoris,

888 927 952 959 Dis
972 932 1064 969 atque
1079 929 1189 961 Po'e'tis
1213 930 1447 971 interpretari,
1468 940 1530 972 per
1554 931 1588 963 ἓν

888 975 936 1007 διὰ
946 975 1090 1018 δύω,ριό
1106 978 1228 1010 divinis
1244 978 1375 1020 Poetis,
1389 979 1532 1020 proinde
1547 990 1589 1012 ac

889 1026 917 1058 si
932 1027 1083 1059 ironicos
1098 1027 1171 1060 haec
1186 1028 1347 1060 dicantur
1370 1038 1390 1060 a
1406 1029 1585 1070 Damasip-

887 1086 943 1117 po.
969 1077 1067 1117 (ἶνας.

930 1128 952 1157 9
973 1127 1081 1158 Multa
1102 1130 1134 1158 et
1154 1128 1306 1167 proeclara
1328 1127 1493 1169 minantis]
1529 1128 1587 1160 Sic

890 1175 1000 1215 Epist.
1030 1176 1072 1207 ad
1100 1176 1257 1208 Celsum:
1295 1177 1387 1209 ‘Dic
1415 1178 1524 1209 multa
1550 1182 1587 1210 et

889 1224 1008 1264 pulcra
1031 1225 1241 1258 minantem!
1286 1226 1363 1258 Hoc
1393 1232 1459 1266 est,
1481 1227 1524 1258 de
1548 1237 1588 1259 se

880 1274 1071 1315 jactantem
1105 1285 1146 1307 ac
1182 1276 1453 1317 promittentem,
1484 1281 1587 1318 atque

887 1324 1000 1355 omnia
1012 1334 1134 1366 magna
1145 1326 1339 1367 loquentem
1354 1337 1364 1358 ε
1387 1336 1588 1368 quamquam

887 1371 975 1414 fere,
996 1380 1036 1405 ut
1058 1384 1100 1406 ex
1126 1375 1246 1407 Servio
1268 1380 1367 1408 notat
1392 1376 1588 1413 Lambinus,

887 1423 897 1439 ‘
912 1422 1096 1454 minamur'
1111 1424 1214 1463 mala,
1237 1425 1247 1442 ⁴
1263 1424 1490 1465 promittimus
1503 1424 1512 1438 ’
1527 1425 1587 1456 bo-

887 1481 940 1503 na.
976 1473 1118 1504 Torrent-
1163 1474 1337 1516 Mimantis]
1371 1474 1484 1506 Multa
1508 1483 1587 1515 pro-

885 1521 1065 1554 mittentis.

929 1573 968 1601 lo
997 1571 1149 1613 Vacuum]
1179 1572 1227 1603 Te
1257 1572 1415 1604 otiosum.
1469 1573 1585 1614 Tepido

884 1619 1014 1660 cepisset
1034 1621 1143 1652 villula
1165 1621 1261 1661 tecto]
1297 1622 1463 1654 Horatius
1482 1621 1582 1654 domo

886 1669 1002 1708 tepida
1031 1669 1289 1709 delectabatur3
1333 1680 1411 1702 nam
1447 1671 1585 1711 frigoris

886 1722 962 1748 erat
975 1718 1167 1757 impatiens.

930 1769 968 1798 ll
999 1767 1127 1807 stipare
1149 1767 1300 1807 Platona]
1336 1768 1421 1800 Cum
1444 1769 1587 1802 Platoni

886 1815 951 1847 hoc
967 1816 1072 1848 veluti
1088 1816 1286 1848 satellitium
1298 1816 1587 1859 adJungit‚ipsum

887 1867 1027 1898 aliorum
1066 1868 1214 1899 omnium
1250 1868 1358 1900 veluti
1396 1868 1587 1910 principem

886 1916 1083 1948 constituit:
1121 1915 1163 1947 ab
1178 1925 1219 1948 eo
1235 1925 1319 1956 rem,
1333 1916 1377 1948 ab
1390 1917 1465 1948 aliis
1483 1918 1587 1950 verba

887 1966 1095 2007 potissimum
1119 1966 1326 2006 scripturum
1354 1966 1482 2008 aliquid
1508 1977 1587 2000 cum

885 2016 986 2047 laude
1003 2021 1120 2057 petere
1137 2016 1262 2047 debere
1283 2016 1531 2054 demonstrans,
1546 2022 1587 2050 nt

886 2066 965 2097 alibi
979 2076 988 2096 :
1012 2067 1022 2083 ‘
1037 2067 1120 2097 Rem
1142 2065 1206 2096 tibi
1222 2065 1405 2098 Socraticae
1421 2071 1586 2107 poterunt

885 2115 1067 2146 ostendere
1078 2114 1231 2146 chartae.'
1273 2114 1353 2146 Vid.
1366 2116 1516 2147 Turneb.
1531 2125 1585 2147 ιι.

885 2167 917 2195 6.
952 2164 1094 2195 Tor-rent.
1138 2162 1265 2203 Stipare
1290 2164 1444 2204 Platona]
1478 2165 1587 2197 Quasi

887 2214 1072 2254 stipatores
1089 2217 1203 2244 tecum
1218 2212 1366 2245 educere
1381 2213 1418 2244 in
1432 2214 1584 2247 villulam

887 2263 1060 2296 rusticam.

927 2312 986 2352 [12
1008 2313 1088 2343 Vat.
1107 2313 1203 2344 Rom.
1220 2315 1252 2343 8.
1273 2312 1400 2344 comites
1421 2314 1585 2353 adducere,

887 2361 978 2401 quod
993 2370 1155 2400 recepere
1171 2362 1254 2396 Fea,
1264 2361 1391 2400 Bothe,
1404 2365 1440 2393 et
1458 2361 1583 2395 Jaeck.

887 2413 918 2441 et
943 2411 1053 2441 ducere
1066 2410 1148 2442 Vat.
1172 2412 1224 2440 18.
1249 2414 1286 2441 et
1300 2410 1379 2441 Vat.
1402 2410 1514 2442 Palat.
1549 2415 1581 2444 1.

887 2462 917 2491 et
931 2459 1068 2499 ducere]

931 2510 970 2538 13
994 2506 1150 2538 Invidiam
1173 2505 1310 2546 placare]
1340 2506 1487 2538 Virtutis
1514 2517 1585 2540 om-

888 2557 951 2596 nis,
963 2566 1063 2598 quam
1088 2556 1289 2587 incolumem
1310 2555 1454 2595 odimus,
1470 2567 1583 2590 comes

887 2606 1036 2637 invidia:
1067 2614 1134 2637 non
1160 2605 1238 2636 ideo
1261 2610 1373 2636 tamen
1394 2605 1584 2641 deserenda

889 2658 1007 2696 virtus,
1022 2657 1076 2688 cui
1099 2656 1156 2698 qui
1172 2655 1299 2687 insistit
1314 2656 1431 2696 magis,
1447 2658 1474 2689 is
1497 2659 1581 2691 iuvi-

888 2705 977 2736 diam
995 2704 1173 2746 aliquando
1187 2713 1349 2744 superare
1370 2706 1497 2745 possit:
1521 2709 1581 2740 sed

888 2755 944 2796 qui
958 2754 1062 2793 cedit,
1077 2754 1203 2788 derisui
1223 2762 1263 2785 ac
1279 2756 1464 2786 contemtui
1479 2756 1580 2788 habe-

888 2809 964 2844 tur;
989 2804 1078 2846 quod
1095 2804 1185 2836 omni
1202 2802 1330 2835 invidia
1345 2803 1492 2838 deterius
1512 2811 1577 2839 est.
