1890 3230
500 284 710 326 1101111111
742 282 1020 315 suasionum
1055 284 1150 315 nin.
1183 284 1232 314 11.
1262 273 1303 315 3.

152 377 333 420 juniisque
360 376 545 418 placabant
567 377 659 409 Deos
674 384 752 408 suos
769 378 862 406 vete-

150 438 230 470 res,
253 427 428 470 praecipue
455 427 668 460 Chaldaei‘et
682 425 834 466 AEgyptii
851 434 861 463 ;

162 487 306 520 quornm
320 479 440 520 ingens
462 487 598 519 semper
622 477 741 509 Romae
759 475 862 507 turba

156 528 207 561 ob
236 537 334 561 nora
357 522 459 560 Isidis
486 527 669 560 vanissima
694 525 860 566 supersti-

154 580 255 613 sione
266 579 381 613 cultu.
423 578 493 612 Sed
513 582 550 610 et
563 578 587 610 ii
600 577 657 619 qni
669 577 775 608 sacris
792 576 859 608 Ro-

155 638 339 663 manorum
354 626 676 671 praeerant‚jeji=nia
687 623 859 658 interdum

155 678 399 720 instituebant,
422 678 545 721 quibus
569 676 728 718 prodigia
744 677 858 718 expia-

155 733 293 761 rentur.
323 727 527 769 Exemplum
541 725 632 767 apud
647 726 783 757 Livium
798 725 858 757 lib.

154 783 300 811 ‘xxxva
314 782 353 811 et
374 781 518 809 venuste
547 775 687 809 ‘Jovem
703 775 857 807 indicere

149 826 308 869 jejimia’
335 826 396 867 ait,
408 836 484 868 qnae
499 835 520 858 a
534 825 766 858 sacerdotibus
777 825 800 857 J
804 825 857 856 ovi

148 877 221 917 *ipsi
240 876 471 911 instituuntur
492 885 513 907 a
536 870 664 917 populo
678 875 858 907 servanda.

150 927 304 961 abra-ene.
347 926 616 968 Iudicisjey'unia]
639 927 715 960 Quo
735 926 857 967 magis-

148 982 269 1011 smus
289 978 344 1010 vel
359 968 558 1010 sacerdotes
585 982 643 1008 tuo
659 977 794 1013 nomine
804 977 857 1016 je-

108 1024 110 1026 ’
152 1028 252 1069 jisui·
265 1028 448 1068 imperant.
495 1025 627 1067 Nudus]
649 1027 699 1059 Ut
712 1025 858 1058 11101111-

150 1078 249 1110 -mine
263 1077 413 1119 ablutus,
429 1077 472 1109 ad
493 1082 553 1110 tua
575 1086 674 1109 sacra
686 1087 789 1118 purus
805 1087 859 1108 ac·

159 1127 274 1160 cedat.
305 1128 442 1169 [Magne
456 1128 521 1167 die,
536 1127 560 1158 i.
577 1136 608 1159 e.
624 1137 745 1168 magne
759 1127 858 1167 Jupi-

159 1183 227 1218 ter,
249 1178 402 1209 nonnulli
419 1177 520 1214 codd.
537 1187 593 1218 ap.
610 1177 722 1213 Feam.
738 1178 858 1217 quando

156 1227 274 1259 indicis
286 1227 371 1258 Vat.
388 1227 524 1259 Romff.
539 1232 576 1258 et
594 1227 750 1258 vallicel.
768 1227 816 1267 1.]

201 1281 264 1310 292
289 1278 598 1319 CasusMeaicusve]
615 1278 655 1310 Id
672 1282 737 1314 est,
754 1277 857 1309 medi-

156 1337 219 1360 cus
248 1327 456 1366 fortunatus,
483 1337 583 1369 quem
613 1337 710 1359 casus
735 1328 856 1368 aliquis

151 1377 272 1418 juvat:
303 1386 381 1408 nam
413 1378 446 1408 in
475 1382 642 1419 quartana
668 1378 858 1409 inveterata

160 1427 377 1470 depellenda,
402 1429 477 1468 plus
507 1437 599 1468 saepe
637 1437 734 1459 casus
771 1427 857 1467 ipse,

158 1486 260 1517 quam
297 1476 420 1509 medici
449 1477 590 1518 quodvis
626 1477 856 1518 pharmacum,

157 1528 275 1558 valere
293 1531 420 1568 potest.
439 1528 534 1567 Cruq.
570 1527 670 1566 Casus
684 1528 858 1558 medicusve

154 1576 286 1617 mariz]
315 1577 350 1608 Si
373 1586 472 1607 casus
498 1578 586 1607 liuuc
612 1577 784 1616 liberavit,
800 1577 856 1618 qui

157 1626 193 1658 in
206 1621 372 1668 quartana
399 1636 493 1668 saepe
525 1627 600 1667 plus
627 1627 732 1665 valet,
756 1636 855 1668 quam

155 1676 318 1709 siiedicus'.
362 1676 426 1707 Est
450 1677 540 1707 enim
564 1681 731 1716 quartana
753 1675 856 1706 medi·

155 1735 274 1758 corum
281 1724 516 1765 opprobrium.
539 1723 665 1764 [Codd.
676 1734 731 1764 ap.
743 1724 858 1758 Feam.

157 1775 360 1814 micasque.
407 1774 486 1804 Vat-
499 1773 594 1804 Rom.
613 1776 642 1805 1.
657 1773 803 1813 levarat]

201 1827 265 1856 292
286 1825 337 1855 Ex
348 1822 521 1864 precipiti]
537 1822 578 1853 Id
595 1827 660 1862 est,
671 1833 712 1854 ex
731 1833 858 1854 summo

161 1874 370 1912 discrimine,
397 1883 437 1904 ac
461 1874 564 1904 veluti
586 1883 628 1904 ex
656 1874 860 1914 praecipitio,

159 1936 236 1958 cum
261 1926 294 1958 in
308 1926 388 1958 crisi
402 1930 452 1957 est
470 1925 617 1966 morbus,
634 1931 672 1957 ut
686 1926 795 1958 nostri
810 1927 858 1958 lo-

161 1982 415 2018 quuntur'nunc
439 1976 583 2008 medici:
601 1980 704 2018 atque
728 1978 776 2008 ita
797 1977 858 2010 Ju—

161 2027 271 2058 venal.
303 2027 374 2057 sat.
397 2035 423 2057 1.
463 2025 599 2068 ‘Omne
625 2027 658 2057 in
689 2027 859 2068 praecipiti

162 2076 280 2107 vitium
291 2075 413 2107 stetit!
431 2076 574 2108 Torrent.
621 2077 675 2108 Ex
686 2077 858 2118 praeipiei]

159 2125 213 2156 Ex
229 2125 345 2156 morbo
362 2125 565 2166 periculoso,
577 2125 611 2156 in
622 2135 702 2157 sene
717 2136 858 2167 praeser-

146 2174 231 2205 tim.
275 2175 384 2206 Mater
392 2175 492 2206 delira
501 2176 635 2216 necabit]
651 2176 857 2208 Existimans

158 2232 195 2254 se
212 2224 282 2256 voti
298 2223 462 2264 religione
472 2224 685 2256 obstrictam.

201 2274 266 2305 294
289 2273 329 2304 In
340 2273 447 2312 gelida
462 2273 569 2315 fixum
593 2274 679 2314 ripa]
702 2274 798 2306 Dicit
814 2284 856 2306 ex

159 2323 372 2364 antiquorum
386 2323 467 2364 ritu,
483 2324 539 2363 qui
553 2325 659 2354 sacris
672 2325 859 2364 operaturi,

160 2382 197 2404 se
212 2372 244 2402 111
268 2370 407 2403 flumine
427 2371 666 2412 purificabant.
710 2374 859 2405 anneb.

164 2429 274 2453 xxm.
287 2423 321 2453 2.
368 2420 551 2461 febrimque
562 2423 702 2463 reducet]
727 2424 859 2456 Febrim

162 2470 340 2502 renovabit
378 2479 441 2510 per
484 2481 579 2512 aquae
623 2471 860 2512 frigiditatem.

165 2518 332 2559 [Cliisian.
350 2522 379 2550 1.
387 2519 568 2560 sebremque
578 2521 725 2562 reducit]

206 2572 270 2602 295
294 2570 403 2606 Quone
416 2569 512 2610 mulo]
537 2571 575 2601 Id
594 2575 661 2608 est,
675 2581 743 2612 quo
759 2573 859 2605 malo.

165 2619 315 2652 anneb.
329 2628 396 2650 vn.
410 2622 462 2650 lo.
515 2620 683 2661 Concusso]
707 2621 860 2653 Mentem

165 2669 293 2701 liabens
316 2678 523 2710 percussam.
568 2669 690 2701 Timore
709 2671 861 2712 Deorum]

164 2720 278 2752 Quam
301 2727 362 2750 nos
378 2720 388 2736 ‘
398 2719 697 2760 superstitionem:
712 2730 862 2762 quosque

166 2770 175 2787 ⁴
194 2768 472 2810 superstitiosos’
489 2778 661 2811 vocamus,
673 2770 787 2802 Graeci
803 2772 862 2803 δει-

165 2818 356 2858 σιδαιμονίαν
370 2818 419 2851 καὶ
435 2819 659 2859 δεισιδαίμονας
675 2822 862 2863 appellant,

1498 275 1611 317 1715

911 375 954 407 ob
979 375 1114 408 inanem
1139 375 1271 408 scilicet
1297 374 1438 407 deorum
1458 374 1612 408 formidi-

911 436 1011 459 nem:
1053 436 1153 468 quam
1192 427 1326 458 tametsi
1355 425 1609 467 superstitionis

910 481 1048 516 etymon
1076 476 1148 507 sive
1176 476 1378 518 vocabulum
1403 475 1515 516 ipsum
1543 484 1610 506 non

909 524 959 556 ita
974 524 1158 557 manifeste
1183 525 1420 564 demonstran
1442 524 1610 567 siquidem

909 584 930 606 a
953 579 1134 615 parentum
1155 575 1300 606 assiduis
1322 575 1498 616 precibus,
1518 579 1557 607 ut
1571 575 1613 607 li-

909 626 1009 657 beros
1035 627 1186 658 habeant
1211 627 1428 668 superstites,
1457 626 1526 659 dici
1553 636 1611 658 vo-

907 676 1006 715 lunt;
1029 682 1166 709 constat
1190 682 1304 709 tamen
1327 687 1401 709 eum
1418 677 1469 709 sic
1492 688 1511 709 a
1534 687 1612 710 nos-

907 725 970 756 tris
982 726 1132 766 definiri,
1150 730 1189 759 ut
1209 727 1254 758 sit
1269 726 1379 758 inanis
1401 731 1513 759 metus
1529 727 1610 759 deo-

907 783 993 806 rum.
1020 776 1167 807 Tor-rent.
1213 776 1336 807 Timore
1365 776 1520 817 Deorum]
1544 776 1609 808 Re-

906 824 1044 865 sponsio
1057 829 1120 856 est.

930 877 1014 908 -296
1037 874 1224 916 sapientum
1237 874 1380 915 octavus]
1403 874 1521 906 Simile
1532 874 1610 906 huic

907 925 990 959 illud
1001 925 1178 958 Juvenalis
1203 926 1277 958 Sat.
1294 934 1338 957 11.
1362 926 1372 943 ‘
1385 924 1526 956 Habeat
1536 924 1611 966 jum

910 976 1016 1008 Roma
1032 975 1210 1017 pudorem,
1227 975 1364 1007 Tertius
1379 985 1398 1006 e
1420 975 1509 1007 coelo
1524 975 1613 1007 ceci-

909 1027 960 1058 dit
973 1025 1085 1059 011103
1105 1026 1249 1058 Torreat.
1277 1025 1463 1066 Sapientiam
1474 1028 1613 1062 octavus,

907 1076 978 1116 εμπ]
1006 1076 1204 1112 Stertinius,
1237 1080 1369 1117 septem
1398 1074 1610 1117 sapientibus

909 1126 1042 1158 Graecis
1057 1125 1342 1157 adnumerandus.
1377 1124 1526 1157 Ironice.

951 1179 1014 1209 297
1030 1177 1132 1208 Arma
1145 1175 1248 1216 dedit]
1262 1175 1364 1208 Hanc
1376 1173 1611 1207 defensionem

909 1227 1016 1259 dedit.
1057 1228 1266 1268 Compellarer
1286 1225 1420 1266 inultas]
1445 1225 1498 1256 Ne
1522 1225 1612 1257 insa-

909 1287 970 1307 nus
985 1277 1130 1308 dicerer.

949 1329 1014 1358 299
1040 1327 1205 1367 Respicere
1231 1327 1355 1368 ignoto]
1378 1326 1472 1358 Nota
1494 1326 1612 1366 AEsopi

910 1378 952 1408 de
984 1377 1116 1408 duabus
1154 1377 1327 1416 manticis,
1367 1376 1484 1408 Graeci
1512 1375 1612 1416 πήρας

910 1432 1044 1468 vocant,
1060 1426 1209 1458 fabella:
1235 1426 1277 1464 ad
1301 1436 1401 1468 quam
1417 1426 1540 1459 alludit
1555 1426 1610 1458 hic

908 1477 1091 1515 Horatius,
1119 1477 1172 1508 uti
1209 1476 1243 1508 in
1274 1477 1402 1508 Varum
1429 1477 1609 1518 Epigram-

908 1531 1000 1558 mate
1027 1526 1203 1558 Catullus:
1240 1526 1329 1558 ‘Sed
1357 1535 1424 1557 non
1456 1526 1610 1558 videmus

907 1577 1064 1608 mauticae
1081 1577 1172 1618 quod
1195 1577 1229 1608 iu
1246 1582 1342 1617 tergo
1359 1577 1436 1609 est.’
1480 1578 1525 1609 Et
1542 1578 1611 1608 ele-

908 1627 1106 1668 gantissime
1135 1627 1339 1658 Themistius
1375 1628 1408 1658 in
1440 1627 1610 1659 Oratione

909 1687 986 1718 quae
1015 1675 1212 1713 βασανιῶ-τὴς
1245 1677 1454 1712 inscribitur,
1487 1683 1611 1718 optans

909 1727 1034 1757 inverti
1055 1726 1120 1756 sibi
1136 1727 1317 1765 manticas,
1340 1736 1407 1767 quo
1425 1736 1519 1758 suam
1536 1731 1610 1758 tan-

910 1781 980 1807 tum
1019 1776 1190 1816 respicere
1217 1782 1348 1816 posset,
1374 1777 1519 1808 alienam
1550 1778 1610 1809 mi·

910 1825 1022 1856 nime:
1039 1824 1129 1866 quod
1143 1826 1232 1857 enim
1243 1826 1300 1857 alii
1311 1826 1427 1858 dicant
1442 1827 1522 1858 nihil
1536 1837 1611 1860 esse

891 1875 1043 1907 'dulcius
1068 1885 1180 1916 neque
1206 1875 1395 1916 jucundius
1412 1887 1512 1918 quam
1541 1887 1610 1909 om-

910 1925 963 1956 nia
987 1934 1097 1964 nosse,
1123 1925 1157 1956 id
1180 1925 1245 1956 sibi
1269 1935 1402 1967 quoque
1429 1927 1550 1966 videri,
1581 1928 1610 1959 si

910 1974 1000 2006 bona
1030 1974 1110 2006 sint.
1150 1975 1238 2007 Torr.
1290 1975 1468 2007 Pendentia
1504 1976 1610 2017 tergo]

910 2025 1028 2056 Discet
1044 2034 1105 2056 sua
1121 2030 1280 2066 peccata,
1307 2035 1383 2067 quae
1400 2025 1551 2066 pendent
1576 2026 1610 2057 in

909 2075 1061 2106 mantica
1081 2085 1100 2106 a
1117 2080 1215 2116 tergo
1238 2075 1302 2106 sibi
1328 2075 1454 2115 ignoto.
1499 2076 1610 2108 Nemo

909 2125 1000 2156 euim
1032 2134 1128 2156 suum
1175 2129 1308 2165 tergum
1346 2126 1451 2156 novit.
1510 2124 1610 2165 [Vat.

909 2175 1008 2206 Rom.
1026 2177 1055 2205 8.
1074 2184 1094 2206 a
1109 2183 1152 2206 m.
1170 2184 1220 2214 pr.
1239 2175 1406 2214 pendentia
1420 2174 1526 2214 coum]

943 2227 1008 2256 300
1024 2223 1130 2256 Stoice
1138 2228 1207 2265 post
1223 2225 1388 2266 damnum]
1406 2225 1523 2256 Iri-isio
1536 2234 1610 2265 per-

909 2279 1062 2306 venusta.
1108 2275 1230 2316 Neque
1248 2276 1337 2306 enim
1358 2275 1612 2315 simpliciterut

910 2324 1153 2363 Philosophum
1175 2325 1315 2362 salutat,
1330 2324 1390 2355 sed
1408 2328 1445 2354 nt
1458 2333 1534 2354 011111
1553 2324 1611 2364 qui

910 2372 1033 2403 damno
1049 2373 1126 2402 talis
1150 2371 1262 2402 factus
1282 2372 1325 2402 sit
1344 2383 1353 2410 ;
1378 2377 1410 2402 et
1437 2377 1610 2413 tamquam

910 2431 952 2453 eo
988 2422 1123 2452 nomine
1161 2421 1348 2461 indignum,
1380 2421 1483 2452 tacite
1509 2421 1611 2462 jubet

911 2471 1024 2502 redire
1049 2470 1091 2502 ud
1113 2476 1351 2506 mercaturam,
1367 2475 1491 2511 optans
1507 2471 1610 2502 etiam

911 2526 949 2552 ut
964 2530 1039 2552 cum
1057 2522 1150 2551 lucro
1166 2520 1200 2551 id
1213 2519 1330 2559 faciat,
1346 2529 1388 2551 ne
1411 2519 1522 2551 denuo
1540 2520 1611 2560 phi-

912 2570 1080 2611 losophari
1098 2577 1234 2601 necesse
1247 2571 1312 2600 sit:
1339 2570 1387 2600 ita
1402 2569 1490 2599 enim
1506 2569 1611 2601 inter-

912 2626 1032 2662 pretor
1052 2620 1134 2650 illud
1150 2630 1158 2650 ε
1183 2620 1256 2651 ‘Sic
1274 2619 1401 2650 vendas
1413 2620 1527 2650 omnia
1539 2620 1612 2660 plu-

913 2670 983 2701 ris!
1005 2670 1147 2701 Torreat.
1205 2669 1324 2709 Stoice,
1358 2672 1428 2709 post
1451 2669 1613 2710 damnum]

912 2720 1077 2760 Dialogus
1103 2724 1156 2751 est
1182 2719 1272 2750 inter
1288 2719 1412 2750 Horat.
1429 2723 1465 2750 et
1488 2719 1611 2751 Dama-

913 2771 1046 2811 sippum
1062 2779 1169 2810 usque
1193 2768 1235 2800 ad
1250 2769 1383 2810 Satyrae
1399 2768 1510 2800 finem.
1554 2768 1610 2801 Sic

912 2821 1024 2851 vendas
1049 2820 1152 2851 omnia
1173 2819 1292 2860 pluris]
1331 2818 1363 2850 O
1388 2817 1610 2860 Damasippo,
