1916 3262
440 303 644 334 HossAru
679 303 953 333 οΛκΜιΝυΜ
993 294 1263 335 ιιΒμι.28,

124 395 226 435 longa
255 396 344 428 enim
376 401 479 429 aetate
515 397 548 428 in
578 405 676 427 auras
712 395 827 436 potius

123 446 315 486 evanuisse,
329 457 428 488 quam
444 452 596 479 mortuns
619 455 695 478 esse
719 445 826 477 videri

123 502 263 536 poterat
277 508 285 528 ι
300 507 375 530 nam
389 500 398 516 ⁸
414 498 510 538 longa
519 497 697 528 Tithonum
708 496 829 528 minuit

123 547 306 580 senectus-³
353 549 466 580 Malim
484 553 596 579 tamen
610 547 697 578 hunc
715 548 828 578 locum

124 596 167 627 de
184 604 306 630 avecto
325 597 470 630 Aurorae
485 607 587 630 curru
607 597 754 629 Tithono
778 598 828 628 iu-

125 647 290 688 telligere.
315 649 458 681 Tor-rent.

164 700 187 728 9
210 698 330 739 Minoo]
349 700 460 731 Minos
477 708 535 730 rex
546 699 675 738 Cretae,
691 699 748 740 qui
768 708 828 730 no-

122 756 166 778 no
189 757 321 789 qumque
337 758 426 781 anno
449 759 619 780 sermones
641 760 718 781 cum
741 750 829 782 Jove

121 795 275 828 conferre
287 798 434 830 solebat.

164 847 445 890 mPanekofflen]
481 849 611 881 Facete
646 849 828 881 admodum

119 896 327 938 Pythagora*
351 899 444 930 illam
473 900 591 931 animae
625 900 658 931 in
693 900 830 932 diversa

119 955 263 987 corpora
277 951 605 989 transmigrationem
619 951 735 991 (quatu
749 961 830 988 μετ-

117 995 300 1037 εμψύχωιν
313 998 364 1030 καὶ
377 999 628 1040 παλιγγενεσίαν
641 1001 758 1032 Graeci
774 1010 831 1032 vo·

119 1046 219 1089 caut)
250 1049 393 1082 irridet:
427 1057 463 1082 et
492 1061 569 1082 cum
603 1050 829 1089 Panthoiden,

118 1096 183 1129 hoc
199 1102 265 1135 est,
281 1099 515 1140 Euphorbum,
534 1099 684 1131 Panthei
709 1099 829 1138 tilium,

119 1149 270 1188 appellat
287 1158 376 1189 eum,
401 1151 458 1191 qui
483 1156 607 1182 natura
630 1149 828 1181 Mnesarchi

119 1197 230 1231 filius:
249 1204 375 1231 etcum
393 1201 518 1232 iterum
533 1201 628 1232 Orco
645 1201 829 1232 demissum

119 1249 191 1289 ait;
212 1251 319 1282 semel
339 1261 477 1292 nempe,
496 1257 533 1283 ut
556 1251 782 1292 Euphorbum
809 1261 827 1282 a

119 1299 292 1339 Menelao,
325 1299 452 1339 denuo,
484 1305 520 1332 ut
546 1301 778 1341 Pythagoram
809 1311 828 1332 a

115 1348 248 1381 civibus
271 1349 339 1380 suis
362 1349 604 1382 interfectum:
629 1351 686 1390 qui
712 1355 826 1381 tamen

116 1404 275 1438 mortem,
286 1403 323 1431 ut
336 1404 404 1431 rem
422 1399 825 1438 uiliili‚contemueudam

116 1457 192 1479 esse
214 1448 384 1487 docuerit,
405 1459 471 1490 qua
491 1459 587 1480 nemo
600 1450 733 1481 scilicet
750 1459 823 1490 per·

115 1498 195 1538 iret,
223 1499 283 1531 sed
309 1500 343 1531 iu
369 1500 460 1531 aliud
491 1500 587 1531 velut
611 1499 822 1532 domicilium

115 1547 337 1590 demigraret.
394 1550 448 1581 Sic
475 1550 567 1580 enim
601 1550 706 1581 Ovid.
735 1551 823 1582 Met.

84 1607 180 1636 ,xm
219 1600 362 1632 Torrent-
410 1599 626 1640 Panthoiden]
649 1601 823 1642 Pythago·

116 1658 198 1690 ram,
215 1650 272 1692 qui
283 1650 470 1682 animarum
487 1651 821 1691 transmigrationem

114 1698 148 1730 in
174 1699 242 1731 alia
261 1709 409 1741 corpora
434 1710 496 1731 suo
521 1699 743 1732 confirmabat
764 1711 822 1732 ex-

115 1750 244 1790 emplo,
257 1750 386 1789 dicens,
401 1759 438 1781 se
454 1749 558 1781 fuisse
574 1752 664 1791 apud
682 1751 821 1791 Trojam

87 1798 89 1801 ’
114 1800 335 1841 Euphorbum
351 1800 500 1832 Pautltoi
521 1800 638 1832 filium.
685 1801 821 1841 Iterum]

116 1850 218 1890 Saepe
239 1854 422 1888 mortuum,
447 1855 646 1881 transeunte
663 1851 735 1891 ejus
751 1853 822 1882 aui-

116 1908 170 1931 ma
186 1899 220 1930 in
234 1900 329 1931 alios.
345 1923 352 1935 .

160 1952 197 1981 ll
233 1949 386 1985 Quamvis
409 1949 528 1990 clypeo]
561 1950 727 1983 Quamvis
760 1961 823 1991 per

116 1999 308 2031 detractum
331 2009 350 2030 e
372 2005 471 2040 poste
501 2000 619 2040 templi
646 2001 822 2041 Euphorbi

115 2050 273 2090 clypeum
291 2053 435 2080 testatus
451 2058 486 2079 se
509 2049 667 2089 Trojanis
690 2054 822 2090 tempo-

113 2100 206 2133 ribus
219 2100 436 2139 Euphorbum
457 2098 575 2136 fuisse,
593 2100 674 2130 nihil
692 2105 822 2140 praeter

113 2156 239 2191 eorpus
251 2149 394 2189 interire
410 2148 474 2180 sihi
488 2155 714 2188 persuaserat.

157 2199 285 2233 ussNon
295 2199 441 2231 sordidus
452 2198 559 2239 utitor]
578 2199 819 2231 Nobilissimus

0 2231 15 2254 ρ’
50 2253 54 2258 ’
113 2244 295 2292 indue-tor
309 2250 475 2281 naturalis
490 2249 657 2280 veritatis.
701 2249 820 2290 Autor]

114 2301 184 2336 Qut
205 2300 330 2341 omnia,
349 2309 426 2341 quae
446 2300 602 2331 veritatis
622 2309 662 2330 ac
686 2305 819 2331 naturae

114 2349 324 2391 indagationi
350 2349 541 2384 obstarent,
569 2348 708 2381 fortiter
737 2359 819 2381 con-

114 2399 303 2440 tempserit.
345 2399 475 2430 Verum
498 2402 535 2430 et
561 2399 714 2430 hocloco
731 2399 821 2431 ridet

116 2449 294 2481 Horatius.
339 2446 426 2478 Vide
451 2447 527 2479 Val.
556 2447 650 2479 Max:
677 2457 759 2480 vui.
785 2451 818 2481 7.

114 2497 238 2540 [Indice
252 2500 283 2528 ts
293 2505 355 2527 non
362 2505 388 2526 s.
403 2499 491 2527 actor
505 2496 740 2530 Schoenborn.
753 2498 805 2539 2.]

160 2550 199 2578 15
227 2547 299 2578 Una
317 2549 418 2576 manet
436 2544 516 2585 nox]
542 2546 614 2577 Uno
637 2552 762 2587 autem,
784 2548 819 2579 id

115 2603 182 2637 est,
219 2596 374 2628 omnibus
406 2595 613 2626 communis:
651 2598 821 2629 nascimur

116 2648 206 2679 enim
237 2644 405 2677 morituri.
457 2644 526 2676 Pro
555 2653 632 2684 nox,
661 2646 821 2679 Torrent-

114 2708 198 2731 mors
223 2697 290 2736 legi
306 2695 434 2726 mallet.
480 2694 573 2735 Nox]
600 2695 676 2726 Una
702 2696 820 2727 mortis

117 2748 306 2781 necessitas
318 2754 434 2777 omnes
448 2749 624 2784 expectat.

157 2801 198 2830 17
227 2795 347 2836 Furioe]
365 2795 395 2826 A
412 2793 509 2825 furiis
523 2792 715 2826 conflantur
731 2794 822 2826 bella

113 2859 190 2891 quae
204 2847 328 2880 Martis
349 2850 429 2878 sunt
444 2844 527 2877 ludi.
571 2845 820 2887 [Schoenhoru.

1477 296 1586 338 1381

881 398 912 426 2.
928 397 1105 435 spectaculo
1122 396 1246 436 morti]

926 449 963 477 18
988 447 1102 477 Acidis
1123 446 1223 486 mare]
1248 445 1288 477 In
1317 445 1433 477 multis
1460 447 1586 478 codici-

879 494 941 527 bus
969 494 1096 527 avidum
1123 496 1230 527 scribi
1266 501 1414 527 testatur
1442 496 1590 527 Torren-

882 545 962 577 tius.
1006 546 1094 577 Nam
1115 546 1242 577 uvidum
1266 556 1352 578 mare
1370 550 1484 584 vocat,
1499 547 1589 587 qnod

880 599 934 626 tot
967 594 1142 627 fluminum
1170 597 1307 636 haustu,
1334 601 1386 627 tot
1415 595 1590 636 absorptis

881 644 1031 687 undique
1047 645 1187 681 divitiis,
1204 655 1376 687 nunquam
1390 650 1588 676 saturetur:

881 695 933 727 vel
970 695 1098 727 aridum
1126 705 1188 736 pro
1221 697 1339 736 ingens
1370 705 1411 726 ac
1443 699 1589 735 vastum,

880 751 1018 787 sumpta
1041 746 1083 777 ab
1102 747 1214 778 avaris
1237 746 1438 785 tralatione,
1466 747 1589 788 quibus

881 796 961 827 nihil
987 795 1125 828 sufficit.
1164 796 1333 837 [Guelph.
1356 800 1402 827 est
1416 806 1502 828 mare
1524 797 1590 827 avi·

879 848 952 878 dum
966 857 1080 887 quoque
1095 846 1232 886 nautis-J

925 899 966 928 19
988 897 1104 938 Mista]
1137 898 1311 939 Cujusque
1341 898 1454 929 aetatis
1483 898 1589 930 homi-

881 955 940 978 nes
957 947 1099 978 iuterire
1115 953 1267 988 oportet,
1283 949 1437 988 quamvis
1455 948 1589 980 diverso

881 998 999 1030 mortis
1024 1007 1163 1039 genere.
1212 999 1411 1039 Densantur]
1444 999 1588 1031 Torren-

882 1048 948 1079 tius
965 1048 1062 1090 legit,
1078 1049 1268 1081 Densentur.
1308 1050 1510 1090 Densantur]
1521 1051 1589 1083 Cu-

882 1099 1064 1130 tnulantur.
1362 1099 1368 1102 “

923 1151 964 1180 20
981 1149 1174 1190 Proserpina
1190 1149 1301 1190 fugit]
1320 1149 1433 1181 Acron
1451 1151 1586 1191 Hypat-

880 1199 978 1239 lagen
1009 1209 1083 1230 esse
1114 1201 1198 1240 vult,
1232 1209 1295 1241 pro
1323 1200 1450 1231 nullum
1479 1205 1589 1241 caput

879 1249 1121 1290 Proserpinam
1150 1249 1255 1290 fugit,
1284 1249 1345 1282 sed
1377 1251 1476 1282 male.
1531 1250 1587 1282 Ad

879 1305 1034 1331 veterum
1061 1301 1148 1331 enirn
1173 1301 1452 1340 superstitionem
1483 1302 1588 1341 respi—

878 1350 926 1380 cit
953 1349 1086 1388 Poe'ta;
1122 1361 1189 1392 qna
1212 1350 1398 1381 credebant
1427 1359 1500 1388 eos,
1529 1352 1586 1391 qui

877 1399 976 1429 morti
1002 1403 1118 1430 essent
1147 1400 1306 1440 proximi,
1331 1410 1349 1431 a
1377 1401 1586 1439 Proserpina

875 1448 1021 1488 primum
1059 1450 1206 1488 tonderi,
1244 1459 1307 1481 nec
1345 1450 1446 1480 aliter
1484 1459 1585 1490 posse

874 1507 973 1539 quam
987 1499 1012 1528 si
1029 1499 1078 1530 bis
1096 1500 1198 1531 veluti
1218 1500 1378 1541 primitiis
1395 1499 1490 1530 Orco
1505 1510 1586 1532 auc—

875 1552 1096 1580 torarentur:
1127 1554 1165 1580 ut
1202 1549 1322 1590 Virgil.
1349 1550 1392 1580 de
1422 1550 1584 1589 Didone3

875 1598 884 1614 ‘
900 1598 1038 1629 Nullum
1052 1599 1099 1629 illi
1117 1597 1241 1630 flavum
1270 1600 1481 1640 Proserpina
1508 1609 1583 1631 ver-

875 1648 941 1680 tice
953 1649 1082 1680 crinem
1097 1648 1323 1680 Abstulerat)
1339 1650 1484 1691 Tot-rent.
1501 1651 1583 1682 Can-

872 1703 959 1729 terus
981 1699 1064 1729 Non.
1086 1699 1176 1730 Lect.
1203 1708 1255 1730 tv.
1272 1702 1325 1730 20.
1372 1700 1582 1740 Proserpina]

874 1750 991 1787 Mors3
1015 1755 1067 1780 est
1084 1750 1173 1780 enim
1191 1750 1397 1791 Proserpina
1414 1751 1531 1782 mortis
1548 1756 1585 1782 et

875 1799 955 1830 vitae
973 1799 1117 1830 arbitra.

915 1851 957 1878 21
973 1848 1100 1879 Des-exi
1118 1848 1262 1888 Orionis]
1288 1848 1366 1879 Ἀπὸ
1392 1850 1449 1880 τοῦ
1472 1850 1583 1890 οὐρεῖν,

873 1897 991 1939 Οὐρίων
1005 1909 1013 1928 2
1039 1898 1128 1929 uude
1145 1900 1256 1930 Dores
1268 1899 1390 1940 Ὠρίων,
1405 1899 1461 1930 alii
1474 1899 1583 1941 Ὀρίων

875 1948 1002 1980 fecere.
1048 1950 1176 1980 Notum
1202 1959 1285 1980 vero
1311 1949 1452 1980 Orionis
1478 1951 1581 1981 corni-

874 2004 941 2031 tem
960 2001 1138 2041 eleganter
1155 2001 1244 2032 dixit
1260 2001 1437 2040 Horatius,
1450 2006 1487 2032 ut
1504 2005 1513 2020 ‘
1527 2011 1582 2032 ve·

873 2051 920 2082 ris
935 2051 1078 2084 comites
1099 2052 1235 2082 Etesias
1262 2051 1406 2088 ventos,’
1433 2061 1484 2082 ιν.
1513 2052 1581 2084 Od.

874 2101 1027 2142 12.quod
1055 2101 1342 2142 quemadmodum
1363 2101 1410 2132 illi
1435 2111 1507 2138 ver,
1531 2103 1580 2134 sic

873 2152 986 2183 Notus
1004 2151 1168 2183 Orionem
1182 2152 1348 2192 sequitur.
1373 2152 1580 2184 Orionenim

872 2202 963 2233 inter
978 2201 1147 2233 horrenda
1165 2202 1291 2242 sidera,
1305 2207 1341 2233 ut
1359 2201 1526 2234 Arcturus
1544 2209 1580 2235 et

872 2253 990 2291 Haedi,
1020 2258 1262 2295 tempestatem
1291 2254 1379 2292 ciet;
1406 2260 1442 2285 ut
1470 2255 1579 2295 Epod.

873 2313 935 2335 xv.
961 2305 970 2322 ‘
986 2305 1110 2337 Nautis
1127 2303 1273 2336 infestus
1291 2304 1426 2336 Orion.'
1457 2305 1579 2345 Virgil.

869 2363 1006 2395 quoque
1030 2355 1039 2372 ‘
1058 2363 1222 2395 aquosum
1237 2353 1247 2367 '
1277 2358 1313 2385 et
1342 2355 1351 2371 ⁴
1365 2354 1553 2385 nimbosum
1572 2355 1580 2367 ’

871 2406 981 2434 vocat.
1007 2403 1152 2435 Torrent.
1206 2403 1350 2443 Devexi]
1385 2404 1579 2444 Devmrum,

872 2453 1038 2492 intellige,
1053 2453 1108 2483 vel
1126 2453 1182 2492 qui
1200 2452 1242 2483 ad
1261 2452 1430 2483 Occasum
1456 2454 1578 2493 vergit,

871 2502 924 2532 vel
934 2501 991 2542 qni
1009 2501 1044 2531 in
1060 2500 1184 2532 declivi
1198 2501 1276 2531 coeli
1292 2506 1390 2540 parte
1406 2502 1493 2532 situs
1512 2507 1578 2532 est.

871 2551 961 2582 Nam
975 2549 1100 2590 Orion,
1111 2549 1184 2580 sive
1194 2550 1307 2580 oriens
1318 2551 1388 2580 sive
1403 2550 1578 2588 occidens,

870 2600 1002 2631 nimbos
1019 2604 1056 2631 et
1068 2603 1186 2630 ventos
1203 2599 1344 2637 excitat,
1368 2599 1424 2639 qui
1448 2599 1578 2630 idcirco

871 2650 975 2690 ipsius
998 2649 1140 2680 comites
1157 2647 1327 2678 dicuntur.

913 2701 956 2730 22
979 2697 1132 2740 Illyricis]
1151 2698 1300 2728 Firmum
1322 2701 1374 2728 est
1399 2699 1577 2731 castellum
1614 2699 1618 2705 “

872 2758 1015 2789 vergens
1031 2748 1072 2779 ad
1087 2747 1256 2788 Illyriam,
1271 2747 1360 2778 unde
1377 2747 1431 2780 hic
1444 2747 1576 2790 Archy-

872 2803 925 2830 tas
939 2798 1066 2829 dicitur
1081 2797 1270 2828 Firmanus.

915 2851 956 2880 23
981 2849 1026 2879 At
1051 2847 1102 2888 tu]
1132 2846 1305 2888 Archytas
1326 2851 1464 2880 nautam
1487 2854 1575 2890 orat,
