1916 3262
356 259 373 299 l
382 260 465 300 :3313

356 361 507 392 l’issmet
517 359 659 397 Elidem,
669 359 701 390 in
717 367 846 397 campo,
859 357 911 388 cui
925 357 1039 396 Olym-

356 409 412 449 pia
438 417 569 446 nomen,
597 417 715 446 magno
741 411 908 437 conventu
937 406 1038 436 totius

355 457 510 493 Graeciae‚
531 457 715 487 certamine
737 454 896 494 equestri,
924 454 1039 494 quinto

357 515 443 537 atino
466 505 631 536 celebrari
655 507 912 541 consueverunt,
927 504 959 532 in
983 502 1039 532 ho·

356 565 468 587 norem
484 555 578 588 Jovis
595 554 756 594 Olympii.
802 554 851 583 De
867 553 953 584 ludis
969 552 1040 583 Cir-

357 604 511 636 censibus
528 603 604 634 vide
623 603 719 634 Alex.
735 603 776 633 ab
793 602 892 633 Alex.
911 611 945 633 v.
962 604 992 632 8.

399 657 417 684 4
442 654 586 692 Metaque
605 651 757 690 fervidis]
795 652 909 682 Curuli
933 655 1041 680 certa-

357 703 446 733 mine
462 701 736 732 contendentium
754 700 860 739 prima
876 709 914 730 ac
930 699 1043 739 pra‘cl·

359 761 425 792 pua
442 751 552 781 caiitio
569 754 634 786 est,
658 755 692 779 ut
718 750 789 789 ipso
813 757 930 778 cursus
954 746 1041 777 flexu

358 801 552 838 contingere
570 799 702 839 quidem
719 802 837 828 metam
859 797 1046 834 videantur,

360 859 424 880 uon
443 849 629 888 impingant
656 852 776 877 tamen.
822 846 862 876 In
889 846 945 875 illo
962 855 1045 875 sum-

361 908 414 928 ma
427 898 507 928 artis
523 898 594 927 laus
609 907 616 933 ;
642 897 674 926 iu
690 896 752 926 hoc
769 905 928 925 summum
946 894 1044 924 etiam

362 947 440 978 vitae
458 946 652 986 periculum.
697 945 814 974 Omnis
831 953 911 982 ergo
931 943 963 973 in
982 943 1046 973 cir-

363 994 570 1032 cumagendo
587 993 628 1024 ad
646 1000 766 1023 metam
786 994 985 1023 certantium
1002 993 1046 1022 la-

363 1044 423 1074 bor
452 1042 616 1073 consistit.
646 1040 731 1071 unde
763 1041 996 1080 pulcherrim-<e
1028 1051 1047 1071 a

363 1093 460 1122 Circo
481 1091 520 1123 ad
547 1092 646 1120 vitam
670 1095 817 1120 nostram
840 1091 1048 1127 tralatioues,

366 1142 412 1171 uti
441 1140 474 1170 iu
495 1140 643 1169 oratioue
661 1148 720 1177 pro
738 1138 865 1169 Caelio:
897 1140 906 1155 ‘
923 1139 959 1168 ln
988 1140 1048 1169 hoc

364 1187 452 1218 flexu
469 1189 587 1222 amatis,
603 1187 691 1217 fama
713 1187 936 1217 adolescentis
951 1188 1048 1218 haesit

365 1238 405 1267 ad
422 1235 550 1267 metas!
576 1236 713 1267 Torrent.
756 1236 901 1275 Metaque
920 1235 1050 1275 evitata]

364 1287 543 1317 Terminus
561 1285 619 1325 (ad
636 1295 731 1324 quem
749 1285 904 1318 dirigitur
919 1284 1051 1324 cursus)

365 1341 462 1365 caute
475 1334 631 1364 evitatus.
679 1331 834 1370 Fervidoe's]
853 1333 946 1363 Rotae
964 1333 1050 1363 enim

365 1382 530 1414 currendo
546 1381 687 1412 fervent.

408 1435 426 1461 5
455 1431 618 1470 Palmaque
632 1429 756 1468 nobilis]
790 1428 969 1459 Praemium
988 1429 1052 1458 vic-

368 1480 478 1516 toriae,
502 1489 575 1519 quae
602 1479 750 1509 homines
777 1479 940 1513 nobilitat.
986 1478 1053 1508 Hic

367 1527 471 1558 τελεία
500 1527 615 1565 στιγμὴ
645 1526 801 1566 ponenda
828 1531 891 1557 est.
944 1527 1055 1566 Repe-

370 1577 505 1608 tendum
522 1581 632 1606 autem
650 1575 710 1606 ἀπὸ
725 1577 825 1606 κοινοῦ
838 1577 943 1614 juvat.
989 1575 1055 1609 Qui

369 1627 454 1657 hauc
467 1625 564 1657 Odeu
578 1625 674 1664 primi
686 1625 913 1655 contaminare
926 1634 1056 1663 aggres-

372 1675 398 1704 si
420 1678 508 1712 suut,
529 1672 669 1703 offendit
690 1683 793 1712 genus
816 1673 972 1712 loquendi
991 1673 1056 1702 for-

365 1729 459 1754 *tasse
475 1721 716 1759 duriusculum,
730 1721 788 1751 sed
807 1726 918 1752 tamen
936 1722 1056 1751 Flacco

371 1773 529 1804 usitatum
543 1782 550 1801 :
577 1776 611 1809 ut
628 1770 733 1802 iufra:
758 1772 767 1788 ‘
780 1772 840 1801 Est
854 1771 908 1811 qui
925 1781 986 1802 nec
1003 1780 1058 1801 ve.-

370 1822 450 1853 teris
484 1821 601 1861 pocula
631 1820 768 1850 Massici
801 1819 958 1860 Spernit!
1014 1820 1059 1850 Et

370 1872 491 1902 clarius
507 1880 555 1901 ιν.
570 1870 638 1900 Od.
661 1873 690 1900 1.
717 1872 726 1888 ‘
741 1870 799 1900 Me
822 1879 884 1901 nec
908 1869 1058 1908 foemina,

371 1931 433 1952 nec
451 1930 533 1960 puer
545 1920 632 1956 Jam,
646 1928 707 1949 nec
722 1928 798 1959 spes
811 1920 911 1950 animi
924 1919 1060 1949 credula

371 1969 490 2007 mutui,
505 1968 578 1999 Nec
594 1973 724 1997 certare
735 1967 836 2007 juvat
847 1967 963 1998 mero.'
980 1968 1059 1997 Rut-

369 2027 452 2056 gere.

414 2070 435 2097 6
460 2067 623 2097 Terrarum
646 2065 810 2105 nominos]
849 2064 1059 2104 Periphrasis

373 2115 717 2154 Romanoruni‚juxta
727 2115 806 2144 illud
819 2114 934 2144 Poetae
949 2125 956 2144 :
973 2115 982 2131 ‘
995 2114 1059 2144 Ro-

372 2175 486 2196 manos
501 2174 610 2196 rerum
623 2164 786 2202 dominos,
798 2169 998 2204 gentemque
1011 2167 1061 2194 to-

369 2215 510 2256 ganum?
530 2214 669 2245 Interim
687 2213 884 2244 Graecorum
900 2213 1060 2243 insaniam

375 2263 543 2298 deridens,
560 2262 650 2302 apud
676 2271 758 2302 quos
783 2262 815 2292 in
833 2261 998 2301 Olympiis
1016 2261 1061 2291 vi-

375 2313 475 2351 cisse,
496 2312 598 2352 majus
621 2315 693 2341 erat
709 2320 748 2341 ac
762 2310 946 2351 gloriosius,
962 2320 1060 2349 quam

376 2362 490 2393 Romae
521 2360 754 2399 triumphasse.
798 2359 895 2389 Unde
923 2363 931 2376 ⁴
944 2359 1061 2398 Olym-

376 2409 577 2450 pionicarum
591 2407 683 2446 vita‚’
700 2412 855 2447 tanquam
868 2405 1062 2436 felicissima

375 2460 477 2490 etiam
494 2458 525 2488 iu
549 2456 761 2496 proverbium
786 2456 878 2486 abiit.
924 2455 1063 2487 Torrent.

376 2517 437 2548 per
454 2507 617 2538 Terrarum
638 2505 785 2536 Dominus
805 2504 965 2534 Herman.
1010 2504 1062 2534 Fi-

377 2556 472 2596 gulus
499 2554 669 2593 iutelligit,
686 2554 796 2593 Reges
819 2557 855 2583 et
874 2553 1064 2592 Principes,

377 2605 483 2645 qualis
506 2603 571 2634 fuit
594 2603 772 2641 Hercules,
787 2602 959 2640 Coroebus,
973 2601 1063 2633 Alci·

378 2653 504 2687 biades,
519 2652 652 2692 aliique,
664 2651 718 2691 qui
735 2651 766 2681 iu
780 2650 947 2690 Olympiis
960 2650 1063 2681 victo-

381 2711 432 2731 res
447 2700 548 2731 fuisse
565 2701 735 2731 dicuntur.
780 2699 846 2730 Alii
869 2709 930 2738 per
953 2700 1064 2731 Terra-

378 2759 446 2781 rum
461 2750 620 2788 nominos,
639 2750 728 2779 Deos
744 2748 947 2788 intelligunt.
985 2749 1063 2778 Eve—

807 267 944 297 No’rAE
978 265 1234 296 vAmoRuM
1271 267 1319 297 ΙΝ

1087 356 1135 388 hit
1161 359 1200 388 ad
1230 357 1327 397 Deos]
1367 358 1443 389 Diis
1470 357 1666 398 aequiparat.
1709 356 1775 388 Vel

1088 406 1142 437 hic
1169 417 1204 438 se
1222 404 1294 439 Diis
1314 407 1556 438 immortalibus
1579 415 1692 446 parem
1715 415 1776 446 pu-

1089 458 1152 490 tat,
1169 455 1194 484 si
1212 455 1252 485 ad
1266 465 1362 496 quam
1376 455 1534 486 maximos
1547 454 1688 485 honores
1702 462 1778 492 per-

1091 503 1222 533 veniat:
1249 504 1315 538 ille.
1329 503 1356 534 si
1372 503 1594 543 amplissimas
1606 511 1687 542 opes
1698 510 1778 532 con-

1091 556 1224 582 secutus
1256 552 1309 582 sit.
1352 551 1544 591 Agricolam
1571 554 1696 588 sutem,
1722 549 1778 590 qui

1091 600 1279 631 immoritur
1296 601 1406 631 studio
1430 601 1556 640 agellos
1579 599 1704 639 patrios
1719 608 1779 629 ex-

1091 650 1236 687 colendi,
1265 649 1432 680 adducere
1462 658 1628 688 nunquam
1661 647 1780 687 possis,

1092 699 1169 739 quin
1205 699 1317 739 quiete
1350 699 1506 729 rusticari
1539 698 1644 734 malit,
1680 706 1778 736 quam

1093 757 1167 777 cum
1199 748 1346 787 periculo
1375 751 1597 778 mercaturam
1631 745 1782 786 aggredi.

1096 796 1243 834 Rutgers.

1136 847 1154 874 7
1181 845 1288 884 Hanc]
1313 844 1352 874 ld
1369 849 1433 882 est,
1449 844 1560 880 alium,
1577 843 1633 884 qui
1650 843 1781 874 honori-

1095 894 1155 924 bus
1172 894 1321 924 inservit.
1366 892 1545 932 Mobilium]
1578 893 1678 923 Multi
1702 892 1782 923 libri

1095 943 1222 973 hubent
1245 943 1402 981 nobilium,
1416 943 1526 982 „idque
1549 942 1718 982 proprium
1736 941 1782 970 vi-

1097 991 1196 1021 detur
1211 991 1300 1020 illius
1318 991 1442 1030 populi,
1459 991 1501 1020 ob
1525 999 1634 1020 rerum
1657 989 1782 1026 magni-

1098 1042 1246 1071 tudinem
1279 1045 1447 1080 gestarum
1479 1038 1663 1078 epitheton.
1711 1038 1784 1067 Tor-

1097 1093 1175 1119 rent.
1222 1089 1382 1119 Illobt‘lium
1394 1089 1484 1119 turba
1496 1086 1681 1126 Quiritium]
1699 1085 1783 1125 Pop.

1100 1138 1266 1168 Romanus
1278 1138 1308 1167 in
1322 1135 1638 1175 suffragiisfereudis
1655 1143 1786 1174 semper

1099 1192 1171 1216 erat
1189 1187 1317 1216 mobilis
1334 1190 1367 1215 et
1382 1186 1586 1215 inconstans.

1141 1237 1160 1264 8
1186 1233 1391 1272 Terg-eminis]
1424 1233 1579 1263 Maximis
1603 1236 1705 1272 atque
1721 1240 1787 1260 am-

1101 1284 1268 1324 plissimiS.
1305 1284 1407 1313 Turn.
1424 1291 1478 1313 ιιι.
1494 1284 1548 1312 20.
1563 1285 1599 1312 et
1612 1289 1720 1311 xvnr.
1736 1282 1787 1310 12.

1100 1336 1108 1351 ‘
1121 1334 1284 1364 Geminus
1297 1333 1304 1346 '
1319 1334 1406 1363 enim
1423 1337 1458 1363 et
1480 1334 1490 1350 ‘
1503 1331 1718 1371 Tergeminus
1730 1330 1738 1342 ’
1753 1334 1788 1360 et

1100 1384 1108 1400 ‘
1124 1380 1427 1421 septeingeiniuus,’
1445 1390 1503 1420 pro
1519 1381 1646 1419 magnis
1662 1388 1753 1419 saepe
1770 1388 1790 1408 a

1103 1430 1268 1461 veteribus
1280 1434 1494 1469 usurpantur,
1506 1427 1555 1458 uti
1569 1432 1604 1458 et
1619 1432 1628 1444 ‘
1639 1426 1790 1466 duplex.'

1104 1479 1274 1509 Pessimus
1301 1478 1403 1508 etiam
1427 1486 1489 1516 pro
1511 1476 1704 1506 instauratis
1727 1485 1786 1505 εω-

1105 1528 1178 1567 pius
1196 1527 1441 1567 reiteratisque,
1454 1527 1505 1556 vel
1521 1526 1650 1561 iisdem,
1661 1526 1713 1556 vel
1731 1535 1790 1556 no-

1106 1578 1155 1606 vis
1173 1576 1420 1613 magistratibus
1443 1574 1624 1613 tergeminos
1644 1583 1789 1614 expone-

1107 1634 1154 1662 re,
1169 1631 1227 1655 aut
1244 1634 1318 1654 cum
1335 1624 1567 1663 l’orphyrione
1588 1622 1628 1653 ad
1645 1623 1791 1662 gemina-

1107 1678 1156 1704 tos
1175 1673 1288 1713 populi
1305 1673 1337 1703 in
1353 1673 1483 1704 theatro
1500 1672 1634 1711 plausus
1650 1670 1792 1702 referre.

1111 1724 1252 1753 Turrem.
1296 1723 1456 1762 Loquitur
1485 1722 1572 1752 euim
1601 1720 1644 1751 de
1664 1730 1705 1752 eo
1736 1722 1792 1761 qui

1108 1770 1258 1801 favotem
1280 1770 1369 1809 vulgi
1395 1774 1545 1809 captans,
1568 1773 1676 1809 optet,
1691 1779 1792 1810 quum

1110 1821 1278 1860 ingressus
1300 1819 1344 1849 sit
1364 1819 1542 1857 theatrum,
1567 1819 1716 1858 plausum
1732 1817 1795 1848 sibi

1111 1869 1165 1900 edi
1195 1878 1213 1899 a
1253 1868 1388 1908 populo.
1441 1867 1497 1898 Sic
1529 1867 1618 1897 enim
1647 1866 1795 1906 excipie-

1112 1917 1234 1948 bantur
1269 1917 1301 1946 in
1338 1916 1504 1947 theatrum
1540 1915 1725 1955 principes,
1754 1915 1796 1946 de

1110 1965 1228 2005 quibus
1244 1964 1328 1994 bene
1345 1964 1487 2003 populus
1501 1963 1678 1994 sentiebat.
1710 1963 1798 1994 Con-

1111 2014 1204 2044 venit
1217 2022 1293 2043 cum
1308 2012 1454 2042 hocloco
1466 2020 1506 2042 ιι.
1517 2011 1584 2042 Od.
1599 2013 1649 2042 17.
1671 2012 1680 2028 ‘
1694 2020 1796 2051 quum

1112 2062 1252 2101 populus
1268 2058 1426 2099 frequens
1445 2060 1571 2090 Laetum
1589 2059 1727 2090 theatris
1744 2064 1795 2090 ter

1110 2108 1244 2148 crepuit
1260 2107 1399 2138 sonum!
1421 2107 1568 2146 Stephon.
1614 2107 1676 2138 Vel
1699 2113 1797 2147 terge-

1110 2157 1203 2188 minis
1217 2156 1312 2197 quasi
1334 2165 1353 2186 a
1376 2155 1482 2186 tribus
1507 2155 1692 2192 ordinibus,
1707 2157 1797 2187 scili·

1111 2209 1166 2236 cet
1180 2205 1362 2242 senatorio,
1376 2204 1536 2244 equestri,
1548 2209 1582 2234 et
1601 2204 1743 2244 plebeio,
1760 2204 1798 2235 il-

1110 2254 1198 2285 latis.
1222 2255 1368 2292 Rutgers.
1424 2252 1629 2292 Terga-minis]
1654 2253 1797 2284 Honori·

1110 2306 1171 2336 bus
1193 2305 1416 2344 amplissimis,
1433 2309 1469 2334 et
1481 2304 1646 2344 maximis,
1664 2303 1728 2342 vel,
1742 2303 1797 2334 Δί-

1111 2355 1245 2386 dilitate
1269 2354 1408 2393 majore,
1425 2353 1592 2391 Praetura,
1613 2359 1648 2383 et
1672 2352 1799 2383 Consu·

1112 2405 1195 2435 latu.
1242 2403 1372 2442 Tollere]
1399 2402 1572 2433 Extollere
1592 2401 1634 2432 ad
1652 2401 1798 2432 sublimi-

1112 2462 1202 2484 orem
1219 2452 1394 2491 dignitatis
1411 2451 1562 2491 gradum.

1153 2505 1174 2532 9
1197 2502 1301 2539 Ilium,
1314 2501 1341 2530 si
1353 2500 1492 2540 proprio]
1515 2499 1570 2531 Ita
1589 2499 1799 2540 distinguunt

1113 2552 1224 2591 vulgo,
1248 2557 1286 2582 ut
1305 2550 1452 2591 ejusdem
1479 2549 1540 2580 viri
1564 2550 1619 2584 sit.
1643 2554 1678 2580 et
1702 2559 1798 2589 agros

1112 2600 1241 2630 sarculo
1268 2598 1407 2636 findere,
1437 2603 1472 2629 et
1501 2598 1671 2638 possidere
1698 2607 1799 2639 qnan-

1114 2654 1183 2680 tum
1207 2647 1363 2688 producit
1386 2645 1511 2678 Africa.
1555 2645 1660 2687 Atqui
1686 2646 1800 2677 discri-

1114 2707 1190 2728 men
1215 2696 1311 2728 nimis
1336 2695 1548 2726 manifestum
1576 2699 1640 2724 est.
1682 2693 1799 2724 Altero

1113 2747 1200 2778 euim
1230 2746 1377 2787 agricola
1414 2745 1622 2785 designatur.
1652 2743 1797 2779 sedulus,
