1982 3230
0 418 10 475 νει-νς
0 256 12 404 ν--ι-«μιυῃτ
11 234 19 247 Ἰ
15 192 18 194 Ι

600 299 958 332 apis'ronARuM
993 300 1089 331 mn.
1122 301 1152 330 1.
1182 289 1252 331 17.
1542 288 1656 331 1179

197 394 311 438 Plus
331 398 543 450 poscente
559 393 728 435 ferent:
759 393 911 444 distat,
934 405 1142 436 sumasne
1163 393 1396 448 pudenter,

198 463 272 505 An
293 463 468 518 rapias:
489 461 613 515 atqui
633 473 774 515 rerum
793 465 934 515 caput
952 460 1036 502 hoc
1050 464 1157 512 erat,
1175 461 1249 502 hic
1267 461 1382 502 fons.
1598 461 1656 502 45

198 535 212 554 ‘
227 530 436 572 Indotata
454 529 560 571 mihi
578 541 704 570 soror
725 533 810 580 est,
829 529 1105 583 paupercula
1124 533 1275 578 mater,

195 598 254 640 Et
270 597 431 640 fundus
450 610 531 638 nec
551 596 791 638 vendibilis
811 610 890 639 nec
911 609 1100 651 pascere
1129 595 1310 646 firmus,'

198 665 292 718 Qui
312 665 440 716 dicit,
462 665 641 714 clamat,
673 664 876 706 ‘Victum
897 664 1028 707 date?
1087 663 1292 705 Succinit
1311 663 1438 714 alter,

197 736 212 755 ‘
228 733 286 775 Et
305 733 411 774 mihi
432 732 614 774 dividuo
636 732 820 774 findetur
839 746 1018 775 munere
1037 730 1239 786 quadra?

196 800 289 842 Sed
309 800 468 843 tacitus
488 801 618 855 pasci
639 801 678 842 si
700 806 860 855 posset
879 814 1056 851 corvus,
1077 800 1257 842 haberet
1600 798 1657 839 50

196 867 311 910 Plus
331 867 479 923 dapis,
500 872 545 910 et
563 869 675 910 rixae
696 869 838 911 multo
860 870 1005 911 minus
1026 867 1308 922 invidiaeque.

195 1017 262 1049 kaec
271 1018 496 1052 animadverte.
543 1021 617 1052 Non
631 1023 792 1061 querentes
807 1021 845 1052 de
859 1019 964 1061 inopia
985 1029 1089 1051 coram
1103 1029 1158 1050 suo
1168 1018 1322 1060 principe,
1340 1019 1413 1059 plus
1435 1018 1659 1057 consequentur

196 1070 289 1101 quam
310 1062 365 1102 qui
386 1066 508 1102 petunt.
552 1063 689 1094 Interest
709 1066 815 1094 utrum
839 1062 975 1103 accipias
989 1063 1172 1101 verecunde,
1187 1072 1228 1093 an
1243 1066 1441 1102 extorqueas.
1493 1059 1657 1091 Verumta-

196 1113 267 1135 men
282 1103 348 1136 hoec
360 1115 481 1137 eumma
491 1109 523 1137 et
536 1108 630 1137 cardo
645 1106 692 1137 rei
707 1109 764 1137 eet.
812 1106 963 1147 Quisquis
976 1106 1023 1137 ita
1038 1106 1200 1146 loquitar.-
1226 1105 1376 1136 Sororem
1386 1102 1481 1135 Ιιαὺεο
1492 1102 1562 1134 sine
1576 1102 1659 1138 dote,

197 1150 330 1178 mtrem
340 1147 473 1189 inopem,
488 1152 519 1180 et
531 1150 686 1189 proedium
705 1158 766 1180 non
773 1147 874 1187 facile
888 1149 993 1186 vendi,
1008 1158 1064 1180 nec
1077 1148 1156 1180 satia
1169 1147 1310 1179 alimenti
1321 1146 1462 1187 prebens
1476 1156 1488 1182 ,·
1510 1145 1537 1175 is
1550 1147 1659 1184 aperte

197 1189 276 1221 dicit
286 1200 298 1221 .·
315 1190 403 1222 Date
416 1191 510 1223 cibos.
533 1192 615 1223 Mox
627 1193 707 1223 alter
718 1193 886 1223 succlamat
898 1202 908 1222 .-
924 1191 1101 1223 Dicidatur
1114 1199 1237 1229 munus,
1250 1194 1284 1221 ue
1300 1190 1396 1221 etiam
1411 1188 1489 1219 mihi
1502 1196 1577 1227 pars
1592 1186 1658 1217 dis-

197 1231 369 1264 tribuatur.
404 1233 517 1266 Verum
530 1234 559 1266 si
569 1245 678 1267 carcaa
694 1235 792 1266 silens
806 1236 922 1273 ederet,
933 1235 1004 1274 plus
1016 1234 1154 1265 ciborum
1169 1232 1308 1273 liabent,
1322 1235 1351 1264 et
1365 1233 1458 1271 longe
1471 1232 1576 1262 minus
1589 1228 1658 1259 rix-

799 1333 919 1347 OOONO
923 1332 1046 1347 ”mo

198 1420 340 1458 Combe,
352 1420 488 1453 Wakes.
502 1421 614 1454 Wetz.
629 1421 738 1454 Zeun.
756 1421 862 1454 Kidd.
878 1422 1021 1463 Bipont.
1035 1421 1158 1460 Jaeck,
1172 1423 1208 1452 et
1223 1419 1376 1461 Doeriug.
1411 1419 1479 1451 Sed
1490 1419 1563 1459 jam
1577 1420 1659 1448 ante

197 1463 391 1495 Bentleium
416 1463 464 1496 ita
492 1465 648 1504 legerant
671 1465 775 1507 aliqui
797 1465 963 1504 editores,
979 1465 1198 1499 Friaclilinus,
1215 1463 1390 1502 Piscator,
1409 1462 1574 1499 Lubinus,
1590 1460 1661 1499 alii,

195 1514 282 1545 quoa
296 1511 453 1538 recenset
465 1507 641 1540 Cum—⁴4
655 1507 755 1541 vau.
768 1511 802 1540 9.
814 1510 868 1540 18.
891 1508 971 1540 Vat.
990 1511 1020 1540 l.
1037 1518 1057 1539 a
1073 1518 1115 1539 m.
1131 1517 1202 1539 sec.
1217 1511 1254 1538 et
1269 1506 1418 1546 Cuniug.
1429 1503 1555 1542 serunt.
1577 1503 1658 1534 Vat-

195 1547 310 1580 Palat.
326 1554 363 1581 et
375 1550 502 1582 Venet.
521 1553 615 1583 1495.
630 1551 754 1589 serant.
799 1551 1034 1583 Schoenboru.
1051 1554 1083 1583 4.
1104 1553 1266 1582 sumanme
1288 1550 1537 1590 pudentem—45
1561 1545 1660 1577 Idem

197 1590 322 1630 codex,
336 1592 392 1624 Ιιοι·
406 1593 481 1624 erit.
525 1594 608 1625 Vat.
626 1597 655 1626 l.
671 1604 692 1626 a
706 1604 750 1625 m.
766 1603 818 1635 pr.
841 1597 872 1626 et
887 1593 1064 1633 sona.—48
1089 1593 1153 1629 Qui
1174 1594 1303 1632 clamat,
1322 1592 1402 1624 aicit
1428 1589 1660 1622 Schoenborn.

195 1636 228 1665 2.
243 1636 362 1667 ³.—49
378 1636 458 1668 Vat.
473 1639 504 1667 9.
515 1636 689 1678 findatum·
713 1637 761 1669 sic
778 1637 811 1668 in
827 1642 910 1669 nota
925 1637 1044 1669 Lamb.
1060 1641 1096 1668 et
1112 1635 1230 1668 laudat
1246 1636 1279 1666 in
1297 1641 1376 1666 nota
1393 1633 1581 1671 Daeerins;
1607 1641 1657 1663 re-

196 1677 293 1718 cepit
306 1678 439 1710 Valart.
461 1680 621 1711 scindetur
643 1680 722 1711 Vat.
747 1677 862 1711 Palat.
879 1683 911 1712 4.
932 1690 976 1711 ex
993 1681 1212 1722 glossemate.
1233 1680 1389 1719 quadram
1407 1677 1505 1709 Harl.
1519 1679 1551 1708 7.
1574 1684 1660 1706 unus

195 1728 253 1761 ap.
268 1720 426 1754 Pulman.
443 1732 528 1754 unua
543 1723 627 1755 item
643 1723 807 1766 Cruquii;
829 1727 866 1755 et
881 1723 932 1755 ita
947 1723 1055 1755 refert
1069 1723 1318 1755 Donatum—51
1344 1721 1491 1761 Cuning.
1506 1728 1550 1751 ex
1563 1718 1660 1759 inge*

864 1829 1012 1863 NOTAE

199 1912 276 1945 quae
291 1903 360 1935 aiut
374 1903 590 1936 observanda
613 1904 704 1946 apud
722 1905 814 1936 viros
831 1905 902 1946 pri·
957 1905 1087 1947 pendet
1112 1905 1222 1938 omnis
1247 1904 1335 1935 ratio
1359 1901 1542 1943 captandae
1567 1910 1661 1943 mag-

199 1955 337 1994 nuntios,
353 1954 395 1986 ad
410 1957 553 1996 gratiam
568 1966 686 1988 eorum
705 1967 902 1999 promen-en-
955 1961 1073 1988 natum
1101 1954 1350 1987 benevolentia».
1386 1959 1423 1984 et
1454 1952 1597 1992 gratiae;
1633 1951 1661 1983 si

199 2004 292 2045 dam,
313 2005 604 2048 obtinendumque
626 2007 731 2039 decus
763 2012 800 2040 et
826 2017 904 2049 pre·

201 2055 300 2095 tium,
313 2055 347 2087 id
363 2060 430 2095 est,
445 2056 580 2088 laudem
602 2058 734 2099 pariter
757 2062 794 2090 et
813 2068 902 2100 prae·

198 2114 278 2138 mia.

240 2157 283 2187 ⁴3
306 2155 359 2188 De
378 2160 561 2198 paupertate
583 2161 718 2190 tacentes
732 2159 813 2190 Plus
832 2168 903 2200 poe-

199 2208 287 2238 cente
299 2205 425 2248 ferent]
458 2208 598 2249 Quippe
621 2209 719 2240 homo
742 2209 904 2250 quei-uiua

197 2254 238 2288 fit
266 2256 479 2298 importunus
509 2263 545 2290 et
574 2259 724 2291 odiosus.
768 2259 816 2291 At
845 2259 904 2302 qui

199 2307 356 2341 modeste
382 2313 419 2342 et
443 2310 550 2342 tacite
575 2309 667 2342 feret
692 2310 903 2352 aliquamdiu

200 2366 296 2390 auam
310 2360 524 2401 pauperiem,
544 2364 726 2402 patronum
751 2360 904 2393 movebit

200 2407 243 2439 ad
267 2418 366 2451 opem
389 2410 454 2443 sibi
475 2411 602 2452 largius
626 2411 903 2453 impertiendam.

201 2457 313 2490 Porro
327 2459 357 2491 si
371 2469 449 2492 cum
475 2461 607 2503 pudore
625 2466 739 2493 sumat
750 2471 828 2503 quae
843 2461 904 2493 da-

202 2508 343 2549 buntur,
355 2518 444 2541 nova
463 2511 497 2542 in
515 2511 588 2543 dies
603 2513 693 2543 dona
711 2521 903 2554 novamque

202 2559 303 2591 simul
315 2560 458 2601 gratiam
473 2562 703 2595 nanciscetur.

244 2613 286 2643 ⁴5
309 2609 363 2643 An
377 2611 499 2651 rapias]
520 2612 590 2645 Qui
617 2613 707 2644 enim
731 2612 831 2645 avide
846 2622 903 2645 ac-

202 2661 290 2702 cipit
313 2665 372 2692 aut
398 2662 561 2702 postulat,
584 2662 678 2694 velut
699 2662 904 2694 insatiabilis

201 2713 370 2751 habetnr;
394 2722 474 2743 mox
500 2711 606 2752 gradu
626 2711 769 2752 excidit,
791 2717 829 2743 et
851 2722 906 2744 ar-

202 2768 303 2796 cetur
330 2768 490 2805 tanquam
521 2763 682 2794 indecore
709 2772 746 2794 se
770 2772 906 2803 gerens,

200 2814 427 2856 indiguusque
439 2813 672 2846 familiaritate
688 2813 862 2846 nobilium.

248 2865 366 2897 Rerum
377 2869 470 2907 caput
480 2865 535 2896 hoc
549 2868 628 2906 erat,
641 2862 787 2903 hicsom]
812 2864 903 2896 Hinc

956 2006 1095 2038 studeas
1119 2011 1155 2038 et
1185 2005 1272 2037 scias
1302 2013 1378 2036 cum
1409 2002 1661 2044 potentioribus

956 2057 1122 2089 decenter
1138 2055 1278 2088 versari.

999 2110 1042 2139 49
1080 2107 1226 2149 Quadra]
1258 2106 1338 2144 Vel,
1364 2104 1461 2146 panis
1493 2102 1662 2141 frustum

956 2159 1024 2200 vel,
1045 2158 1124 2190 lanx
1146 2157 1262 2188 edulia
1284 2155 1474 2188 continens.
1499 2154 1662 2188 Juvenal.

956 2209 1030 2241 Sat.
1047 2218 1080 2240 v.
1098 2212 1107 2226 ‘
1124 2207 1235 2239 aliena
1258 2206 1374 2238 vivere
1397 2204 1552 2248 quadra.'
1582 2204 1663 2236 Vir-

957 2259 1016 2300 gil.
1039 2258 1173 2290 AEneid.
1198 2267 1265 2290 vn.
1295 2255 1306 2274 ‘
1321 2265 1386 2288 nec
1410 2264 1552 2297 parcere
1579 2264 1663 2296 qua-

958 2308 1053 2342 dris!
1098 2309 1187 2341 Haec
1202 2317 1285 2349 ergo
1305 2316 1370 2338 vox
1396 2305 1567 2347 significat
1590 2308 1663 2336 tum

958 2360 1164 2402 placentam,
1202 2363 1275 2391 tum
1305 2357 1453 2389 catinum
1484 2354 1662 2398 quadratae

957 2410 1090 2452 figurae.
1115 2408 1327 2449 Metonymia
1342 2411 1407 2439 est.

1000 2464 1043 2493 50
1065 2460 1128 2492 Sed
1145 2459 1262 2491 tacitus
1279 2457 1379 2498 pasci,
1398 2457 1471 2498 θα]
1495 2456 1562 2488 Vel
1578 2455 1663 2486 allu-

957 2511 1010 2543 dit
1037 2510 1081 2543 ad
1107 2510 1285 2551 apologum
1312 2507 1356 2539 de
1379 2517 1483 2539 corvo
1511 2505 1663 2548 praedam

955 2566 1072 2600 nacto,
1094 2570 1195 2603 quam
1211 2560 1332 2599 vulpes
1357 2557 1584 2590 crocitatione
1607 2565 1664 2587 ac-

957 2612 1027 2644 cita
1048 2611 1127 2643 dolo
1146 2609 1357 2649 intercepit:
1382 2607 1435 2637 vel
1452 2605 1494 2636 ad
1512 2615 1663 2636 commu-

957 2671 1034 2694 nem
1058 2662 1170 2693 avinm
1192 2668 1335 2697 morem,
1363 2666 1438 2698 qnae
1467 2664 1550 2687 voce
1574 2659 1662 2686 stre-

959 2715 1046 2753 punt
1061 2720 1137 2743 cum
1156 2709 1199 2741 ad
1219 2708 1332 2739 eibum
1355 2705 1546 2744 accedunt3
1569 2705 1662 2747 quod

960 2764 988 2794 si
1005 2766 1172 2796 tacerent,
1189 2760 1264 2800 plus
1279 2757 1447 2790 haberent
1459 2756 1572 2800 dapis,
1592 2767 1661 2790 non

958 2811 1078 2844 accitis
1093 2810 1223 2852 garritu
1238 2807 1464 2841 consortibus.
