1916 3262
494 277 704 311 noRA‘ru
738 276 1015 308 cAanUM
1049 276 1145 307 mn.
1173 275 1234 307 ιι.
1267 266 1309 307 9.

213 374 262 407 Ut
274 373 410 406 tandem
425 372 603 415 aliquando
616 375 756 403 mortem
770 370 868 411 pueri

212 426 266 457 sui
284 425 411 466 Mystae
433 421 560 455 deflere
574 421 719 452 desinat.

214 480 232 508 1
259 476 334 507 Non
353 472 487 516 semper]
519 471 625 505 Primi
645 480 762 502 versus
789 474 868 502 octo

169 527 253 559 nihil
281 535 382 568 quam
405 523 592 565 continent,
615 522 658 553 ab
687 521 869 563 adjunctis,

169 578 301 620 hyemis
323 576 444 609 inertis
468 579 504 607 et
528 574 664 616 penitus
691 574 870 605 inamaenae

170 627 447 669 descriptionem,
456 625 503 657 ita
514 629 552 656 ut
565 633 681 656 eorum
699 623 872 655 sententia

171 678 231 718 sit,
255 687 324 710 non
350 685 486 717 semper
524 678 579 706 est
606 674 735 715 hyems.
793 674 871 707 Quo

170 731 371 769 argumento
384 730 419 758 et
433 723 552 758 ordine
567 729 697 755 naturae
716 725 788 755 vult
801 734 871 755 mo-

171 776 437 817 nerevangium,
448 784 513 807 non
524 783 660 815 semper
673 784 747 806 esse
757 775 874 806 dolen-

170 827 263 859 dum.
289 827 387 866 Gruq.
437 824 507 857 Nm·
520 835 638 866 semper
653 825 767 856 imbres
783 825 874 856 nubi-

170 876 242 918 bus]
263 875 399 908 Imbres
423 886 444 908 e
465 876 611 908 nubibus
640 886 708 908 non
738 886 874 917 semper

169 929 311 958 manant
325 926 360 957 in
373 935 470 967 agros
486 935 636 967 asperos,
659 926 823 966 horridos,
839 931 875 958 et

169 978 368 1016 senticosus,
398 976 432 1008 id
461 980 526 1017 est,
557 986 624 1008 non
655 981 708 1008 est
736 986 901 1019 semperf

168 1027 298 1069 hyems.
340 1047 342 1050 v

190 1102 194 1106 .
214 1080 236 1109 2
258 1077 352 1109 Mare
369 1077 533 1119 Caspium]
557 1078 657 1109 Mare
673 1078 706 1109 in
722 1077 876 1120 Scythia.

215 1126 241 1159 θ’
263 1127 387 1159 Vexent
400 1129 585 1169 inequales]
615 1130 723 1160 Recte
736 1130 746 1147 ⁵
759 1129 875 1160 vexari

171 1187 267 1210 mare
304 1178 528 1220 iuaequalibus
569 1179 740 1220 procellis'
781 1179 877 1212 dicit.

172 1228 274 1259 Mare
290 1228 380 1260 enim
401 1233 522 1260 natura
540 1230 679 1271 planum
707 1234 771 1270 est,
787 1230 878 1262 unde

162 1284 210 1310 ‚et
226 1279 236 1297 ‘
247 1289 366 1321 aequor
377 1278 386 1293 ’
402 1281 627 1321 appellatum.
662 1281 878 1313 Commotum

174 1338 256 1361 vero
271 1334 479 1369 exasperant
495 1334 674 1361 ventorum
699 1331 879 1370 procellae;

172 1377 264 1419 quod
284 1376 442 1409 ‘vexare'
465 1382 568 1410 vocat
592 1378 770 1418 Horatius,
797 1388 880 1420 quo-

171 1428 262 1459 niam
270 1426 422 1469 quietum
430 1436 504 1459 esse
514 1436 580 1460 non
589 1428 713 1460 sinunt.
735 1429 878 1459 Torrent-

174 1477 348 1519 Iuoequules
361 1478 520 1520 procelle]
541 1478 713 1511 Procellae
728 1483 879 1521 tempes-

173 1533 295 1568 tuosae,
311 1538 388 1570 quae
404 1538 498 1560 mare
522 1529 672 1562 reddunt
694 1529 877 1571 inaequale.

170 1578 327 1619 [Vei-sant
335 1578 416 1610 Vat.
427 1579 545 1611 Rom.1
552 1601 560 1610 .
569 1579 662 1621 qnod
674 1583 879 1621 receperunt

174 1629 258 1669 Fea,
274 1629 397 1669 Bothe,
417 1633 453 1661 et
469 1629 593 1662 Jaeck.
616 1629 671 1663 Cf.
688 1630 786 1672 Virg.
802 1631 878 1662 AEn.

174 1689 243 1721 ιιι.
255 1683 330 1712 196.
373 1680 465 1712 Plin.
480 1689 536 1713 rx.
553 1683 584 1712 3.
620 1681 722 1714 Lucr.
738 1690 788 1713 vi.
804 1683 880 1712 114.

173 1731 260 1764 Mel.
274 1741 330 1764 111.
342 1735 374 1764 5.
391 1737 428 1764 et
449 1732 571 1764 Nostr.
589 1742 629 1765 ιι.
641 1732 753 1773 Epist.
767 1741 792 1763 ι.
806 1730 880 1770 90.]

216 1783 238 1813 4
266 1781 388 1822 Usque]
410 1781 566 1822 Semper.
587 1781 748 1813 Armeniis
757 1781 792 1812 in
805 1781 884 1821 oris]

175 1829 352 1862 Armeniae
367 1830 462 1870 regio
477 1834 532 1861 est
547 1830 582 1860 in
595 1830 677 1861 Asia
691 1830 781 1861 inter
794 1839 884 1861 mon-

178 1882 232 1910 tes
243 1879 390 1910 Taurum
406 1882 442 1910 et
456 1878 649 1911 Caucasum
665 1879 744 1911 sita.

222 1933 243 1961 5
266 1928 374 1969 Iners]
411 1928 565 1969 macies,
595 1939 670 1971 quae
698 1928 819 1962 fluvios
847 1934 884 1962 et

179 1987 279 2020 agros
293 1977 400 2010 efficit
415 1978 530 2019 pigros
546 1982 647 2020 atque
663 1978 799 2011 otiosos.

221 2031 242 2059 7
267 2026 436 2067 Qum-ceta]
469 2027 653 2069 Cmquius,
681 2037 724 2059 ex
757 2027 880 2060 Bland-

176 2076 311 2114 codice,
333 2075 458 2118 probat
479 2077 660 2118 legendum
686 2086 760 2109 esse
779 2078 880 2114 Quer-

176 2132 282 2171 μείω.
323 2127 478 2164 Querceta
510 2128 671 2169 Gargani]
724 2129 881 2161 Quercus

178 2180 259 2212 altae
275 2179 309 2211 in
336 2178 496 2221 Gargano
513 2178 648 2220 Apuliae
673 2186 789 2212 monte
815 2189 881 2212 non

177 2238 315 2272 semper
329 2230 441 2261 ventis
457 2229 642 2269 agitantur.

221 2281 243 2311 8
266 2279 367 2312 Foliis
390 2279 574 2321 viduantur]
601 2278 691 2311 Vide
707 2289 730 2311 1.
747 2279 816 2313 od.
832 2283 884 2312 10.

177 2329 341 2370 Etfoliis]
363 2329 440 2361 Nec
454 2329 546 2362 foliis
561 2339 697 2371 semper
712 2330 884 2362 nudantur

181 2378 269 2420 orni,
285 2379 320 2411 id
335 2383 400 2416 est,
413 2379 538 2412 fraxini
552 2382 745 2422 sylvestres.

223 2430 246 2460 9
270 2427 318 2460 Tu
330 2429 464 2470 semper]
485 2430 537 2461 Tu
550 2429 682 2470 assidue
697 2430 886 2472 insequeris

183 2476 323 2517 Mysten
339 2482 508 2510 mortuum
529 2479 738 2512 carminibus
753 2481 886 2521 Elegia—

184 2527 235 2559 cis
264 2526 308 2558 ad
330 2526 448 2559 fletum
475 2529 750 2568 provocantibus.
786 2531 887 2570 Urges

177 2576 432 2619 flebilffiuffiqa]
454 2578 504 2610 Ut
518 2578 528 2595 ‘
542 2587 665 2619 urgere
686 2579 782 2620 opus'
806 2580 887 2612 dici·

184 2637 271 2667 mus,
298 2637 360 2669 pro
385 2627 521 2660 assidue
545 2638 618 2660 esse
641 2629 674 2660 in
697 2639 814 2670 opere,
840 2631 889 2662 sic

185 2678 317 2709 dictum
344 2678 407 2710 hoc
437 2679 479 2710 ab
511 2679 668 2721 Horatio,
688 2683 726 2711 tu
747 2681 890 2720 Mysten

185 2731 356 2759 mortuum
383 2728 517 2760 assidue
537 2729 693 2771 deploras
710 2739 749 2761 ac
771 2729 889 2764 defles.

187 2779 297 2810 Lamb.
799 2782 800 2785 ’

231 2831 272 2860 10
298 2829 364 2862 Nec
391 2830 449 2861 tibi
478 2830 629 2871 Vespero]
661 2831 808 2864 Pulchre
840 2831 888 2863 ait

273 2883 385 2924 Delph.
404 2887 433 2915 et
455 2884 528 2918 Var.
548 2884 631 2916 Clas.

861 2886 979 2918 Horat.

1516 265 1627 308 1409

923 376 1034 408 Varro
1059 375 1124 407 Rei
1142 376 1242 407 Rust.
1262 383 1318 407 nr.
1337 378 1369 406 5.
1393 373 1553 407 ‘Lucifer
1583 377 1633 408 in-

924 425 1051 464 terdiu,
1105 430 1208 457 noctu
1252 425 1425 466 vesperus
1480 424 1631 456 dicitur:

924 475 1092 507 Horatius
1124 475 1233 506 minus
1260 478 1423 507 accurate
1439 474 1633 515 vesperum

925 530 1027 557 vocat
1043 525 1156 569 „etiam
1181 524 1341 557 interdiu.
1386 523 1476 556 Vide
1491 523 1583 557 Plin.
1597 533 1635 557 V.

925 579 957 607 8.
983 570 1077 607 Torr'.
1099 575 1168 607 Nec
1182 575 1242 607 tibi
1257 574 1406 616 Vespero]
1428 574 1505 607 Nec
1521 583 1633 615 mane,

925 635 989 657 nec
1007 625 1142 667 vesperi
1160 625 1286 668 Mystis
1314 634 1409 657 amor
1433 628 1468 656 te
1491 624 1633 656 deserit.

925 676 989 708 Est
999 677 1136 717 Vesper
1152 676 1252 708 stella
1262 676 1422 715 Veneris,
1432 685 1508 717 quae
1519 675 1635 708 Solem

927 726 1142 758 occidentem
1160 726 1388 768 subsequens,
1405 726 1533 758 dicitur
1550 727 1636 759 Ves-

927 785 1008 817 per;
1053 776 1219 808 orientem
1263 785 1346 808 vero
1395 776 1636 818 antegrediens

927 830 1142 868 nuncupatur
1168 826 1361 868 Hesperus,
1400 826 1457 858 vel
1483 825 1638 858 Lucifer.

929 877 1091 919 [Ur-gente
1105 879 1258 910 decedunt
1283 877 1435 919 Gnelph.
1480 877 1638 918 Surgente

927 929 1076 960 recedunt
1092 928 1193 960 codd.
1211 928 1364 968 nonnulli
1382 937 1437 970 ap.
1454 927 1596 969 Jaeck.]

972 980 1013 1009 12
1040 977 1193 1018 Fugienee
1219 977 1340 1018 Solem]
1365 977 1442 1010 Hoc
1466 981 1531 1020 est,
1557 981 1638 1010 ante

927 1027 1012 1059 Solis
1027 1032 1139 1059 ortum
1156 1027 1392 1060 illucescente.
1417 1027 1515 1068 Cruq.

972 1081 1011 1110 13
1037 1079 1098 1110 Ter
1112 1088 1177 1109 oevo
1193 1077 1343 1118 functus]
1366 1077 1552 1109 Nestorem
1570 1077 1638 1118 sig-

929 1128 1058 1160 nificat.
1094 1127 1278 1159 Sciendum
1292 1131 1478 1168 praeterea,
1493 1127 1503 1145 ‘
1517 1125 1642 1158 aetatis’

931 1178 1175 1220 appellatione,
1197 1186 1302 1209 annos
1330 1177 1469 1217 triginta
1495 1176 1641 1218 intelligi

932 1233 968 1260 et
980 1237 1096 1259 errare
1113 1228 1188 1259 illos
1198 1227 1255 1268 qui
1266 1230 1443 1258 autumant
1455 1226 1640 1258 Nestorem

932 1282 1104 1310 trecentos
1150 1287 1254 1309 annos
1300 1277 1437 1308 vixisse.
1495 1276 1642 1310 Lambin.

935 1328 1151 1367 Har-langius.
1191 1327 1253 1358 Ter
1266 1326 1488 1367 aevosunctus]
1512 1327 1642 1359 Nestor

932 1377 1007 1418 (qui
1033 1377 1172 1408 tertiam
1198 1381 1336 1408 aetatem
1359 1377 1532 1408 hominum
1551 1378 1642 1409 vive-

935 1428 1008 1467 bat‚‘
1039 1426 1074 1458 id
1105 1431 1171 1464 est,
1200 1426 1392 1467 nonaginta
1422 1426 1549 1469 annos)
1574 1436 1643 1459 non

935 1486 1070 1518 semper
1099 1476 1248 1518 ploravit
1278 1476 1499 1508 Antilochum
1537 1476 1644 1508 filium

933 1537 1032 1559 suum
1055 1536 1098 1559 ex
1120 1527 1295 1569 Euridice‚
1318 1537 1445 1560 caesum
1470 1528 1507 1560 in
1523 1528 1645 1570 praelio

933 1578 977 1610 ab
992 1579 1158 1611 Hectore.

979 1632 1019 1661 14
1047 1628 1223 1661 Amabilem
1248 1627 1466 1668 Antilochum]
1508 1629 1644 1661 Meritis

935 1689 1017 1711 sane
1033 1679 1102 1711 suis
1115 1679 1279 1710 amabilem
1294 1679 1384 1710 dixit
1405 1678 1643 1718 Antilochum,

936 1730 994 1771 qui
1018 1729 1109 1770 patri
1130 1729 1279 1764 Nestori,
1286 1729 1358 1769 jam
1374 1729 1503 1770 saucio,
1521 1729 1554 1760 in
1571 1730 1644 1760 acie

937 1778 1142 1820 periclitanti
1154 1778 1317 1810 adversus
1330 1779 1550 1810 Memnonem
1569 1789 1645 1811 snc-

938 1837 1092 1867 cunens,
1120 1828 1194 1868 ipse
1219 1837 1281 1868 pro
1306 1833 1405 1869 patre
1427 1828 1644 1862 occubuerit.

942 1877 1087 1908 Torreat.
1251 1876 1256 1879 '

983 1929 1022 1959 15
1057 1927 1214 1968 Impubem
1246 1928 1410 1970 parentes]
1450 1928 1645 1962 Imberbem

938 1977 1088 2009 Troilum
1107 1977 1235 2008 Priami
1252 1978 1371 2011 filium.

980 2029 1023 2059 16
1045 2029 1112 2059 Aut
1130 2028 1286 2069 Phrygiae
1300 2029 1436 2070 sorores]
1459 2029 1531 2063 Aut
1541 2031 1646 2063 Troili

936 2086 1082 2118 sorores,
1091 2078 1284 2119 Polyxena,
1301 2079 1504 2117 Cassandra,
1517 2082 1582 2112 &c-

979 2131 1019 2159 17
1052 2128 1171 2160 Desine
1192 2129 1344 2172 mollium]
1381 2130 1553 2163 Desinere
1585 2140 1647 2172 pro

938 2179 1130 2221 relinquere
1165 2180 1255 2222 apud
1297 2181 1443 2222 optimos
1487 2187 1647 2215 auctores

939 2234 1061 2272 quarto
1086 2229 1159 2263 fere
1189 2231 1284 2263 casui
1315 2231 1527 2274 adjungitur.
1572 2233 1649 2265 Cic.

938 2284 946 2297 ¹
960 2280 1123 2311 Libenter
1140 2290 1193 2313 me
1209 2281 1349 2314 hercule
1374 2288 1484 2315 artem
1511 2282 1647 2315 desine-

939 2330 1034 2361 rem.'
1077 2331 1123 2362 Et
1153 2331 1300 2373 Gellius,
1329 2333 1510 2364 ‘desinere
1538 2337 1646 2364 artem

940 2381 1161 2413 athleticam!
1180 2383 1325 2415 Torrent.
1364 2384 1483 2416 Desine
1494 2384 1646 2424 mollium]

939 2433 1071 2464 Desine
1087 2442 1106 2463 a
1122 2433 1345 2466 muliebribus
1362 2435 1529 2476 querelis:
1548 2434 1649 2466 Grae-

941 2491 1058 2513 corum
1082 2491 1176 2513 more
1196 2483 1336 2523 ponitur
1359 2483 1540 2515 Genitivus
1568 2487 1648 2523 post

940 2532 1091 2564 Verbum
1107 2531 1261 2564 finiendi.

986 2586 1027 2614 19
1063 2582 1228 2624 Trophoea]
1274 2583 1419 2614 Caesaris
1461 2583 1648 2624 victorias3

944 2637 1024 2665 sunt
1054 2633 1144 2663 enim
1172 2633 1327 2674 trophaea
1355 2633 1511 2665 victoriae
1541 2634 1649 2675 signa.

945 2683 1143 2723 Legendum
1156 2682 1396 2724 'Ilropaemvide
1406 2684 1533 2715 Luisin.
1543 2693 1586 2716 ιι.
1598 2686 1649 2715 12.

984 2736 1027 2764 20
1050 2734 1094 2764 Et
1110 2733 1251 2772 rigidum
1267 2732 1446 2775 Niphaten]
1469 2731 1515 2766 Et
1529 2738 1649 2766 cante-

941 2793 1015 2814 mus
1044 2783 1231 2824 Niphaten,
1261 2784 1319 2825 qui
1344 2785 1400 2816 vel
1426 2783 1570 2826 frigidus
1593 2789 1648 2817 est

942 2833 1092 2873 Scythiae
1102 2832 1403 2875 fluvius,velmons
1413 2834 1647 2867 estArmeniae

1486 2889 1561 2920 4U
