1916 3262
562 309 914 342 aers'romnuu
952 307 1046 338 ms.
1078 307 1130 338 ιι.
1161 295 1202 337 1.

1491 293 1604 336 1213

147 407 335 450 Dictitet
355 406 531 449 Albano
552 404 714 447 Musas
734 405 777 446 in
798 407 942 446 monte
964 404 1162 445 locutas.

146 473 212 526 Si,
234 475 342 530 quia
361 474 621 518 Graecorum
637 477 742 519 sunt
762 472 1074 527 antiquissima
1096 481 1286 525 quaeque

143 601 311 641 predicta,
325 610 346 632 α
363 599 507 632 Musisin
521 601 624 631 monte
634 597 758 631 Albano
765 597 869 637 suisne
881 596 1003 628 dictata
1017 598 1150 627 asserat.
1178 595 1280 635 Atqui
1294 595 1323 626 si
1335 594 1480 636 quonium
1489 594 1607 634 scripta

744 693 844 706 cem
847 691 1034 707 eeeeeee

145 759 431 800 scripseram-27
455 760 555 792 Dicat
570 763 601 791 et
616 759 699 791 Vat.
723 758 822 791 Rom.
837 759 870 789 Δ.
916 755 1058 788 Dia-tim
1079 756 1161 788 Vat.
1177 755 1291 788 Paiat.
1307 757 1427 787 6.-28
1451 754 1516 786 Sed
1536 754 1610 795 quia

146 805 218 837 tres
235 802 336 834 codd.
352 811 408 843 ap.
423 802 550 836 Jaeck.
584 802 755 834 Graiorum
771 800 880 832 codex
897 808 982 830 unus
999 799 1112 831 Pulm.
1129 799 1198 830 duo
1213 799 1309 830 Torr.
1327 803 1363 830 et
1378 798 1494 829 Bentl.
1510 802 1609 828 nota-

146 848 218 876 tum
234 854 277 876 ex
293 845 362 878 Ma.
378 845 413 876 in
429 855 488 877 ora
505 845 589 877 edit.
614 844 695 876 Aldi
714 846 808 876 1501.
830 841 919 874 Bibl.
936 842 1019 873 Vat.
1034 846 1071 874 et
1088 844 1184 873 1509.
1199 840 1290 873 Bibl.
1306 839 1411 872 narb.
1426 840 1610 879 adoptavit

146 886 263 918 Bentl.
279 893 467 928 sequuntur
483 897 668 929 anonymus
683 886 776 927 Traj.
794 885 835 917 ad
854 885 961 916 Rhen·
977 887 1073 916 1713.
1109 885 1196 916 Cun.
1211 885 1291 915 San.
1306 883 1453 924 Dorigh.
1471 880 1610 914 Wakef.

146 929 292 962 Wetzel.
309 930 415 962 Kidd.
433 935 469 963 et
483 931 608 964 Jaeck.
653 928 782 962 Confer
797 928 911 971 potius
931 926 1016 959 infra
1038 937 1085 959 vs.
1104 930 1176 959 161.
1199 932 1235 959 et
1251 927 1294 958 de
1311 925 1399 958 Arte
1415 925 1518 958 Poet.
1533 927 1610 958 268.

805 1032 946 1066 NOTIE

144 1095 222 1130 ΕΒ.
241 1106 277 1130 v.
307 1098 463 1131 Macrob.
487 1099 560 1130 Sat.
584 1107 609 1130 ι.
637 1098 759 1130 Marcii
782 1097 850 1129 duo

143 1148 310 1181 vaticinia
330 1151 413 1182 satis
438 1150 615 1182 incondita
638 1148 769 1190 profert
797 1149 850 1181 Li-

146 1197 220 1230 vins
255 1207 342 1232 xxv.
374 1203 427 1233 12.
461 1200 605 1232 alterum
637 1201 848 1232 Cannensem

145 1248 278 1280 cladem
314 1249 520 1291 praedicens,
554 1251 700 1282 alterum
722 1249 851 1290 jubens

149 1298 284 1330 institui
301 1298 398 1331 ludos
419 1299 649 1341 Apollinares.
696 1301 773 1332 Non
801 1300 850 1340 pi-

145 1347 243 1390 gebit
257 1358 297 1380 ea
309 1349 517 1382 describere.
563 1351 665 1382 Prius
680 1351 728 1380 sic
743 1349 850 1380 ferme

145 1399 311 1431 canebat:
337 1404 345 1417 ¹
361 1399 503 1431 Amnem
533 1399 731 1440 Trojugena
760 1399 848 1430 Can-

146 1457 224 1480 nam
241 1449 393 1480 Romane
415 1448 531 1490 feuge,
557 1449 613 1481 Ne
631 1454 664 1480 te
685 1449 847 1489 alienige-

145 1507 198 1530 noe
213 1497 248 1529 in
270 1507 395 1540 campo
419 1505 543 1540 cogant
561 1499 738 1531 Diomedis
759 1500 848 1532 Con-

144 1549 290 1587 seruisse
305 1559 425 1582 manns
440 1555 662 1592 pugnantem.
704 1551 772 1583 Sed
789 1561 848 1582 ne-

144 1608 210 1642 que
224 1599 345 1631 credes
370 1598 464 1632 Ante
487 1601 580 1641 mihi,
595 1600 741 1632 doncnm
758 1610 850 1632 coin-

145 1649 252 1691 pleris
271 1650 438 1692 sanguine
462 1660 640 1691 campum:
666 1651 850 1693 Multaque

145 1698 252 1731 millia
265 1708 355 1731 caesa
369 1704 506 1732 tuorum
531 1700 666 1733 deferat
681 1701 789 1733 amnis
808 1701 850 1733 In

146 1752 288 1790 pontum
321 1759 480 1791 magnum
509 1750 554 1782 de
585 1755 677 1782 terra
710 1750 852 1792 frugife-

148 1802 264 1832 rente=
291 1799 446 1833 Piscibu’
469 1800 731 1842 pennigerisque
754 1800 853 1832 feris-

149 1857 217 1890 que
243 1849 432 1881 colentibu'
459 1854 569 1880 terras
590 1850 641 1881 Ut
669 1849 744 1881 fuat
774 1860 853 1881 esca

149 1906 232 1929 earo
251 1902 323 1930 tua.
370 1898 460 1930 Nam
473 1897 519 1929 m’
535 1898 581 1930 ita
598 1898 740 1939 Jupiter
755 1898 853 1930 infit.’

149 1946 328 1980 Posterius
339 1957 476 1980 carmen
489 1948 666 1981 obscurius
679 1949 852 1990 perplexi-

149 2007 258 2040 usque
279 1998 460 2039 scripturae
491 2008 631 2039 genere,
661 2005 698 2031 ut
725 2000 772 2031 ait
799 2000 852 2031 Li·

149 2047 239 2088 vius,
267 2047 316 2079 ita
341 2046 415 2080 fere
441 2049 607 2080 habebat:
633 2054 642 2068 ⁸
661 2050 852 2082 Romulidae

148 2097 177 2129 si
193 2097 386 2139 perduelles
401 2099 574 2140 expellere
598 2100 709 2140 voltis,
733 2101 778 2132 Et
794 2110 851 2132 vo-

148 2148 270 2180 micam
287 2154 440 2190 gentum,
468 2159 545 2190 quae
572 2150 672 2191 longe
689 2150 850 2191 alienige-

148 2207 267 2231 narum
302 2199 429 2239 Venit3
470 2198 663 2241 Apollineri
702 2201 854 2232 voveatis

150 2257 274 2282 censeo
302 2249 415 2286 ludos,
449 2250 516 2283 Qui
554 2251 631 2282 Deo
661 2249 854 2292 Apollinem

149 2297 258 2332 fiunto
286 2308 383 2331 come
417 2300 610 2341 quotannis,
639 2301 750 2333 Quom
780 2301 853 2342 jam

149 2349 336 2392 poplieitus
360 2350 504 2391 popolus
519 2349 656 2382 dederit
673 2351 767 2392 stipi’
779 2362 855 2392 par-

150 2404 242 2430 tem:
269 2398 495 2431 Conferiunto
524 2400 685 2441 privatim
717 2410 780 2442 pro
803 2411 855 2433 se-

152 2456 219 2490 que
234 2449 380 2491 suisque.
427 2450 473 2481 Et
493 2450 632 2482 Praetor
659 2450 747 2482 ludis
770 2450 854 2484 faci-

153 2498 254 2529 undis
265 2498 344 2529 ollu'
357 2505 516 2539 praeesto,
531 2501 600 2534 Qui
615 2511 780 2533 summum
797 2513 855 2543 po-

151 2548 233 2590 polo
255 2547 420 2589 plebique
446 2550 534 2582 endo
561 2551 645 2582 urbe
673 2552 768 2584 dabit
784 2554 854 2593 jus.

153 2597 201 2630 At
217 2597 270 2629 bis
285 2598 434 2640 quinque
446 2599 509 2630 viri
531 2600 658 2633 Graeco
678 2611 774 2634 sacra
787 2604 856 2636 ritu

153 2647 327 2679 obeunto:
354 2647 440 2679 Haec
463 2648 492 2679 si
514 2648 642 2690 faxitis,
662 2656 756 2683 recte
772 2663 855 2693 gau-

154 2698 284 2731 debiti'
299 2708 453 2740 semper:
477 2699 594 2741 Atque
611 2701 697 2733 adeo
710 2702 771 2735 fiet
788 2714 856 2736 me-

152 2749 218 2782 lior
234 2758 289 2781 res
303 2750 439 2791 poplica
453 2755 579 2782 vestra.
624 2751 711 2782 Nam
729 2752 757 2783 is
772 2753 858 2786 Dius

154 2805 286 2831 vestros
304 2799 498 2840 perduelles
510 2800 663 2841 stinguet
678 2801 719 2832 ad
744 2812 858 2843 unum,

157 2850 224 2884 Qui
243 2854 374 2882 vestros
388 2859 525 2892 campos
548 2851 680 2892 placide
697 2861 786 2885 nunc
804 2863 858 2885 ru-

905 1106 1012 1138 raque
1025 1097 1193 1138 pascunt!

946 1151 988 1180 27
1012 1149 1136 1180 Albano
1162 1150 1274 1181 Musas
1295 1149 1329 1181 in
1354 1152 1458 1181 monte
1478 1147 1610 1188 locutas]

904 1199 995 1232 Quia
1024 1200 1218 1231 monticolae
1254 1204 1334 1231 sunt
1371 1200 1496 1240 Musae,
1531 1199 1610 1230 hine

905 1249 1071 1281 Horatius
1087 1250 1264 1281 Musarum
1277 1250 1476 1282 Latinarum
1493 1249 1610 1281 sedem
1636 1241 1644 1247 ⁵

905 1300 1052 1332 collocat
1080 1300 1172 1340 apud
1204 1300 1357 1332 Albanos
1387 1300 1548 1339 tumulos,
1577 1300 1610 1330 in

903 1349 1018 1380 medio
1052 1349 1153 1388 Latii,
1190 1350 1246 1380 ubi
1284 1349 1476 1380 communia
1512 1358 1612 1380 sacra

905 1399 1102 1430 Latinorum
1127 1398 1296 1430 celebrari
1311 1398 1480 1430 solebant.
1526 1399 1611 1429 Tur-

904 1448 982 1481 neb.
1011 1447 1082 1480 Alii
1111 1449 1248 1480 mimice
1275 1449 1308 1480 in
1333 1447 1469 1480 Albano
1492 1449 1611 1480 Musas

904 1499 1068 1531 collocari
1102 1509 1121 1530 a
1158 1498 1267 1530 Poeta
1305 1504 1424 1531 nostro
1460 1500 1576 1531 volunt
1602 1511 1612 1537 ;

903 1558 1028 1590 nempe
1054 1550 1097 1581 ob
1119 1550 1347 1581 rusticitatem
1377 1549 1501 1582 Albani
1518 1559 1614 1581 mon-

904 1599 961 1635 tis,
990 1610 1067 1641 quae
1090 1605 1189 1632 tanta
1211 1600 1362 1642 quidem,
1381 1603 1418 1631 ut
1433 1600 1612 1641 Virgilius,

907 1649 1115 1681 Albanorum
1134 1659 1249 1690 regum
1266 1655 1363 1690 gesta
1376 1659 1518 1680 exorsus
1531 1650 1613 1680 scri-

906 1699 999 1740 bere,
1035 1700 1189 1732 omiserit
1220 1701 1392 1732 nominum
1423 1700 1613 1741 asperitate

905 1749 1114 1790 deterritum
1137 1750 1226 1792 quod
1248 1755 1398 1782 testatur
1413 1749 1552 1781 Servius
1569 1750 1612 1781 ad

906 1801 980 1833 Ecl.
1002 1811 1052 1832 vr·
1098 1801 1166 1833 Alii
1181 1811 1258 1832 cum
1273 1800 1410 1832 Acrone
1426 1800 1532 1832 alludi
1551 1810 1613 1841 pu-

906 1855 983 1882 tant
1009 1851 1052 1882 ad
1081 1851 1250 1892 colloquia
1273 1851 1396 1882 Numae
1415 1859 1492 1881 cnm
1526 1851 1613 1890 Ege-

906 1901 955 1931 ria
970 1901 1132 1942 nympha,
1147 1902 1180 1932 in
1199 1906 1313 1933 monte
1340 1900 1500 1940 Alban03
1526 1911 1611 1942 prae·

905 1952 1023 1984 sertim
1048 1963 1124 1984 cnm
1147 1952 1307 1994 Egeriam
1325 1961 1424 1983 unam
1442 1951 1485 1983 de
1501 1951 1613 1983 Musis

904 2000 1010 2034 fuisse
1033 2002 1163 2034 scribat
1191 2003 1333 2042 Dionys.
1360 2002 1474 2033 Halic.
1495 2001 1554 2033 lib.
1574 2011 1613 2033 n.

907 2056 944 2082 et
975 2051 1153 2083 Plutarch.
1184 2052 1217 2083 in
1252 2053 1391 2090 Numa3
1419 2060 1612 2093 quanquam

907 2101 998 2132 Tull.
1016 2102 1099 2142 Leg.
1116 2111 1140 2134 1.
1160 2111 1218 2133 eos
1236 2107 1273 2133 ut
1291 2102 1466 2143 imperitos
1483 2108 1519 2134 et
1536 2103 1612 2134 bar-

907 2150 969 2183 dos
985 2152 1142 2192 explodit
1157 2152 1214 2194 qui
1232 2153 1376 2184 Numam
1392 2162 1470 2184 cum
1488 2153 1615 2192 Egeria

907 2201 1108 2233 collocutum
1126 2201 1285 2242 credant,
1302 2202 1385 2233 item
1405 2203 1463 2244 qni
1482 2203 1613 2244 apicem

906 2251 1094 2294 Tarquinio
1110 2252 1154 2284 ab
1166 2253 1281 2294 aquila
1295 2253 1506 2294 impositum.

950 2304 993 2334 28
1017 2302 1055 2334 Si
1069 2304 1144 2343 quia
1162 2303 1358 2344 Graecorum,
1371 2302 1443 2344 εμπ]
1469 2302 1615 2336 Refenit

907 2351 1018 2384 Poeta
1036 2353 1127 2394 vulgi
1140 2353 1348 2393 opinionem.
1394 2352 1496 2394 Apud
1514 2354 1613 2386 Grae-

907 2402 1118 2444 cos,inquit,
1143 2402 1366 2434 vetustissimi
1391 2402 1529 2444 quidem
1555 2414 1613 2444 pa-

907 2452 990 2484 riter
1004 2453 1108 2484 etiam
1125 2452 1245 2494 optimi
1261 2457 1352 2485 sunt.
1398 2453 1447 2485 At
1473 2463 1540 2485 non
1567 2455 1615 2485 ita

906 2511 943 2534 se
960 2502 1062 2534 habet
1077 2503 1120 2535 de
1137 2503 1364 2544 scriptoribus
1382 2503 1523 2535 Latinis.
1546 2503 1614 2534 Im-

909 2562 965 2583 mo
980 2553 1187 2584 contrarium
1205 2553 1342 2583 omnino
1357 2552 1432 2583 fieri
1445 2552 1614 2593 judicium

910 2601 1027 2634 debet.
1073 2602 1191 2643 Atque
1217 2607 1285 2634 tam
1305 2602 1427 2633 falsum
1451 2607 1506 2632 est
1525 2602 1615 2633 arbi-

911 2653 996 2684 trari
1026 2653 1225 2684 Latinorum
1257 2651 1511 2692 antiquissimos
1541 2661 1616 2683 esse

911 2703 1226 2743 praestantissimos,
1243 2711 1345 2742 quam
1368 2701 1538 2734 affirmare
1553 2702 1616 2734 oli-

911 2761 987 2783 vam
1017 2753 1102 2783 nihil
1127 2752 1232 2791 intus,
1261 2760 1383 2782 nucem
1410 2756 1508 2783 extra
1531 2751 1615 2783 nihil

913 2801 989 2832 duri
1004 2801 1128 2832 habere
1145 2811 1153 2839 ;
1178 2801 1261 2832 item
1277 2811 1378 2842 quarn
1404 2802 1613 2834 contendere

912 2853 1077 2894 pictores,
1093 2856 1264 2893 cantores,
1282 2852 1427 2885 athletas
1443 2853 1614 2885 Romanos
