1916 3262
362 285 474 327 1486

361 385 609 426 imminentium]

402 437 442 467 11
467 435 606 466 Oscinem
628 432 764 473 corvum]
784 432 850 466 Qui
871 433 1043 473 angurium

361 486 515 526 agebant,
525 485 568 516 ad
584 485 759 517 Orientem
781 484 924 516 maxime
945 494 1041 524 spec-

360 535 477 567 tabant
489 545 499 574 ;
510 535 578 566 illic
587 534 745 570 anticam,
760 534 801 565 ad
817 533 1041 566 Occidentem

360 593 440 615 vero
466 584 627 624 posticam
651 583 913 614 constituentes:
937 582 1041 613 Meri-

360 633 429 663 dies
444 631 486 663 ad
501 632 666 671 dextram,
681 631 724 663 ad
739 631 856 663 laevam
871 635 944 663 erat
958 632 1040 671 Sep-

359 681 495 712 tentrio.
522 681 603 711 Tum
615 680 707 720 signa
721 679 784 710 sibi
797 684 891 710 certa
901 688 940 710 ac
950 679 1042 710 clara

357 730 446 760 intra
459 738 533 760 eam
548 728 623 759 coeli
639 728 808 767 regionem
827 727 902 759 fieri
924 737 1040 768 preca·

359 779 491 810 bantur.
532 777 628 809 Inter
653 777 782 808 oscines
811 786 890 816 ergo
918 785 1038 808 corvus

359 827 402 858 ab
417 831 493 859 ortu
513 826 600 858 Solis
624 830 732 856 ratum
755 824 914 864 faciebat,
937 824 986 855 uti
1004 828 1040 854 et

356 875 399 906 ab
435 875 555 906 dextra
569 885 580 906 ι
611 874 727 905 cornix
762 882 842 904 vero
873 873 914 904 ab
942 873 1038 903 laeva.

360 924 498 955 Torreat.
542 922 628 954 Vide
654 922 732 953 Pet.
759 922 935 961 Crinitum,
963 930 1041 952 xxi.

357 975 409 1004 15.
431 971 581 1003 Turneb.
595 973 709 1002 v1.26.
754 970 895 1002 Oscinem
905 969 1042 1010 corvum]

358 1020 519 1050 Oscinem
534 1027 670 1050 corvum
685 1018 859 1057 invocabo,
881 1022 919 1049 ut
933 1017 975 1048 ab
990 1027 1042 1048 or-

356 1073 393 1097 tn
407 1067 494 1099 Solis
508 1066 591 1098 felix
607 1066 778 1105 augurium
789 1066 879 1096 clare
894 1065 1038 1096 occinat.

355 1119 365 1135 ‘
381 1117 524 1148 Oscines
537 1115 546 1129 ’
583 1115 677 1157 quasi
709 1115 852 1146 oricines
885 1114 1039 1145 dicuntur

356 1175 447 1205 aves,
471 1174 546 1206 quae
571 1173 630 1195 ore
654 1163 814 1195 canentes
828 1162 940 1194 futura
955 1171 1042 1203 prae-

356 1214 486 1252 dicunt,
501 1217 538 1244 ut
552 1221 683 1252 corvus,
698 1211 830 1250 cornix,
844 1215 979 1242 noctua.

397 1265 437 1293 13
463 1262 518 1292 Sis
532 1261 603 1292 licet
613 1259 713 1299 felix]
737 1258 828 1290 Ante
842 1258 930 1291 dixit
944 1258 1042 1290 bonis

357 1319 392 1340 se
408 1313 663 1350 prosecuturum
675 1307 838 1338 ominibus
852 1316 927 1337 eum
939 1315 1039 1347 quem

355 1357 494 1397 diligam
508 1365 594 1387 nunc
604 1364 784 1386 conversus
796 1355 838 1385 ad
850 1354 1040 1391 Galateam,

355 1410 514 1446 tanquam
528 1403 592 1435 sibi
606 1403 786 1434 dilectam:
810 1403 880 1434 Per
901 1411 967 1438 me,
989 1402 1040 1433 iu-

355 1454 442 1494 quit,
457 1453 501 1484 sis
512 1451 595 1483 felix
609 1459 817 1492 quocumque
827 1450 918 1490 ieris,
929 1451 1036 1481 nostri

355 1510 494 1541 memor,
514 1509 622 1540 neque
645 1499 812 1530 sinistrum
828 1499 959 1539 aliquod
976 1508 1033 1530 au-

353 1550 494 1590 spicium
506 1553 674 1581 occurrat.
696 1548 874 1580 Lambinus
882 1551 966 1580 vetat
975 1558 1035 1589 pro

353 1602 434 1630 vetet
448 1598 715 1638 legendnm—esse
731 1597 914 1629 contendit.
941 1598 952 1615 ‘
962 1598 1035 1629 1,ae-

356 1656 431 1676 vnm
443 1645 452 1659 '
468 1650 504 1677 et
520 1654 580 1685 pro
593 1645 771 1683 contrario,
783 1645 894 1684 noxio,
906 1649 965 1676 aut
977 1645 1036 1676 im-

355 1698 499 1734 portuno
511 1692 724 1733 accipiemus.
748 1693 887 1723 Torreat.
930 1693 985 1723 Sis
998 1693 1035 1723 li-

354 1746 402 1773 cet
418 1742 503 1779 felix
526 1740 692 1780 ubicunque
708 1740 818 1781 mavis]
842 1739 938 1771 Ordo
961 1745 1036 1772 est:

355 1791 501 1823 Galatea
514 1790 559 1822 sis
575 1789 668 1829 felix,
683 1793 720 1821 et
734 1798 860 1820 memor
873 1789 988 1826 nostri,
1002 1790 1038 1821 li-

354 1844 410 1871 cet
434 1840 527 1871 vivas
553 1839 742 1880 ubicunque
770 1839 887 1878 mavis,
915 1838 948 1870 id
974 1843 1038 1875 est,

354 1889 419 1920 etsi
433 1888 537 1920 mavis
550 1897 624 1919 esse
638 1887 709 1919 sine
731 1897 801 1928 me,
816 1887 859 1919 sis
879 1886 963 1919 felix
987 1892 1040 1919 ta-

354 1946 440 1969 men.

397 1990 436 2018 15
460 1985 569 2026 Picus]
591 1985 747 2024 Martius,
760 1984 814 2016 vel
828 1983 923 2024 picus
939 1984 1036 2016 arbo-

354 2035 459 2065 rarius
474 2035 588 2065 aloeva
603 2034 715 2065 volans
730 2038 803 2065 erat
818 2033 895 2064 mali
906 2034 1039 2066 mninis²

353 2082 516 2122 [Guelpb.
529 2081 606 2112 leuis
615 2081 722 2121 vetet-J

397 2133 438 2161 16
465 2130 553 2168 Vaga
565 2129 688 2169 cornix]
711 2129 845 2168 Vagam
858 2130 984 2159 volatu.

396 2180 436 2209 17
469 2177 533 2209 Sed
559 2177 642 2210 vides
665 2175 792 2217 quanto]
826 2171 1034 2208 Dehn'rtatnr

355 2226 528 2258 Galateam
554 2235 574 2257 a
600 2225 813 2265 navigatione
823 2220 837 2256 τ’
857 2223 963 2263 vides,
985 2224 1036 2255 in-

353 2274 436 2315 quit,
468 2278 626 2316 quantam
658 2276 893 2313 tempestatem
928 2271 1034 2303 Orion

355 2333 495 2364 vergens
512 2323 554 2355 ad
577 2331 732 2355 occasum
759 2321 948 2360 denuntiet,
968 2323 1034 2353 ἀο-

353 2373 440 2404 Vide
458 2372 561 2404 1.0d.
574 2375 627 2403 28.
650 2369 1034 2410 'Iumuztu1videsquan-

354 2426 391 2452 to
411 2421 497 2452 aeris
522 2426 614 2452 motu
637 2429 680 2452 ex
704 2424 815 2458 vento,
831 2418 967 2459 pluviis,
978 2422 1036 2451 aut

354 2468 491 2500 fulmine
508 2468 656 2509 trepidet
671 2467 789 2499 Orion.

396 2521 436 2549 18
454 2518 576 2550 Pronus
591 2516 706 2557 Orion]
721 2516 760 2548 In
782 2516 949 2548 Occasum
973 2514 1040 2547 sci-

353 2566 446 2598 licet.
496 2566 668 2597 Occidens
700 2565 789 2596 enim
823 2563 1038 2604 gravissimas

354 2618 570 2654 tempestates
600 2615 680 2645 ciet.
721 2613 809 2644 Vide
837 2621 862 2644 1.
886 2611 953 2644 Od.
980 2614 1035 2643 28.

357 2660 440 2694 Quid
453 2662 494 2692 sit
507 2663 588 2703 ater]
603 2662 710 2694 Vides
722 2670 819 2703 quam
841 2659 978 2692 infestus
998 2664 1034 2692 et

354 2708 560 2787 geg-iztnlosus
587 2712 631 2743 sit
659 2711 772 2743 Adriae
801 2710 902 2743 sinus·
946 2709 1034 2742 Vide

809 294 949 326 NO'PAE
982 293 1242 325 VARIORUM
1275 293 1327 324 IN

1135 386 1177 415 20
1200 384 1311 415 Peccet
1327 381 1444 424 Iapyx]
1458 382 1510 414 De
1522 382 1649 424 Iapyge
1664 391 1690 416 ι.
1705 384 1771 418 od.

1093 435 1124 465 7.
1167 435 1177 451 ‘
1194 431 1317 463 Album
1329 431 1339 446 ’
1360 437 1472 463 autem
1493 436 1594 463 vocat
1608 431 1708 473 simili
1721 442 1777 466 ra»

1095 482 1198 520 tione,
1223 490 1289 521 qua
1316 485 1352 512 et
1372 484 1500 520 uotum,
1526 480 1608 512 ibid.
1660 481 1781 522 lapsu]

1093 530 1197 561 Vides
1221 529 1301 571 quid
1330 529 1492 561 Calabriae
1521 533 1640 561 ventus
1667 529 1778 570 albus,

1093 577 1146 619 (id
1161 582 1226 618 est,
1234 577 1401 619 serenus,)
1412 581 1542 618 peccet,
1555 576 1604 619 (id
1616 581 1682 617 est,
1697 586 1777 618 pec·

1093 635 1171 658 care
1186 626 1318 667 soleat.)

1127 677 1167 706 21
1190 675 1336 706 Hostium
1348 684 1470 714 uxores,
1482 673 1642 715 puerique]
1661 674 1775 706 'Usita-

1093 722 1255 754 tissimum
1270 728 1321 755 est
1342 723 1561 764 scriptoribus
1577 723 1663 754 mala
1676 723 1779 755 hosti·

1091 771 1153 802 bus
1163 775 1293 812 optare,
1308 781 1389 813 quos
1406 772 1516 812 perire
1529 771 1681 811 cupiunt.
1707 773 1777 803 θα-

1090 819 1154 859 cos]
1183 820 1297 852 Motus
1323 820 1496 852 obscuros.
1538 819 1774 860 [Marklandus

1093 877 1146 910 ap.
1161 869 1181 901 J
1186 869 1282 908 aeck,
1298 869 1442 909 puerique
1450 877 1546 901 soevos
1557 867 1591 898 S.
1601 869 1773 907 mutuam·-

1133 919 1176 948 22
1199 918 1338 948 Orientis
1354 917 1481 958 Austri]
1501 917 1655 948 Muretus
1678 917 1775 948 Hoedi

1093 966 1190 1005 legit,
1214 965 1302 1005 qnod
1319 970 1355 996 et
1373 974 1437 1006 ego
1452 966 1596 1003 mallem,
1607 970 1643 996 ut
1657 965 1724 997 Od.
1742 969 1773 996 1.

1092 1014 1191 1054 hujus
1203 1013 1260 1045 lib.
1273 1022 1470 1054 quamquam
1482 1017 1518 1044 et
1529 1012 1608 1045 alibi
1621 1013 1632 1031 ‘
1646 1013 1774 1045 rabiem

1093 1061 1194 1093 Noti'
1210 1066 1319 1093 vocat.
1362 1062 1373 1079 ‘
1388 1061 1517 1093 Notus'
1539 1064 1651 1092 autem
1672 1059 1776 1100 idem,

1093 1110 1150 1151 qui
1169 1111 1180 1128 ⁴
1195 1109 1344 1150 Auster,’
1352 1109 1560 1142 Hadriatico
1574 1108 1658 1140 mari
1674 1107 1777 1140 infes-

1092 1158 1248 1191 tissimus.
1273 1160 1413 1190 Torreat.

1133 1209 1175 1239 23
1199 1207 1298 1247 Nigri
1313 1206 1492 1247 fremitum]
1515 1206 1669 1248 AEquoris
1690 1212 1775 1241 tem-

1091 1255 1253 1296 pestuosi.
1297 1257 1342 1288 Et
1356 1255 1535 1296 trementes]
1557 1255 1606 1287 Et
1627 1257 1776 1289 sentiant

1090 1305 1217 1341 littora,
1233 1314 1307 1345 quae
1324 1304 1478 1337 videntur
1493 1308 1650 1346 tremere,
1671 1305 1776 1338 unda·

1089 1363 1162 1384 rum
1176 1354 1244 1385 ictn
1257 1359 1492 1395 conquassata.

1130 1406 1171 1434 2⁵
1194 1403 1250 1435 Sic
1266 1407 1298 1434 et
1313 1405 1434 1444 Europe
1451 1404 1586 1444 nivem]
1605 1405 1773 1438 Quemad-

1087 1451 1222 1482 modum
1236 1456 1350 1483 taurus
1364 1452 1500 1492 decepit
1513 1453 1703 1494 Europam
1723 1453 1772 1485 sic

1088 1503 1137 1534 tu,
1161 1500 1195 1530 ni
1218 1509 1351 1541 caveas,
1371 1501 1413 1532 ab
1431 1501 1556 1533 Austro
1578 1501 1772 1542 decipieris.

1088 1546 1246 1588 [Guelpb.
1256 1549 1387 1580 nimium
1395 1549 1524 1590 doloso-J

1127 1598 1170 1627 26
1194 1597 1335 1628 Credidit
1355 1601 1443 1628 tauro
1470 1597 1567 1637 lutus]
1601 1598 1774 1631 Commisit

1086 1643 1175 1675 latus
1189 1643 1405 1676 fraudulento
1412 1645 1502 1684 Jovi,
1512 1645 1546 1676 iu
1556 1651 1688 1678 taurum
1701 1657 1772 1678 mu-

1089 1696 1172 1723 tato.
1192 1692 1390 1732 scatentem}
1405 1693 1570 1724 Extimuit
1583 1702 1674 1726 mare
1688 1694 1771 1726 Bos·

1089 1740 1228 1780 phorum
1249 1741 1368 1772 belluis
1389 1742 1527 1772 marinis
1547 1743 1724 1784 repletum,
1737 1749 1774 1776 et

1090 1788 1240 1829 quamvis
1254 1792 1332 1820 ante
1347 1789 1458 1821 audax
1471 1788 1584 1822 fuerat
1597 1799 1674 1822 cum
1686 1791 1772 1822 'hu-

1090 1844 1162 1868 rum
1177 1836 1386 1878 ascenderet,
1393 1838 1465 1878 jam
1479 1837 1693 1870 vehementer
1704 1848 1774 1871 me-
1836 1836 1838 1839 ’

1089 1885 1155 1917 tuit
1165 1886 1259 1918 Jovis
1277 1885 1413 1918 fraudes
1428 1886 1462 1918 in
1476 1886 1586 1919 medio
1599 1886 1678 1919 dolo
1695 1897 1775 1929 cog—

1089 1935 1188 1974 nitas,
1202 1944 1268 1967 non
1283 1940 1362 1967 aute
1376 1941 1565 1976 suspectas.

1128 1985 1171 2014 28
1192 1983 1328 2024 Palluit]
1357 1983 1470 2015 Timor
1494 1984 1582 2023 enim
1612 1984 1773 2024 pallorem

1087 2031 1241 2071 induem
1274 2033 1363 2064 unde
1387 2032 1546 2073 ‘pallere'
1573 2032 1772 2071 ἔνεργτπικῶς

1086 2089 1148 2119 pro
1163 2081 1283 2112 timere
1297 2081 1396 2113 dixit.
1429 2081 1552 2112 Medias
1563 2081 1774 2118 autemsmu·

1085 2129 1138 2158 des
1152 2133 1251 2159 vocat
1261 2128 1421 2168 pericula,
1434 2128 1467 2158 in
1480 2137 1554 2168 quae
1566 2127 1723 2160 incidisse
1732 2137 1770 2159 se

1083 2176 1235 2208 videbat.
1259 2177 1403 2208 Torreat.
1424 2176 1502 2208 Vid.
1519 2175 1667 2208 Tur-neb.
1686 2185 1722 2208 x.
1737 2180 1768 2209 l.

1125 2228 1167 2258 29
1188 2225 1333 2256 Studium
1347 2224 1479 2266 florum]
1498 2224 1554 2256 Sic
1568 2224 1612 2256 de
1632 2225 1772 2256 Proser·

1084 2273 1174 2314 pina,
1190 2282 1267 2304 cum
1279 2282 1299 2304 a
1313 2274 1395 2304 Dite
1417 2277 1602 2314 raperetur,
1614 2273 1770 2305 Claudia-

1085 2331 1166 2354 nus:
1203 2325 1240 2353 et
1267 2322 1500 2353 venustissime
1529 2321 1632 2353 ovid.
1681 2322 1768 2354 Met.

1086 2380 1121 2402 v.
1151 2370 1326 2403 ‘Quodam
1360 2370 1567 2411 Proserpina
1601 2371 1679 2403 luco
1703 2371 1769 2403 Lu·

1087 2419 1151 2459 dit,
1173 2423 1208 2450 et
1235 2422 1294 2450 aut
1308 2419 1422 2458 violas,
1444 2423 1502 2450 aut
1530 2417 1672 2450 candida
1698 2419 1772 2450 lilia

1087 2467 1293 2507 carpit,’&c.
1359 2467 1507 2499 Studiose
1526 2467 1658 2508 florum]
1690 2467 1768 2500 Stu-

1087 2515 1194 2556 diosa,
1220 2519 1259 2547 nt
1279 2515 1445 2556 Nymphis
1469 2514 1588 2547 floreas
1616 2520 1769 2549 necteret

1086 2572 1240 2595 coronas.
1342 2603 1344 2605 v

1127 2615 1168 2645 30
1201 2611 1326 2644 Debita
1361 2612 1529 2654 Nymphis]
1561 2610 1698 2645 Debitae
1723 2620 1766 2643 ex

1086 2661 1259 2702 promisso.

1127 2713 1167 2741 31
1191 2711 1288 2742 Nocte
1298 2709 1460 2751 sublustri]
1481 2710 1594 2744 Nocte
1618 2708 1764 2750 aliquau-

1087 2759 1194 2791 tulnm
1208 2759 1379 2792 luminosa·
