1916 3262
298 550 668 626 NOTAE
744 550 1459 628 VARIORUM

856 751 908 782 ΙΝ

218 909 303 971 Q.
363 910 750 969 HORATII
820 911 1151 973 FLACCI
1220 912 1553 970 OPERA.

520 1255 930 1304 CARMINUM
986 1256 1130 1304 LIB.

149 1374 234 1406 Onu
262 1385 288 1407 1.
318 1377 538 1416 Πραγματική.
584 1378 643 1409 An
670 1379 852 1410 MAECENA·

189 1433 278 1456 wau.
325 1425 420 1458 Alios
437 1427 500 1458 alia
517 1427 713 1459 delectant:
741 1428 852 1459 Hora-

190 1475 260 1506 tius
290 1484 370 1507 vero
394 1476 515 1508 Poetae
543 1486 679 1519 nomen,
705 1487 852 1518 praeser-

191 1526 254 1557 tim
279 1526 406 1567 Lyrici‚
422 1525 578 1567 affectat,
601 1531 762 1568 tanquam
787 1529 851 1560 sibi

189 1578 569 1612 honorificentissimum
580 1580 731 1612 futurum
742 1592 751 1620 ;
769 1591 853 1621 prae-

189 1631 308 1662 sertim
325 1630 353 1662 si
370 1641 410 1662 eo
425 1631 628 1673 dignus,vcl
646 1632 748 1673 ipsius
766 1633 852 1664 Mae·

191 1681 323 1713 cenatis
334 1681 481 1723 judicio,
496 1688 689 1714 censeatur.

191 1731 404 1763 cuminum
416 1732 533 1763 Luam
551 1733 594 1773 1.]
615 1732 852 1773 Haecestlegi-

149 1781 232 1813 tima
247 1781 435 1821 inscriptio,
449 1791 516 1813 non
533 1783 682 1822 vulgaris
696 1783 753 1813 illa
771 1784 857 1813 Oda-

148 1840 220 1862 ηοω
240 1831 327 1867 libri,
351 1835 409 1862 aut
441 1832 532 1862 Odoe.
587 1832 737 1863 Carmen
768 1832 856 1863 enim

149 1879 296 1911 Horatio
327 1885 394 1918 est,
422 1879 529 1918 μέλος.
588 1881 688 1911 Unde
717 1880 854 1922 μελικοὶ,

150 1939 236 1971 quos
252 1931 323 1970 ipse
341 1935 493 1970 secutus,
509 1930 711 1962 Graecorum
724 1931 850 1972 Lyrici.

195 1985 212 2014 1
240 1982 413 2022 Maecenas]
441 1982 628 2014 Exordium
645 1991 664 2013 a
684 1983 857 2014 natalibus

150 2032 364 2072 Maenalus,
376 2042 452 2064 curn
463 2038 563 2072 grata
575 2031 733 2063 beneficii
751 2038 855 2074 atque

147 2083 282 2124 accepti
300 2082 436 2113 lionoris
452 2082 798 2114 commemoratione:
817 2087 856 2115 ut

148 2134 206 2175 qui
223 2143 286 2175 per
301 2133 530 2165 Maecenatem
546 2133 591 2164 sit
610 2131 766 2174 Augusto
779 2143 851 2173 gra-

148 2189 204 2215 tus
225 2182 338 2214 flnctus
358 2187 394 2215 et
411 2182 600 2214 familiaris.
635 2183 732 2224 Cruq.
778 2183 855 2215 Pri-

147 2243 237 2266 mam
254 2234 355 2266 oden
372 2234 516 2275 exponit
531 2233 681 2264 Turneb.
697 2242 789 2266 xxn.
802 2237 855 2266 13.

149 2284 279 2325 Amaia]
315 2283 448 2316 Atavna
471 2283 611 2325 proprie
635 2284 689 2315 avi
711 2293 779 2315 nou
797 2294 857 2325 pa·

148 2339 216 2375 ter,
229 2334 289 2365 sed
314 2343 462 2375 proavus
485 2338 551 2366 est.
597 2334 778 2366 Peculiare
798 2345 856 2366 au·

149 2389 220 2417 tem
232 2390 284 2416 est
295 2385 506 2425 unctoribus,
520 2389 558 2417 ut
569 2386 579 2403 ⁴
591 2385 687 2417 avos’
701 2387 710 2404 ‘
724 2390 856 2418 atavos-

152 2434 236 2475 que'
262 2443 323 2474 pro
347 2435 528 2475 majoribus
549 2441 687 2476 ponent.
731 2437 856 2468 Vetus-

153 2484 316 2515 tissimnm
333 2493 415 2524 ergo
427 2486 564 2523 generis
577 2485 790 2518 nobilitatem
807 2487 857 2518 in·

155 2534 301 2574 telligit:
319 2536 353 2564 et
365 2537 403 2564 ut
416 2533 578 2574 Propert.
589 2538 687 2568 Ιιι.9.
700 2538 731 2567 1.
748 2536 759 2553 ‘
773 2538 858 2568 Ma*-

153 2593 256 2616 cenas
271 2592 377 2624 eques
394 2583 540 2614 Etrusco
562 2584 607 2615 de
627 2585 789 2625 sunguine
806 2595 858 2617 re-

153 2633 259 2676 gum!
282 2634 426 2665 Torrent-
469 2633 588 2664 Atam's
611 2634 694 2665 edite
716 2634 858 2675 reg-ibus]

152 2683 316 2726 Antiquis
342 2683 476 2724 regibus
499 2686 682 2723 prognata,
705 2684 759 2714 cui
783 2684 858 2715 Me-

152 2736 300 2767 nodorus
332 2739 444 2775 pater,
465 2733 652 2773 Menippus
675 2742 770 2769 avus,
793 2734 858 2765 Ce-

153 2786 256 2818 cinna
272 2794 334 2815 rex
351 2785 574 2816 Etruscorum
591 2782 655 2814 fuit
671 2787 802 2814 atavus.

195 2839 216 2869 2
242 2829 450 2876 Praesidium]
486 2835 610 2867 Tutela
631 2834 686 2866 vel
709 2843 860 2876 propug-

1188 1257 1236 1304 Ι.

905 1380 999 1411 natio
1014 1390 1091 1411 mea
1106 1385 1142 1412 et
1158 1381 1259 1412 dulce
1276 1385 1525 1413 ornamentum.
1565 1382 1616 1413 Ut

907 1437 964 1461 111.
988 1429 1056 1462 Od.
1072 1432 1125 1461 39.
1158 1430 1318 1470 ‘Insigne
1344 1431 1471 1462 moestia
1496 1431 1615 1472 praesi-

905 1478 998 1510 dium
1015 1479 1108 1520 reis‚'
1123 1479 1156 1511 id
1175 1485 1238 1521 est,
1255 1482 1376 1513 tutela.
1407 1480 1529 1522 Decus]
1549 1481 1615 1513 Or·

907 1535 1119 1561 numentum.
1156 1530 1252 1569 virg.
1269 1530 1399 1572 Georg.
1418 1540 1457 1562 ιι.
1483 1535 1492 1549 ·
1508 1531 1540 1563 Ο
1558 1530 1616 1562 de·

908 1589 982 1619 cus,
995 1589 1014 1611 o
1028 1579 1128 1610 famae
1146 1580 1267 1612 merito
1283 1590 1363 1621 pars
1377 1581 1524 1612 maxima
1539 1590 1616 1612 nos-

910 1629 998 1662 tra-‚²
1044 1630 1102 1670 Et,
1118 1635 1128 1649 ¹
1144 1631 1365 1672 Principibus
1382 1632 1551 1672 placuisse
1568 1632 1617 1662 vi-

909 1679 954 1710 ris
971 1689 1037 1710 non
1054 1680 1172 1711 ultima
1189 1681 1262 1711 laus
1281 1681 1359 1712 est.’

952 1733 971 1759 3
994 1729 1076 1761 Sunt
1096 1730 1187 1770 quos]
1225 1729 1312 1762 Εἰσὶν
1333 1730 1396 1763 οὕς.
1443 1730 1616 1762 Hellenis-

909 1788 994 1809 mus.
1040 1779 1136 1818 Sunt,
1150 1779 1242 1820 quoe]
1264 1781 1352 1811 Sunt
1375 1780 1430 1822 qui
1455 1780 1541 1811 ludis
1557 1779 1617 1811 de-

908 1829 1097 1867 lectantur,
1114 1834 1234 1869 utpote
1253 1829 1479 1871 Olympiacis,
1496 1830 1529 1861 in
1545 1831 1618 1871 qui-

910 1878 974 1909 bus
987 1879 1155 1910 concitari
1172 1879 1307 1911 solebat
1324 1880 1448 1920 pulvis,
1459 1890 1525 1922 quo
1541 1890 1617 1912 cur·

911 1934 1028 1961 rentes
1045 1930 1308 1970 spargebantur.
1333 1931 1516 1972 Curriculo]
1542 1932 1617 1964 Ma-

910 1979 980 2015 lim,
996 1980 1122 2020 inquit,
1141 1981 1338 2018 Lambinus,
1349 1982 1498 2012 curriculi
1510 1981 1617 2012 nomi·

908 2038 952 2060 ne
968 2030 1033 2061 hoc
1049 2030 1123 2060 loco
1143 2039 1278 2061 currum
1296 2030 1493 2070 significari,
1516 2041 1617 2073 quam

910 2080 1059 2121 spatium
1089 2079 1125 2110 in
1148 2089 1214 2120 quo
1239 2080 1399 2111 curritur.
1446 2081 1618 2114 Quocum-

909 2140 975 2172 que
992 2135 1106 2161 autem
1121 2129 1224 2161 modo
1247 2130 1469 2171 accipiamus,
1492 2131 1534 2162 ad
1559 2140 1617 2163 cu—

910 2180 1033 2212 rulium
1060 2179 1289 2212 certaminum
1315 2180 1464 2212 studium
1493 2180 1618 2213 refere-

911 2240 1000 2271 mus,
1027 2240 1096 2272 quo
1122 2240 1190 2262 nou
1216 2230 1326 2262 miuus
1355 2230 1504 2262 Romani
1528 2232 1617 2263 ludis

911 2282 981 2313 suis
997 2281 1231 2322 Circensibus,
1247 2291 1346 2323 quam
1365 2281 1481 2313 Graeci
1497 2281 1619 2323 Olym-

911 2331 998 2373 picis
1013 2331 1258 2364 insaniveruut.
1278 2332 1422 2363 Tor-rent.
1469 2332 1618 2364 Curricu-

911 2383 957 2426 lo]
979 2384 1103 2415 Curru.
1149 2383 1334 2424 Pulc-erem]
1350 2384 1525 2424 Equorum
1542 2393 1618 2415 eur·

912 2443 949 2464 su
981 2434 1094 2474 pulvis
1121 2434 1318 2465 excitatur:
1358 2434 1475 2474 itaque
1504 2443 1548 2466 ex
1576 2442 1618 2464 eo

911 2483 1000 2525 quod
1020 2483 1252 2524 subsequitur,
1269 2483 1302 2514 id
1327 2484 1417 2524 quod
1441 2482 1619 2514 antecedit

912 2534 1105 2573 intelligere
1121 2534 1298 2566 debemus.
1315 2543 1353 2565 n.
1371 2535 1437 2564 od.
1464 2537 1492 2564 l.
1514 2534 1524 2550 ‘
1540 2534 1617 2564 Non

912 2584 1074 2616 indecoro
1100 2585 1241 2624 pulvere
1265 2582 1441 2614 sordidos!
1473 2583 1620 2615 Lambin.

916 2632 1128 2674 Olympicum]
1166 2632 1266 2663 Inter
1291 2632 1437 2672 reliquos
1467 2631 1618 2663 Graeciae

911 2685 1012 2716 ludos
1036 2685 1140 2724 longe
1164 2683 1380 2714 celeberrimi
1407 2682 1547 2714 fuerunt
1569 2683 1619 2715 0-

913 2733 1076 2774 lympici:
1122 2732 1171 2763 sic
1207 2732 1307 2774 dicti,
1342 2737 1486 2774 propter
1521 2732 1620 2765 Jovis

913 2783 1068 2824 Olympii
1095 2782 1287 2819 delubrum,
1314 2781 1404 2824 quod
1431 2783 1464 2813 in
1488 2781 1620 2814 Achaia

914 2832 982 2866 fuit
997 2833 1304 2866 celebratissimum
1318 2843 1326 2863 z
1358 2832 1416 2874 qui
1432 2831 1501 2864 ludi
1513 2832 1619 2874 juxta
