1904 3216
383 279 496 321 1666

384 381 517 419 Poetae‚
531 381 586 420 qui
602 379 643 410 de
667 382 764 419 patre
779 377 969 408 immediate
985 384 1070 417 prae-

385 430 520 461 cedenti
539 433 668 460 tantum
683 425 865 467 intelligit!
884 426 974 466 ἔξω]

424 482 467 510 28
489 476 646 515 Exsudeae]
668 477 781 508 Quum
803 474 930 506 Pedius
953 483 1070 505 causas

383 532 463 567 agat
479 535 553 556 cum
570 525 703 556 sudore.

425 578 468 605 29
491 573 659 613 Corvinus]
684 573 850 604 Corvinus
865 573 990 604 Orator
1003 573 1071 603 cla-

383 623 543 662 rissimus,
558 620 673 653 Petilli
695 627 882 658 accusator,
905 622 953 653 sic
970 621 1070 653 etiam

383 672 521 702 Pedius.
546 670 683 710 patriis]
705 671 846 702 Latinis.

425 723 466 751 30
489 720 582 751 Foris
600 719 704 758 malis]
726 719 881 750 Aliunde.
920 717 1071 749 Canusini

383 780 464 801 more
490 768 651 808 bilinguis]
675 769 730 799 De
757 768 900 799 Canusio
926 767 1069 798 diximus

383 819 456 849 Sat.
475 826 507 848 v.
531 817 606 848 Nec
619 817 736 847 mirum
748 817 774 846 si
786 816 946 847 Canusini
959 825 978 846 a
989 815 1068 846 Dio-

382 866 479 897 mede
490 866 522 896 in
532 865 632 896 ltalia
644 864 770 895 conditi
782 864 944 903 bilingues
955 868 1068 894 erant:

382 926 459 946 narn
489 920 524 945 et
552 914 726 944 Brutiates
756 921 870 943 omnes
905 912 1069 951 bilingues

382 963 533 994 eamdem
557 962 600 992 ob
622 970 755 992 causam
771 960 905 991 vocavit
930 961 1068 998 Ennius,

382 1018 472 1043 teste
495 1012 607 1043 Festo.
634 1013 774 1043 Torreat.
819 1009 968 1040 Canusini
989 1018 1070 1039 more

381 1060 541 1101 bilinguis]
563 1061 663 1102 Apud
692 1059 873 1091 Canusium
909 1057 1069 1097 oppidum

380 1110 415 1141 in
426 1110 574 1150 Appulia
589 1111 708 1151 partim
722 1110 858 1148 Graece,
870 1108 993 1148 partim
1006 1107 1070 1138 La-

383 1159 453 1189 tine
469 1158 703 1199 loquebantur.

423 1210 463 1238 31
495 1207 597 1248 Atque
625 1217 692 1248 ego,
720 1206 791 1247 esa]
829 1205 1069 1246 Argumentum

382 1255 555 1286 poeticum
586 1257 722 1297 elegans
751 1262 788 1286 et
817 1255 976 1294 facetum,
1005 1265 1070 1295 quo

380 1305 472 1345 quasi
489 1306 627 1336 oraculo
643 1305 800 1340 monitus,
815 1304 936 1335 suadet
950 1304 1071 1335 Roma-

382 1353 434 1384 nis
450 1354 539 1389 viris,
554 1363 596 1385 ne
613 1364 671 1385 suo
688 1354 841 1394 exemplo
857 1358 914 1384 aut
931 1353 1070 1384 Graecos

381 1411 499 1432 versus
515 1402 623 1433 insani
643 1402 781 1440 faciant,
798 1406 855 1433 ant
870 1402 992 1433 Graeca
1008 1401 1069 1431 La-

382 1451 460 1481 tinis
481 1451 696 1482 intertexant.
721 1453 814 1491 Cruq.
859 1451 964 1480 Natus
987 1460 1070 1480 mare

381 1494 478 1538 caim]
501 1499 610 1530 Natus
621 1500 653 1530 in
668 1498 826 1539 Appuliae
838 1498 970 1529 finibus.

423 1551 464 1579 32
488 1547 653 1588 Quirinus]
676 1548 849 1587 Romulus,
865 1547 984 1586 linguae
1006 1547 1069 1576 La-

383 1597 464 1627 tinae
479 1597 608 1627 author.

423 1646 464 1674 33
493 1644 586 1683 Vera,
610 1644 677 1685 δῖα]
699 1644 810 1676 Quum
837 1642 965 1672 somnia
990 1646 1069 1672 suut

385 1703 475 1725 vera.

424 1745 465 1774 34
488 1743 527 1773 In
551 1745 668 1784 sylvam
693 1742 778 1781 ligna
795 1739 899 1780 ferre]
919 1739 982 1770 Est
1010 1738 1068 1769 ali-

381 1801 479 1832 quem
504 1792 546 1822 iis
569 1792 666 1822 rebus
687 1799 810 1829 augere
829 1788 928 1828 velle,
950 1786 1070 1827 quibus

369 1840 454 1881 'ipse
470 1841 614 1872 maxime
627 1839 787 1870 abundat.
808 1839 967 1869 Erasmus.
990 1835 1069 1867 Vid.

383 1890 461 1921 Pet.
479 1889 603 1921 Nannii
618 1889 763 1920 Miscell.
780 1887 836 1918 lib.
854 1895 906 1918 iv.
949 1886 988 1916 In
1007 1885 1070 1925 syl·

383 1948 453 1969 vam
466 1947 526 1969 mm
540 1938 643 1978 ligna]
665 1937 751 1968 Haec
772 1939 852 1966 sunt
870 1933 973 1966 verba
990 1933 1071 1966 Qui·

384 1987 448 2017 riui
462 1986 504 2017 ad
517 1986 708 2017 Horatium.
728 1985 775 2016 Ac
788 1984 832 2024 si]
855 1983 939 2014 Sunt
955 1983 1010 2023 qui
1026 1981 1072 2013 At

382 2037 410 2067 si
439 2035 614 2075 legendum
650 2034 866 2065 existiment:
903 2037 981 2062 aunt
1012 2031 1070 2071 qui

385 2084 483 2115 aliter
498 2089 600 2124 atque
612 2084 709 2114 aliter
722 2082 964 2120 interpuugaut
978 2089 987 2109 ε
1011 2078 1070 2109 sed

384 2133 461 2164 nihil
484 2132 736 2163 immutandum.
781 2129 874 2160 Dicit
896 2127 983 2158 enim
1005 2136 1070 2157 non

382 2180 528 2212 insanius
551 2179 717 2211 facturum
733 2179 758 2208 si
776 2178 867 2217 ligna
888 2177 920 2206 in
941 2175 1069 2215 sylvam

383 2230 486 2270 ferat,
502 2239 599 2271 quam
615 2229 643 2260 si
657 2228 787 2260 Graecis
801 2236 836 2257 se
850 2224 1069 2265 scriptoribus

384 2280 531 2319 adjiciat,
542 2276 680 2318 perinde
696 2286 734 2307 ac
748 2276 776 2306 si
793 2283 929 2306 numero
943 2271 1070 2313 aliquid

385 2320 484 2358 desit.
510 2327 651 2357 Terreni.

426 2379 465 2406 35
482 2375 661 2406 Graecorum
671 2372 774 2413 malis]
789 2371 985 2403 Graecorum
997 2378 1069 2400 ver-

386 2435 493 2456 suum.
515 2424 701 2464 [Graiorum
715 2420 856 2460 Sanad.]

427 2477 468 2505 86
493 2472 647 2511 Tuo-gidus
661 2469 808 2510 Alpinus]
831 2467 914 2500 Quis
930 2466 1070 2506 Alpinus

385 2523 439 2554 hic
453 2522 556 2553 fuerit
578 2521 704 2560 ignoro.
748 2518 791 2549 A.
806 2517 996 2549 Cornelium
1011 2515 1070 2547 Al-

387 2573 501 2611 pinum
531 2574 630 2600 vocat
663 2567 779 2599 Lamb.
808 2572 903 2597 vetus
937 2565 1071 2605 Cruquii

387 2623 629 2651 commentator
635 2617 785 2654 Gallum,
794 2615 982 2655 Porphyrio
990 2614 1070 2646 Cor-

386 2669 521 2698 nelium.
564 2666 664 2698 Unde
676 2665 843 2705 Cruquius
858 2664 945 2699 ideo,
960 2663 993 2694 ni
1010 2662 1072 2693 fat·

387 2717 448 2755 lor,
463 2716 551 2756 quod
567 2716 624 2747 alii
642 2715 845 2753 Cornelium,
861 2713 917 2744 alii
938 2712 1071 2745 Gallum

390 2765 574 2805 appellent,
590 2765 629 2795 C.
644 2764 834 2795 Cornelium
857 2762 990 2794 Gallum
1013 2770 1071 2792 no-

839 285 977 316 NOTAE
1009 283 1225 315 VAmoRu
1236 285 1266 313 M
1307 283 1358 313 m

1116 377 1183 408 tari
1197 386 1216 407 a
1231 375 1340 407 Poeta
1365 373 1555 414 existiman
1575 378 1696 415 utpote
1717 376 1802 408 riva-

1119 426 1183 457 lem
1198 426 1282 465 ejus,
1297 429 1333 456 et
1355 424 1487 464 quidem
1511 423 1572 454 sub
1589 423 1703 463 Alpini
1725 433 1802 464 cog·

1118 475 1263 513 nomine,
1278 473 1365 515 quod
1383 472 1623 513 Forojuliensis
1639 478 1740 505 esset.
1756 472 1803 505 At

1120 524 1234 562 procul
1253 522 1295 553 ab
1313 521 1453 562 Alpibus
1475 521 1801 564 Forojulieusestne-

1118 581 1183 611 que
1206 577 1273 602 tam
1290 571 1436 611 iniquum
1451 570 1550 602 Gallo
1569 570 1672 601 fuisse
1693 571 1804 602 credi-

1118 620 1225 651 derim
1250 621 1407 652 Flaccum
1433 624 1597 658 nostrum,
1622 624 1659 651 ut
1687 621 1802 651 eximii

1117 669 1236 701 Poetae
1262 669 1418 701 laudibus
1443 669 1623 710 quidquam
1648 668 1803 700 detraxe-

1117 718 1173 756 rit,
1211 719 1398 758 praesertim
1433 727 1508 749 cum
1536 717 1696 757 Virgilius
1727 726 1804 748 eum

1117 768 1215 798 unice
1227 768 1380 806 coluerit,
1389 767 1508 807 opibus
1521 767 1622 798 etiam
1632 771 1667 798 et
1679 767 1803 807 AEgyp-

1117 816 1142 846 ti
1159 815 1363 855 praefectura
1384 818 1521 847 clarum.
1565 815 1654 846 Nam
1670 815 1804 846 Horatii

1117 864 1253 895 rivalem
1288 864 1403 904 fnisse,
1439 865 1472 895 id
1503 873 1628 896 merum
1664 863 1803 904 Cruqnii

1117 913 1276 942 somnium
1302 918 1376 943 est:
1400 912 1677 952 quemadmodum
1703 916 1738 943 et
1757 912 1799 942 de

1117 960 1296 991 Memnone
1320 960 1505 1000 scripsisse.
1547 960 1673 992 Videat
1697 961 1802 1000 igitur

1117 1017 1160 1039 ne
1176 1009 1231 1047 qui
1247 1008 1328 1039 alios
1343 1007 1502 1047 deceptos
1514 1006 1620 1038 fuisse
1633 1008 1804 1047 gloriatur,

1118 1057 1191 1096 ipse
1213 1058 1317 1096 magis
1341 1057 1504 1097 deceptus
1524 1057 1579 1088 sit.
1622 1057 1689 1090 Qui
1711 1057 1806 1096 Alpi-

1117 1115 1196 1136 num
1219 1106 1331 1138 vocari
1354 1106 1532 1137 obscurum
1557 1105 1643 1136 tinne
1662 1104 1804 1136 Pactam

1118 1156 1444 1191 animadvertebant,
1473 1155 1563 1187 Galli
1594 1163 1712 1186 nomeu
1740 1154 1804 1194 ipsi

1117 1205 1324 1237 indiderunt.
1368 1203 1466 1236 Unde
1494 1203 1635 1242 factum,
1660 1207 1699 1234 ut
1723 1203 1806 1234 Cor-

1118 1254 1199 1285 nelii
1221 1262 1353 1294 quoque
1374 1262 1496 1284 nomen
1519 1252 1659 1292 adeptus
1682 1252 1737 1288 sit.
1753 1252 1806 1283 fu·

1118 1308 1211 1333 turus
1227 1303 1265 1334 C.
1282 1302 1455 1334 Cornelius
1479 1301 1610 1340 Gallus,
1629 1301 1692 1332 nisi
1715 1301 1804 1332 cele-

1119 1352 1186 1383 bris
1201 1352 1315 1383 Poetae
1328 1361 1442 1383 manes
1455 1351 1496 1382 ab
1513 1351 1634 1391 injuria
1645 1349 1804 1381 defenda-

1119 1410 1200 1431 mus·
1233 1401 1372 1432 Tor-rene.
1418 1400 1572 1439 Turgana
1594 1398 1735 1439 Alpinus,
1751 1398 1806 1436 ju-

1115 1451 1203 1488 gulat
1239 1451 1312 1480 dum
1342 1448 1523 1488 Memnona]
1545 1447 1724 1479 Horatium
1761 1446 1804 1477 de

1119 1498 1227 1528 Poeta
1252 1498 1356 1537 loqui,
1367 1498 1436 1537 qui,
1450 1505 1525 1528 cum
1541 1496 1628 1527 eitra
1642 1503 1732 1526 mare
1747 1503 1806 1525 na·

1120 1552 1172 1576 tus
1197 1552 1301 1584 esset,
1319 1547 1461 1578 Graecos
1489 1554 1606 1576 versus
1627 1545 1805 1582 scriberet,

1119 1603 1171 1624 res
1187 1595 1260 1634 ipsa
1273 1594 1385 1625 docet.
1420 1594 1496 1624 Duo
1510 1593 1597 1624 enim
1609 1597 1805 1633 argumenta

1119 1647 1228 1682 erant,
1255 1643 1288 1673 in
1317 1642 1436 1682 quibus
1465 1650 1578 1673 omnes
1605 1640 1679 1673 fere
1706 1641 1804 1682 Epici

1121 1689 1236 1720 Poetae
1251 1689 1378 1728 Graeci,
1390 1694 1550 1730 tanquam
1567 1689 1661 1720 facta
1673 1689 1805 1729 conspi-

1122 1739 1266 1776 ratione,
1287 1737 1513 1769 desudarent:
1537 1737 1671 1769 Bellum
1685 1737 1805 1778 Troja-

1123 1797 1213 1827 nnm,
1229 1797 1362 1827 nempe,
1375 1793 1410 1817 et
1425 1784 1713 1826 Gigantomachia.
1735 1782 1806 1817 Un-

1123 1836 1165 1867 de
1190 1841 1225 1867 et
1245 1836 1357 1867 Latini
1380 1834 1508 1874 Poeta,
1521 1835 1653 1876 quoties
1667 1833 1710 1865 de
1724 1834 1805 1874 legi-

1125 1886 1205 1916 timo
1240 1889 1276 1916 et
1303 1884 1436 1924 majoris
1465 1883 1577 1915 oneris
1610 1888 1807 1923 argumento

1124 1939 1239 1974 agunt,
1254 1933 1320 1965 dno
1340 1934 1405 1964 ista
1426 1931 1602 1964 levioribus
1622 1936 1657 1963 et
1669 1932 1806 1963 minoris

1123 1993 1236 2023 operae
1251 1987 1435 2023 opponunt.
1470 1981 1556 2013 Haec
1570 1980 1647 2019 duo,
1661 1979 1805 2021 Alpinus

1123 2031 1186 2062 iste
1203 2031 1348 2069 Horatii,
1362 2030 1495 2062 Gaurus
1518 2029 1686 2061 Martialis
1702 2038 1804 2069 opere

1123 2079 1289 2118 complexi
1303 2083 1412 2109 eraut.
1439 2078 1604 2118 Gigantes
1619 2078 1732 2109 Greci
1745 2087 1803 2116 γη·

1121 2128 1222 2165 ’γονεῖς
1245 2131 1281 2157 et
1303 2125 1504 2166 π-ηλογόνονς,
1528 2126 1590 2157 hoc
1610 2130 1674 2163 est,
1697 2125 1803 2160 luteos,

1123 2184 1194 2213 sen,
1205 2175 1269 2204 luto
1277 2174 1409 2212 genitos,
1419 2182 1538 2204 vocare
1548 2173 1667 2204 solent.
1688 2171 1804 2203 Lucem

1122 2223 1209 2254 enim
1232 2228 1284 2253 est
1307 2222 1478 2253 terrestris
1506 2222 1559 2252 vel
1579 2221 1764 2260 πηλόγονοε,
1786 2231 1803 2252 e

1121 2273 1184 2301 luto
1211 2271 1348 2310 genitus.
1389 2270 1484 2301 Inter
1508 2269 1674 2309 Gigantes
1699 2269 1802 2301 fuisse

1123 2320 1293 2358 Rhoecutn,
1307 2323 1365 2350 aut
1379 2319 1528 2350 Rhecum
1542 2318 1614 2350 siue
1627 2317 1803 2358 diphthon-

1122 2378 1164 2408 go
1187 2376 1227 2399 ea
1244 2377 1307 2398 vox
1331 2367 1463 2406 legitur,
1486 2374 1582 2398 nemo
1602 2371 1654 2397 est
1675 2367 1729 2407 qui
1746 2376 1800 2398 ne-

1122 2417 1198 2448 scit.
1240 2417 1306 2449 Qui
1321 2425 1401 2455 ergo
1416 2416 1576 2456 scriptum
1587 2415 1803 2456 invenissent,

1125 2466 1279 2504 Turgidus
1293 2465 1423 2505 Alpinus
1432 2464 1559 2503 ¹iugulat
1581 2465 1652 2495 dam
1667 2464 1805 2495 Memno-

1122 2525 1172 2554 na,
1186 2517 1313 2555 dumque
1331 2513 1503 2554 Dzffringit
1517 2513 1616 2544 Rlieei
1629 2514 1742 2543 luteum
1755 2522 1805 2544 ew

1119 2567 1189 2604 put,
1204 2573 1246 2594 ex
1259 2573 1298 2594 eo
1314 2563 1414 2594 Rheni
1436 2560 1602 2594 fecerunt.
1646 2562 1736 2592 Dum
1750 2571 1802 2593 er-

1123 2623 1179 2653 go,
1194 2613 1270 2649 iste,
1280 2611 1426 2652 quisquis
1439 2616 1491 2642 est
1507 2609 1660 2651 Alpinus,
1671 2619 1803 2650 quomo-

1123 2662 1167 2692 do
1189 2662 1348 2692 Memnon
1363 2660 1550 2701 jugulatus,
1565 2664 1599 2690 et
1614 2659 1727 2690 Rlieco
1746 2666 1800 2689 c·-

1122 2715 1185 2751 put
1194 2721 1213 2741 a
1222 2711 1306 2743 Jove
1317 2708 1728 2748 fueritditl'ractum,(uam
1738 2705 1799 2742 dif-

1115 2759 1237 2798 fringit
1257 2756 1460 2799 legendum,)
1473 2758 1534 2789 lioc
1549 2761 1614 2796 est,
1626 2755 1666 2787 τὸ
1687 2752 1799 2795 Τρωϊκὰ
