<?xml version="1.0" encoding="UTF-8"?>
<!DOCTYPE html PUBLIC "-//W3C//DTD XHTML 1.0 Transitional//EN"
    "http://www.w3.org/TR/xhtml1/DTD/xhtml1-transitional.dtd">
<html xmlns="http://www.w3.org/1999/xhtml" xml:lang="en" lang="en">
 <head>
  <title>
</title>
<meta http-equiv="Content-Type" content="text/html;charset=utf-8" />
  <meta name='ocr-system' content='tesseract 3.04.00' />
  <meta name='ocr-capabilities' content='ocr_page ocr_carea ocr_par ocr_line ocrx_word'/>
</head>
<body>
  <div class='ocr_page' id='page_1' title='image "./operazeune03horauoft/operazeune03horauoft_0590.png"; bbox 0 0 1890 3230; ppageno 0'>
   <div class='ocr_carea' id='block_1_1' title="bbox 379 249 488 291">
    <p class='ocr_par' dir='ltr' id='par_1_1' title="bbox 379 249 488 291">
     <span class='ocr_line' id='line_1_1' title="bbox 379 249 488 291; baseline -0.009 0"><span class='ocrx_word' id='word_1_1' title='bbox 379 249 488 291; x_wconf 78' lang='lat'>17:36</span> 
     </span>
    </p>
   </div>
   <div class='ocr_carea' id='block_1_2' title="bbox 366 349 1057 2775">
    <p class='ocr_par' dir='ltr' id='par_1_2' title="bbox 378 349 1057 439">
     <span class='ocr_line' id='line_1_2' title="bbox 379 349 1057 391; baseline 0.004 -12"><span class='ocrx_word' id='word_1_2' title='bbox 379 354 416 380; x_wconf 85' lang='lat' dir='ltr'>ut</span> <span class='ocrx_word' id='word_1_3' title='bbox 431 350 501 381; x_wconf 81' lang='lat' dir='ltr'>Sat.</span> <span class='ocrx_word' id='word_1_4' title='bbox 516 359 570 382; x_wconf 84' lang='lat' dir='ltr'>nr.</span> <span class='ocrx_word' id='word_1_5' title='bbox 585 350 744 381; x_wconf 81' lang='lat' dir='ltr'>diximus:</span> <span class='ocrx_word' id='word_1_6' title='bbox 768 349 839 389; x_wconf 85' lang='lat' dir='ltr'>ipse</span> <span class='ocrx_word' id='word_1_7' title='bbox 860 359 979 391; x_wconf 83' lang='lat' dir='ltr'>nempe</span> <span class='ocrx_word' id='word_1_8' title='bbox 1001 352 1057 382; x_wconf 88' lang='lat' dir='ltr'>da-</span> 
     </span>
     <span class='ocr_line' id='line_1_3' title="bbox 378 399 664 439; baseline -0.003 -10"><span class='ocrx_word' id='word_1_9' title='bbox 378 402 433 429; x_wconf 89' lang='lat' dir='ltr'>tor</span> <span class='ocrx_word' id='word_1_10' title='bbox 446 408 555 439; x_wconf 90' lang='lat' dir='ltr'>opum.</span> <span class='ocrx_word' id='word_1_11' title='bbox 578 399 664 429; x_wconf 86' lang='lat' dir='ltr'>Torr.</span> 
     </span>
    </p>

    <p class='ocr_par' dir='ltr' id='par_1_3' title="bbox 374 448 1057 817">
     <span class='ocr_line' id='line_1_4' title="bbox 419 448 1056 489; baseline 0.005 -11"><span class='ocrx_word' id='word_1_12' title='bbox 419 452 438 478; x_wconf 83' lang='lat'><strong>5</strong></span> <span class='ocrx_word' id='word_1_13' title='bbox 461 449 550 478; x_wconf 84' lang='lat' dir='ltr'>Maia</span> <span class='ocrx_word' id='word_1_14' title='bbox 563 448 648 488; x_wconf 80' lang='lat' dir='ltr'>nate]</span> <span class='ocrx_word' id='word_1_15' title='bbox 672 448 703 479; x_wconf 92' lang='lat' dir='ltr'>O</span> <span class='ocrx_word' id='word_1_16' title='bbox 723 448 884 479; x_wconf 88' lang='lat' dir='ltr'>Mercuri.</span> <span class='ocrx_word' id='word_1_17' title='bbox 908 449 1056 489; x_wconf 75' lang='lat' dir='ltr'><strong><em>Propria]</em></strong></span> 
     </span>
     <span class='ocr_line' id='line_1_5' title="bbox 377 496 1057 538; baseline 0.007 -12"><span class='ocrx_word' id='word_1_18' title='bbox 377 496 521 536; x_wconf 85' lang='lat' dir='ltr'>Propria</span> <span class='ocrx_word' id='word_1_19' title='bbox 549 496 703 527; x_wconf 86' lang='lat' dir='ltr'>dicuntur</span> <span class='ocrx_word' id='word_1_20' title='bbox 739 498 772 528; x_wconf 91' lang='lat' dir='ltr'>in</span> <span class='ocrx_word' id='word_1_21' title='bbox 808 498 926 538; x_wconf 90' lang='lat' dir='ltr'>quibus</span> <span class='ocrx_word' id='word_1_22' title='bbox 959 508 1057 531; x_wconf 86' lang='lat' dir='ltr'>nemo</span> 
     </span>
     <span class='ocr_line' id='line_1_6' title="bbox 377 543 1055 587; baseline 0.007 -13"><span class='ocrx_word' id='word_1_23' title='bbox 377 545 459 575; x_wconf 82' lang='lat' dir='ltr'>alius</span> <span class='ocrx_word' id='word_1_24' title='bbox 483 543 653 583; x_wconf 86' lang='lat' dir='ltr'>quippiam</span> <span class='ocrx_word' id='word_1_25' title='bbox 678 546 765 585; x_wconf 90' lang='lat' dir='ltr'>juris</span> <span class='ocrx_word' id='word_1_26' title='bbox 788 547 900 587; x_wconf 86' lang='lat' dir='ltr'>habet,</span> <span class='ocrx_word' id='word_1_27' title='bbox 925 552 959 578; x_wconf 91' lang='lat' dir='ltr'>et</span> <span class='ocrx_word' id='word_1_28' title='bbox 983 558 1055 586; x_wconf 86' lang='lat' dir='ltr'>quae</span> 
     </span>
     <span class='ocr_line' id='line_1_7' title="bbox 376 593 1056 635; baseline 0.009 -13"><span class='ocrx_word' id='word_1_29' title='bbox 376 596 575 632; x_wconf 86' lang='lat' dir='ltr'>perpetuam</span> <span class='ocrx_word' id='word_1_30' title='bbox 592 593 749 625; x_wconf 84' lang='lat' dir='ltr'>adferunt</span> <span class='ocrx_word' id='word_1_31' title='bbox 771 595 903 627; x_wconf 87' lang='lat' dir='ltr'>domino</span> <span class='ocrx_word' id='word_1_32' title='bbox 928 606 1056 635; x_wconf 81' lang='lat' dir='ltr'>posses—</span> 
     </span>
     <span class='ocr_line' id='line_1_8' title="bbox 375 641 1056 678; baseline 0.01 -8"><span class='ocrx_word' id='word_1_33' title='bbox 375 641 511 672; x_wconf 80' lang='lat' dir='ltr'>sionem.</span> <span class='ocrx_word' id='word_1_34' title='bbox 554 642 640 673; x_wconf 88' lang='lat' dir='ltr'>Vide</span> <span class='ocrx_word' id='word_1_35' title='bbox 662 642 738 674; x_wconf 86' lang='lat' dir='ltr'>Pet.</span> <span class='ocrx_word' id='word_1_36' title='bbox 762 644 884 675; x_wconf 87' lang='lat' dir='ltr'>Nannii</span> <span class='ocrx_word' id='word_1_37' title='bbox 911 645 1056 678; x_wconf 88' lang='lat' dir='ltr'>Miscell.</span> 
     </span>
     <span class='ocr_line' id='line_1_9' title="bbox 374 688 1055 731; baseline 0.012 -13"><span class='ocrx_word' id='word_1_38' title='bbox 374 688 431 719; x_wconf 88' lang='lat' dir='ltr'>lib.</span> <span class='ocrx_word' id='word_1_39' title='bbox 459 698 512 721; x_wconf 76' lang='lat' dir='ltr'>iv.</span> <span class='ocrx_word' id='word_1_40' title='bbox 554 690 687 730; x_wconf 79' lang='lat' dir='ltr'><strong><em>Propria</em></strong></span> <span class='ocrx_word' id='word_1_41' title='bbox 710 691 789 731; x_wconf 82' lang='lat' dir='ltr'>hoec]</span> <span class='ocrx_word' id='word_1_42' title='bbox 818 692 893 724; x_wconf 91' lang='lat' dir='ltr'>Nisi</span> <span class='ocrx_word' id='word_1_43' title='bbox 921 698 957 725; x_wconf 84' lang='lat' dir='ltr'>ut</span> <span class='ocrx_word' id='word_1_44' title='bbox 982 695 1055 726; x_wconf 80' lang='lat' dir='ltr'>haec</span> 
     </span>
     <span class='ocr_line' id='line_1_10' title="bbox 375 738 1055 782; baseline 0.011 -14"><span class='ocrx_word' id='word_1_45' title='bbox 375 747 512 769; x_wconf 88' lang='lat' dir='ltr'>munera</span> <span class='ocrx_word' id='word_1_46' title='bbox 537 738 640 771; x_wconf 85' lang='lat' dir='ltr'>facias</span> <span class='ocrx_word' id='word_1_47' title='bbox 663 741 740 772; x_wconf 85' lang='lat' dir='ltr'>mihi</span> <span class='ocrx_word' id='word_1_48' title='bbox 767 747 929 782; x_wconf 88' lang='lat' dir='ltr'>perpetua</span> <span class='ocrx_word' id='word_1_49' title='bbox 951 747 986 775; x_wconf 88' lang='lat' dir='ltr'>et</span> <span class='ocrx_word' id='word_1_50' title='bbox 1001 743 1055 775; x_wconf 85' lang='lat' dir='ltr'>fir-</span> 
     </span>
     <span class='ocr_line' id='line_1_11' title="bbox 375 795 441 817; baseline 0.019 -1"><span class='ocrx_word' id='word_1_51' title='bbox 375 795 441 817; x_wconf 84' lang='lat' dir='ltr'>ma.</span> 
     </span>
    </p>

    <p class='ocr_par' dir='ltr' id='par_1_4' title="bbox 376 835 1055 914">
     <span class='ocr_line' id='line_1_12' title="bbox 415 835 1055 879; baseline 0.009 -14"><span class='ocrx_word' id='word_1_52' title='bbox 415 838 436 865; x_wconf 88' lang='lat'><strong>6</strong></span> <span class='ocrx_word' id='word_1_53' title='bbox 458 835 591 867; x_wconf 78' lang='lat' dir='ltr'><em>Ratione</em></span> <span class='ocrx_word' id='word_1_54' title='bbox 617 838 696 868; x_wconf 78' lang='lat' dir='ltr'>mola</span> <span class='ocrx_word' id='word_1_55' title='bbox 722 837 801 877; x_wconf 86' lang='lat' dir='ltr'>rem]</span> <span class='ocrx_word' id='word_1_56' title='bbox 848 839 975 879; x_wconf 85' lang='lat' dir='ltr'>Iujuria</span> <span class='ocrx_word' id='word_1_57' title='bbox 1003 842 1055 871; x_wconf 87' lang='lat' dir='ltr'>vel</span> 
     </span>
     <span class='ocr_line' id='line_1_13' title="bbox 376 882 507 914; baseline 0.008 -1"><span class='ocrx_word' id='word_1_58' title='bbox 376 882 507 914; x_wconf 81' lang='lat' dir='ltr'>fraude.</span> 
     </span>
    </p>

    <p class='ocr_par' dir='ltr' id='par_1_5' title="bbox 374 932 1056 1013">
     <span class='ocr_line' id='line_1_14' title="bbox 415 932 1056 978; baseline 0.014 -17"><span class='ocrx_word' id='word_1_59' title='bbox 415 935 435 961; x_wconf 90' lang='grc'><strong>7</strong></span> <span class='ocrx_word' id='word_1_60' title='bbox 462 932 544 962; x_wconf 76' lang='lat' dir='ltr'>Vitio</span> <span class='ocrx_word' id='word_1_61' title='bbox 566 933 688 972; x_wconf 80' lang='lat' dir='ltr'>culpave</span> <span class='ocrx_word' id='word_1_62' title='bbox 712 934 872 975; x_wconf 78' lang='lat' dir='ltr'><strong><em>minorem]</em></strong></span> <span class='ocrx_word' id='word_1_63' title='bbox 896 937 1056 978; x_wconf 80' lang='lat' dir='ltr'>Nequitia</span> 
     </span>
     <span class='ocr_line' id='line_1_15' title="bbox 374 980 560 1013; baseline 0.011 -3"><span class='ocrx_word' id='word_1_64' title='bbox 374 980 560 1013; x_wconf 85' lang='lat' dir='ltr'>luxuriave.</span> 
     </span>
    </p>

    <p class='ocr_par' dir='ltr' id='par_1_6' title="bbox 370 1028 1056 1363">
     <span class='ocr_line' id='line_1_16' title="bbox 415 1028 1055 1076; baseline 0.016 -18"><span class='ocrx_word' id='word_1_65' title='bbox 415 1031 436 1058; x_wconf 86' lang='lat'>8</span> <span class='ocrx_word' id='word_1_66' title='bbox 457 1028 495 1059; x_wconf 76' lang='lat' dir='ltr'>Si</span> <span class='ocrx_word' id='word_1_67' title='bbox 510 1039 636 1061; x_wconf 78' lang='lat' dir='ltr'>veneror</span> <span class='ocrx_word' id='word_1_68' title='bbox 649 1033 761 1064; x_wconf 79' lang='lat' dir='ltr'>stultus</span> <span class='ocrx_word' id='word_1_69' title='bbox 772 1033 850 1064; x_wconf 79' lang='grc' dir='ltr'><em>ηἰΙιίΙ</em></span> <span class='ocrx_word' id='word_1_70' title='bbox 862 1035 984 1076; x_wconf 81' lang='lat' dir='ltr'>horum]</span> <span class='ocrx_word' id='word_1_71' title='bbox 1020 1037 1055 1068; x_wconf 93' lang='lat' dir='ltr'>Si</span> 
     </span>
     <span class='ocr_line' id='line_1_17' title="bbox 371 1078 1056 1125; baseline 0.015 -18"><span class='ocrx_word' id='word_1_72' title='bbox 371 1078 451 1109; x_wconf 86' lang='lat' dir='ltr'>nihil</span> <span class='ocrx_word' id='word_1_73' title='bbox 468 1079 581 1110; x_wconf 85' lang='lat' dir='ltr'>horum</span> <span class='ocrx_word' id='word_1_74' title='bbox 597 1090 616 1110; x_wconf 93' lang='lat' dir='ltr'>a</span> <span class='ocrx_word' id='word_1_75' title='bbox 631 1081 707 1112; x_wconf 89' lang='lat' dir='ltr'>Diis</span> <span class='ocrx_word' id='word_1_76' title='bbox 723 1091 853 1123; x_wconf 80' lang='lat' dir='ltr'>precor,</span> <span class='ocrx_word' id='word_1_77' title='bbox 869 1094 942 1123; x_wconf 87' lang='lat' dir='ltr'>quae</span> <span class='ocrx_word' id='word_1_78' title='bbox 959 1095 1056 1125; x_wconf 88' lang='lat' dir='ltr'>prox-</span> 
     </span>
     <span class='ocr_line' id='line_1_18' title="bbox 372 1127 1054 1171; baseline 0.013 -14"><span class='ocrx_word' id='word_1_79' title='bbox 372 1127 438 1158; x_wconf 85' lang='lat' dir='ltr'>ime</span> <span class='ocrx_word' id='word_1_80' title='bbox 459 1127 582 1160; x_wconf 83' lang='lat' dir='ltr'>dicam.</span> <span class='ocrx_word' id='word_1_81' title='bbox 631 1129 778 1171; x_wconf 83' lang='lat' dir='ltr'>Veneror]</span> <span class='ocrx_word' id='word_1_82' title='bbox 801 1133 852 1163; x_wconf 91' lang='lat' dir='ltr'>De</span> <span class='ocrx_word' id='word_1_83' title='bbox 875 1133 936 1164; x_wconf 88' lang='lat' dir='ltr'>hoc</span> <span class='ocrx_word' id='word_1_84' title='bbox 958 1144 1054 1166; x_wconf 85' lang='lat' dir='ltr'>voca-</span> 
     </span>
     <span class='ocr_line' id='line_1_19' title="bbox 372 1175 1053 1216; baseline 0.012 -11"><span class='ocrx_word' id='word_1_85' title='bbox 372 1175 452 1206; x_wconf 89' lang='lat' dir='ltr'>bulo</span> <span class='ocrx_word' id='word_1_86' title='bbox 481 1181 640 1216; x_wconf 87' lang='lat' dir='ltr'>quantum</span> <span class='ocrx_word' id='word_1_87' title='bbox 669 1179 748 1210; x_wconf 90' lang='lat' dir='ltr'>satis</span> <span class='ocrx_word' id='word_1_88' title='bbox 775 1184 828 1211; x_wconf 88' lang='lat' dir='ltr'>est</span> <span class='ocrx_word' id='word_1_89' title='bbox 857 1180 1000 1212; x_wconf 79' lang='lat' dir='ltr'>diximus</span> <span class='ocrx_word' id='word_1_90' title='bbox 1020 1183 1053 1213; x_wconf 89' lang='lat' dir='ltr'>in</span> 
     </span>
     <span class='ocr_line' id='line_1_20' title="bbox 373 1225 1054 1268; baseline 0.013 -14"><span class='ocrx_word' id='word_1_91' title='bbox 373 1225 484 1255; x_wconf 84' lang='lat' dir='ltr'>Carm.</span> <span class='ocrx_word' id='word_1_92' title='bbox 512 1226 600 1259; x_wconf 85' lang='lat' dir='ltr'>Saec.</span> <span class='ocrx_word' id='word_1_93' title='bbox 630 1232 666 1258; x_wconf 93' lang='lat' dir='ltr'>et</span> <span class='ocrx_word' id='word_1_94' title='bbox 691 1238 792 1268; x_wconf 85' lang='lat' dir='ltr'>supra</span> <span class='ocrx_word' id='word_1_95' title='bbox 815 1230 888 1261; x_wconf 86' lang='lat' dir='ltr'>Sat.</span> <span class='ocrx_word' id='word_1_96' title='bbox 911 1240 951 1262; x_wconf 86' lang='lat'>11.</span> <span class='ocrx_word' id='word_1_97' title='bbox 981 1233 1054 1263; x_wconf 83' lang='lat' dir='ltr'>Tor-</span> 
     </span>
     <span class='ocr_line' id='line_1_21' title="bbox 370 1275 1055 1322; baseline 0.012 -19"><span class='ocrx_word' id='word_1_98' title='bbox 370 1277 453 1305; x_wconf 74' lang='lat' dir='ltr'>reat.</span> <span class='ocrx_word' id='word_1_99' title='bbox 501 1275 568 1305; x_wconf 81' lang='lat' dir='ltr'>Osi</span> <span class='ocrx_word' id='word_1_100' title='bbox 578 1277 707 1315; x_wconf 74' lang='lat' dir='ltr'>angulus</span> <span class='ocrx_word' id='word_1_101' title='bbox 719 1277 784 1317; x_wconf 77' lang='lat' dir='ltr'>ille]</span> <span class='ocrx_word' id='word_1_102' title='bbox 806 1278 940 1310; x_wconf 88' lang='lat' dir='ltr'>Utinam</span> <span class='ocrx_word' id='word_1_103' title='bbox 953 1290 1055 1322; x_wconf 82' lang='lat' dir='ltr'>angu-</span> 
     </span>
     <span class='ocr_line' id='line_1_22' title="bbox 371 1322 583 1363; baseline 0.014 -11"><span class='ocrx_word' id='word_1_104' title='bbox 371 1322 422 1353; x_wconf 86' lang='lat' dir='ltr'>lus</span> <span class='ocrx_word' id='word_1_105' title='bbox 437 1322 505 1363; x_wconf 89' lang='lat' dir='ltr'>ille,</span> <span class='ocrx_word' id='word_1_106' title='bbox 519 1325 583 1355; x_wconf 75' lang='grc' dir='ltr'>διο.</span> 
     </span>
    </p>

    <p class='ocr_par' dir='ltr' id='par_1_7' title="bbox 369 1373 1055 1953">
     <span class='ocr_line' id='line_1_23' title="bbox 413 1373 1055 1418; baseline 0.017 -17"><span class='ocrx_word' id='word_1_107' title='bbox 413 1374 433 1402; x_wconf 84' lang='grc'><strong>9</strong></span> <span class='ocrx_word' id='word_1_108' title='bbox 456 1373 642 1414; x_wconf 79' lang='lat' dir='ltr'>Denormat]</span> <span class='ocrx_word' id='word_1_109' title='bbox 677 1374 774 1407; x_wconf 81' lang='lat' dir='ltr'>Hanc</span> <span class='ocrx_word' id='word_1_110' title='bbox 797 1377 996 1418; x_wconf 71' lang='lat' dir='ltr'>scripturam</span> <span class='ocrx_word' id='word_1_111' title='bbox 1020 1385 1055 1412; x_wconf 87' lang='lat' dir='ltr'>et</span> 
     </span>
     <span class='ocr_line' id='line_1_24' title="bbox 370 1423 1053 1468; baseline 0.015 -17"><span class='ocrx_word' id='word_1_112' title='bbox 370 1430 434 1460; x_wconf 83' lang='lat' dir='ltr'>ego</span> <span class='ocrx_word' id='word_1_113' title='bbox 447 1430 580 1462; x_wconf 87' lang='lat' dir='ltr'>sequor,</span> <span class='ocrx_word' id='word_1_114' title='bbox 595 1423 795 1463; x_wconf 88' lang='lat' dir='ltr'>optimorum</span> <span class='ocrx_word' id='word_1_115' title='bbox 815 1429 1053 1468; x_wconf 81' lang='lat' dir='ltr'>exemplarium</span> 
     </span>
     <span class='ocr_line' id='line_1_25' title="bbox 369 1470 1052 1516; baseline 0.018 -18"><span class='ocrx_word' id='word_1_116' title='bbox 369 1470 561 1501; x_wconf 85' lang='lat' dir='ltr'>testimonio</span> <span class='ocrx_word' id='word_1_117' title='bbox 573 1472 765 1511; x_wconf 87' lang='lat' dir='ltr'>probatam:</span> <span class='ocrx_word' id='word_1_118' title='bbox 787 1484 985 1516; x_wconf 85' lang='lat' dir='ltr'>quamquam</span> <span class='ocrx_word' id='word_1_119' title='bbox 998 1489 1052 1510; x_wconf 89' lang='lat' dir='ltr'>vo-</span> 
     </span>
     <span class='ocr_line' id='line_1_26' title="bbox 371 1518 1053 1560; baseline 0.018 -13"><span class='ocrx_word' id='word_1_120' title='bbox 371 1518 525 1549; x_wconf 89' lang='lat' dir='ltr'>cabulum</span> <span class='ocrx_word' id='word_1_121' title='bbox 550 1521 656 1560; x_wconf 76' lang='lat' dir='ltr'>ipsum</span> <span class='ocrx_word' id='word_1_122' title='bbox 680 1531 744 1553; x_wconf 89' lang='lat' dir='ltr'>non</span> <span class='ocrx_word' id='word_1_123' title='bbox 761 1525 893 1556; x_wconf 88' lang='lat' dir='ltr'>memini</span> <span class='ocrx_word' id='word_1_124' title='bbox 908 1527 987 1558; x_wconf 88' lang='lat' dir='ltr'>alibi</span> <span class='ocrx_word' id='word_1_125' title='bbox 1001 1537 1053 1559; x_wconf 87' lang='lat' dir='ltr'>me</span> 
     </span>
     <span class='ocr_line' id='line_1_27' title="bbox 369 1567 1053 1614; baseline 0.015 -18"><span class='ocrx_word' id='word_1_126' title='bbox 369 1567 502 1606; x_wconf 81' lang='lat' dir='ltr'>legisse.</span> <span class='ocrx_word' id='word_1_127' title='bbox 526 1571 535 1585; x_wconf 84' lang='lat'>‘</span> <span class='ocrx_word' id='word_1_128' title='bbox 548 1567 766 1601; x_wconf 89' lang='lat' dir='ltr'>Normatum&#39;</span> <span class='ocrx_word' id='word_1_129' title='bbox 790 1581 869 1603; x_wconf 85' lang='lat' dir='ltr'>vero</span> <span class='ocrx_word' id='word_1_130' title='bbox 893 1574 903 1591; x_wconf 80' lang='lat'><em>‘</em></span> <span class='ocrx_word' id='word_1_131' title='bbox 919 1574 959 1604; x_wconf 87' lang='lat' dir='ltr'>ad</span> <span class='ocrx_word' id='word_1_132' title='bbox 977 1584 1053 1614; x_wconf 88' lang='lat' dir='ltr'>per-</span> 
     </span>
     <span class='ocr_line' id='line_1_28' title="bbox 369 1615 1053 1655; baseline 0.016 -12"><span class='ocrx_word' id='word_1_133' title='bbox 369 1615 583 1654; x_wconf 81' lang='lat' dir='ltr'>pendiculum</span> <span class='ocrx_word' id='word_1_134' title='bbox 592 1620 600 1633; x_wconf 84' lang='lat'><em>’</em></span> <span class='ocrx_word' id='word_1_135' title='bbox 613 1617 699 1648; x_wconf 83' lang='lat' dir='ltr'>dixit</span> <span class='ocrx_word' id='word_1_136' title='bbox 710 1619 903 1651; x_wconf 82' lang='lat' dir='ltr'>Columella.</span> <span class='ocrx_word' id='word_1_137' title='bbox 926 1623 1053 1655; x_wconf 88' lang='lat' dir='ltr'>Notum</span> 
     </span>
     <span class='ocr_line' id='line_1_29' title="bbox 370 1662 1054 1709; baseline 0.016 -17"><span class='ocrx_word' id='word_1_138' title='bbox 370 1666 482 1693; x_wconf 90' lang='lat' dir='ltr'>autem</span> <span class='ocrx_word' id='word_1_139' title='bbox 493 1662 662 1695; x_wconf 82' lang='lat' dir='ltr'>fabrorum</span> <span class='ocrx_word' id='word_1_140' title='bbox 675 1666 929 1700; x_wconf 75' lang='lat' dir='ltr'>instrumentum</span> <span class='ocrx_word' id='word_1_141' title='bbox 937 1680 1054 1709; x_wconf 76' lang='lat' dir='ltr'>norma,</span> 
     </span>
     <span class='ocr_line' id='line_1_30' title="bbox 369 1710 1054 1757; baseline 0.016 -16"><span class='ocrx_word' id='word_1_142' title='bbox 369 1710 506 1751; x_wconf 77' lang='grc' dir='ltr'><em>γνώμων,</em></span> <span class='ocrx_word' id='word_1_143' title='bbox 521 1717 558 1743; x_wconf 91' lang='lat' dir='ltr'>ut</span> <span class='ocrx_word' id='word_1_144' title='bbox 574 1718 611 1744; x_wconf 88' lang='lat' dir='ltr'>et</span> <span class='ocrx_word' id='word_1_145' title='bbox 637 1714 801 1757; x_wconf 87' lang='lat' dir='ltr'>‘regula‚’</span> <span class='ocrx_word' id='word_1_146' title='bbox 826 1717 896 1749; x_wconf 87' lang='lat' dir='ltr'>sive</span> <span class='ocrx_word' id='word_1_147' title='bbox 923 1720 1054 1752; x_wconf 85' lang='lat' dir='ltr'>‘linea’</span> 
     </span>
     <span class='ocr_line' id='line_1_31' title="bbox 369 1762 1055 1810; baseline 0.015 -19"><span class='ocrx_word' id='word_1_148' title='bbox 369 1765 405 1792; x_wconf 87' lang='lat' dir='ltr'>et</span> <span class='ocrx_word' id='word_1_149' title='bbox 429 1762 438 1778; x_wconf 93' lang='lat'>‘</span> <span class='ocrx_word' id='word_1_150' title='bbox 456 1762 754 1804; x_wconf 87' lang='lat' dir='ltr'>perpendiculum,’</span> <span class='ocrx_word' id='word_1_151' title='bbox 782 1765 824 1796; x_wconf 89' lang='lat' dir='ltr'>ad</span> <span class='ocrx_word' id='word_1_152' title='bbox 850 1777 923 1808; x_wconf 83' lang='lat' dir='ltr'>quae</span> <span class='ocrx_word' id='word_1_153' title='bbox 952 1778 1055 1810; x_wconf 88' lang='lat' dir='ltr'>opera</span> 
     </span>
     <span class='ocr_line' id='line_1_32' title="bbox 369 1810 1054 1854; baseline 0.016 -14"><span class='ocrx_word' id='word_1_154' title='bbox 369 1810 561 1851; x_wconf 85' lang='lat' dir='ltr'>exiguntur.</span> <span class='ocrx_word' id='word_1_155' title='bbox 583 1812 654 1844; x_wconf 86' lang='lat' dir='ltr'>Alii</span> <span class='ocrx_word' id='word_1_156' title='bbox 666 1813 781 1854; x_wconf 86' lang='lat' dir='ltr'>legunt</span> <span class='ocrx_word' id='word_1_157' title='bbox 790 1817 962 1854; x_wconf 78' lang='lat' dir='ltr'>Desormat.</span> <span class='ocrx_word' id='word_1_158' title='bbox 973 1820 1054 1851; x_wconf 88' lang='lat' dir='ltr'>Tor-</span> 
     </span>
     <span class='ocr_line' id='line_1_33' title="bbox 369 1862 1055 1907; baseline 0.016 -17"><span class='ocrx_word' id='word_1_159' title='bbox 369 1865 457 1892; x_wconf 84' lang='lat' dir='ltr'>rent.</span> <span class='ocrx_word' id='word_1_160' title='bbox 501 1862 672 1894; x_wconf 82' lang='lat' dir='ltr'>Denormat</span> <span class='ocrx_word' id='word_1_161' title='bbox 699 1865 846 1907; x_wconf 78' lang='lat' dir='ltr'>agellum]</span> <span class='ocrx_word' id='word_1_162' title='bbox 877 1868 944 1900; x_wconf 83' lang='lat' dir='ltr'>Qui</span> <span class='ocrx_word' id='word_1_163' title='bbox 972 1868 1055 1901; x_wconf 83' lang='lat' dir='ltr'>facit</span> 
     </span>
     <span class='ocr_line' id='line_1_34' title="bbox 371 1910 742 1953; baseline 0.019 -14"><span class='ocrx_word' id='word_1_164' title='bbox 371 1910 514 1949; x_wconf 89' lang='lat' dir='ltr'>agellum</span> <span class='ocrx_word' id='word_1_165' title='bbox 534 1911 742 1953; x_wconf 83' lang='lat' dir='ltr'>inaequalem.</span> 
     </span>
    </p>

    <p class='ocr_par' dir='ltr' id='par_1_8' title="bbox 366 1960 1055 2775">
     <span class='ocr_line' id='line_1_35' title="bbox 412 1960 1053 2006; baseline 0.016 -17"><span class='ocrx_word' id='word_1_166' title='bbox 412 1962 451 1990; x_wconf 87' lang='lat'>1⁰</span> <span class='ocrx_word' id='word_1_167' title='bbox 477 1960 506 1989; x_wconf 96' lang='grc'>0</span> <span class='ocrx_word' id='word_1_168' title='bbox 534 1960 562 1990; x_wconf 75' lang='lat' dir='ltr'>si</span> <span class='ocrx_word' id='word_1_169' title='bbox 588 1962 711 2002; x_wconf 79' lang='lat' dir='ltr'>urnam]</span> <span class='ocrx_word' id='word_1_170' title='bbox 756 1963 850 1996; x_wconf 83' lang='lat' dir='ltr'>Talia</span> <span class='ocrx_word' id='word_1_171' title='bbox 882 1965 938 1997; x_wconf 84' lang='lat' dir='ltr'>illa</span> <span class='ocrx_word' id='word_1_172' title='bbox 965 1967 1053 2006; x_wconf 78' lang='lat' dir='ltr'>apud</span> 
     </span>
     <span class='ocr_line' id='line_1_36' title="bbox 368 2008 1055 2047; baseline 0.013 -9"><span class='ocrx_word' id='word_1_173' title='bbox 368 2008 523 2040; x_wconf 83' lang='lat' dir='ltr'>Persium</span> <span class='ocrx_word' id='word_1_174' title='bbox 539 2011 689 2042; x_wconf 88' lang='lat' dir='ltr'>omnibus</span> <span class='ocrx_word' id='word_1_175' title='bbox 705 2017 786 2044; x_wconf 85' lang='lat' dir='ltr'>nota</span> <span class='ocrx_word' id='word_1_176' title='bbox 801 2014 870 2045; x_wconf 84' lang='lat' dir='ltr'>Sat.</span> <span class='ocrx_word' id='word_1_177' title='bbox 887 2024 927 2046; x_wconf 80' lang='grc' dir='ltr'>η.</span> <span class='ocrx_word' id='word_1_178' title='bbox 955 2016 965 2033; x_wconf 78' lang='lat'>⁸</span> <span class='ocrx_word' id='word_1_179' title='bbox 979 2016 1010 2047; x_wconf 92' lang='grc' dir='ltr'><strong>Ο</strong></span> <span class='ocrx_word' id='word_1_180' title='bbox 1027 2017 1055 2047; x_wconf 89' lang='lat' dir='ltr'>si</span> 
     </span>
     <span class='ocr_line' id='line_1_37' title="bbox 369 2057 1053 2100; baseline 0.015 -13"><span class='ocrx_word' id='word_1_181' title='bbox 369 2057 500 2090; x_wconf 85' lang='lat' dir='ltr'>Ebullit</span> <span class='ocrx_word' id='word_1_182' title='bbox 515 2060 626 2098; x_wconf 89' lang='lat' dir='ltr'>patrui</span> <span class='ocrx_word' id='word_1_183' title='bbox 640 2062 833 2100; x_wconf 77' lang='lat' dir='ltr'>praeclarum</span> <span class='ocrx_word' id='word_1_184' title='bbox 850 2063 969 2095; x_wconf 85' lang='lat' dir='ltr'>funus!</span> <span class='ocrx_word' id='word_1_185' title='bbox 986 2070 1022 2097; x_wconf 90' lang='lat' dir='ltr'>et</span> <span class='ocrx_word' id='word_1_186' title='bbox 1034 2076 1053 2096; x_wconf 93' lang='lat' dir='ltr'>o</span> 
     </span>
     <span class='ocr_line' id='line_1_38' title="bbox 369 2106 1053 2152; baseline 0.013 -16"><span class='ocrx_word' id='word_1_187' title='bbox 369 2106 396 2136; x_wconf 89' lang='lat' dir='ltr'>si</span> <span class='ocrx_word' id='word_1_188' title='bbox 419 2107 487 2138; x_wconf 91' lang='lat' dir='ltr'>Sub</span> <span class='ocrx_word' id='word_1_189' title='bbox 510 2112 618 2140; x_wconf 88' lang='lat' dir='ltr'>rastro</span> <span class='ocrx_word' id='word_1_190' title='bbox 631 2115 749 2150; x_wconf 78' lang='lat' dir='ltr'>erepet</span> <span class='ocrx_word' id='word_1_191' title='bbox 764 2113 895 2152; x_wconf 84' lang='lat' dir='ltr'>argenti</span> <span class='ocrx_word' id='word_1_192' title='bbox 910 2113 988 2144; x_wconf 87' lang='lat' dir='ltr'>mihi</span> <span class='ocrx_word' id='word_1_193' title='bbox 1003 2123 1053 2144; x_wconf 89' lang='lat' dir='ltr'>se-</span> 
     </span>
     <span class='ocr_line' id='line_1_39' title="bbox 368 2154 1051 2191; baseline 0.012 -8"><span class='ocrx_word' id='word_1_194' title='bbox 368 2154 417 2184; x_wconf 84' lang='lat' dir='ltr'>ria</span> <span class='ocrx_word' id='word_1_195' title='bbox 443 2154 564 2186; x_wconf 90' lang='lat' dir='ltr'>dextro</span> <span class='ocrx_word' id='word_1_196' title='bbox 591 2156 763 2188; x_wconf 60' lang='lat' dir='ltr'>Hercule!</span> <span class='ocrx_word' id='word_1_197' title='bbox 805 2160 978 2190; x_wconf 87' lang='lat' dir='ltr'>‘Dextro&#39;</span> <span class='ocrx_word' id='word_1_198' title='bbox 1003 2162 1051 2191; x_wconf 91' lang='lat' dir='ltr'>in-</span> 
     </span>
     <span class='ocr_line' id='line_1_40' title="bbox 368 2203 1052 2243; baseline 0.009 -10"><span class='ocrx_word' id='word_1_199' title='bbox 368 2203 454 2243; x_wconf 89' lang='lat' dir='ltr'>quit,</span> <span class='ocrx_word' id='word_1_200' title='bbox 466 2208 502 2234; x_wconf 91' lang='lat' dir='ltr'>ut</span> <span class='ocrx_word' id='word_1_201' title='bbox 525 2205 534 2220; x_wconf 90' lang='lat'>‘</span> <span class='ocrx_word' id='word_1_202' title='bbox 549 2204 675 2235; x_wconf 87' lang='lat' dir='ltr'>amico’</span> <span class='ocrx_word' id='word_1_203' title='bbox 702 2205 878 2238; x_wconf 77' lang='lat' dir='ltr'>Horatius.</span> <span class='ocrx_word' id='word_1_204' title='bbox 922 2208 1052 2239; x_wconf 89' lang='lat' dir='ltr'>Hercu·</span> 
     </span>
     <span class='ocr_line' id='line_1_41' title="bbox 367 2252 1048 2287; baseline 0.007 -5"><span class='ocrx_word' id='word_1_205' title='bbox 367 2252 433 2282; x_wconf 90' lang='lat' dir='ltr'>lem</span> <span class='ocrx_word' id='word_1_206' title='bbox 454 2257 565 2283; x_wconf 88' lang='lat' dir='ltr'>autem</span> <span class='ocrx_word' id='word_1_207' title='bbox 582 2254 776 2284; x_wconf 83' lang='lat' dir='ltr'>moriturum</span> <span class='ocrx_word' id='word_1_208' title='bbox 792 2255 956 2286; x_wconf 86' lang='lat' dir='ltr'>monuisse</span> <span class='ocrx_word' id='word_1_209' title='bbox 970 2257 1048 2287; x_wconf 87' lang='lat' dir='ltr'>scri-</span> 
     </span>
     <span class='ocr_line' id='line_1_42' title="bbox 367 2300 1052 2335; baseline 0.007 -5"><span class='ocrx_word' id='word_1_210' title='bbox 367 2300 419 2331; x_wconf 85' lang='lat' dir='ltr'>bit</span> <span class='ocrx_word' id='word_1_211' title='bbox 433 2300 602 2331; x_wconf 89' lang='lat' dir='ltr'>Diodorus</span> <span class='ocrx_word' id='word_1_212' title='bbox 622 2301 680 2331; x_wconf 86' lang='lat' dir='ltr'>lib.</span> <span class='ocrx_word' id='word_1_213' title='bbox 701 2311 736 2331; x_wconf 89' lang='lat' dir='ltr'>v.</span> <span class='ocrx_word' id='word_1_214' title='bbox 753 2301 837 2332; x_wconf 90' lang='lat' dir='ltr'>bene</span> <span class='ocrx_word' id='word_1_215' title='bbox 852 2306 888 2333; x_wconf 92' lang='lat' dir='ltr'>et</span> <span class='ocrx_word' id='word_1_216' title='bbox 908 2302 1052 2335; x_wconf 84' lang='lat' dir='ltr'>feliciter</span> 
     </span>
     <span class='ocr_line' id='line_1_43' title="bbox 366 2349 1050 2390; baseline 0.006 -10"><span class='ocrx_word' id='word_1_217' title='bbox 366 2350 528 2389; x_wconf 85' lang='lat' dir='ltr'>victuros,</span> <span class='ocrx_word' id='word_1_218' title='bbox 543 2350 599 2390; x_wconf 89' lang='lat' dir='ltr'>qui</span> <span class='ocrx_word' id='word_1_219' title='bbox 619 2349 691 2390; x_wconf 75' lang='lat' dir='ltr'>Jam</span> <span class='ocrx_word' id='word_1_220' title='bbox 706 2351 782 2381; x_wconf 90' lang='lat' dir='ltr'>Deo</span> <span class='ocrx_word' id='word_1_221' title='bbox 798 2349 888 2382; x_wconf 83' lang='lat' dir='ltr'>facto</span> <span class='ocrx_word' id='word_1_222' title='bbox 903 2351 1050 2384; x_wconf 88' lang='lat' dir='ltr'>decimas</span> 
     </span>
     <span class='ocr_line' id='line_1_44' title="bbox 368 2396 1050 2440; baseline 0.006 -12"><span class='ocrx_word' id='word_1_223' title='bbox 368 2396 548 2429; x_wconf 80' lang='lat' dir='ltr'>offerrent:</span> <span class='ocrx_word' id='word_1_224' title='bbox 567 2398 629 2429; x_wconf 87' lang='lat' dir='ltr'>hoc</span> <span class='ocrx_word' id='word_1_225' title='bbox 653 2407 732 2438; x_wconf 86' lang='lat' dir='ltr'>ergo</span> <span class='ocrx_word' id='word_1_226' title='bbox 755 2402 818 2438; x_wconf 86' lang='lat' dir='ltr'>est,</span> <span class='ocrx_word' id='word_1_227' title='bbox 840 2399 927 2440; x_wconf 92' lang='lat' dir='ltr'>quod</span> <span class='ocrx_word' id='word_1_228' title='bbox 945 2401 996 2431; x_wconf 93' lang='lat' dir='ltr'>vel</span> <span class='ocrx_word' id='word_1_229' title='bbox 1009 2402 1050 2432; x_wconf 89' lang='lat' dir='ltr'>ad</span> 
     </span>
     <span class='ocr_line' id='line_1_45' title="bbox 367 2447 1051 2490; baseline 0.004 -11"><span class='ocrx_word' id='word_1_230' title='bbox 367 2447 579 2479; x_wconf 87' lang='lat' dir='ltr'>minuendam</span> <span class='ocrx_word' id='word_1_231' title='bbox 593 2447 762 2484; x_wconf 85' lang='lat' dir='ltr'>invidiam,</span> <span class='ocrx_word' id='word_1_232' title='bbox 777 2448 842 2485; x_wconf 82' lang='lat' dir='ltr'>vel,</span> <span class='ocrx_word' id='word_1_233' title='bbox 856 2449 944 2489; x_wconf 87' lang='lat' dir='ltr'>quod</span> <span class='ocrx_word' id='word_1_234' title='bbox 956 2450 1051 2490; x_wconf 87' lang='lat' dir='ltr'>plura</span> 
     </span>
     <span class='ocr_line' id='line_1_46' title="bbox 368 2496 1052 2536; baseline 0.004 -9"><span class='ocrx_word' id='word_1_235' title='bbox 368 2496 476 2528; x_wconf 84' lang='lat' dir='ltr'>adhuc</span> <span class='ocrx_word' id='word_1_236' title='bbox 502 2496 694 2536; x_wconf 81' lang='lat' dir='ltr'>largiretur,</span> <span class='ocrx_word' id='word_1_237' title='bbox 718 2496 939 2528; x_wconf 88' lang='lat' dir='ltr'>Romanorum</span> <span class='ocrx_word' id='word_1_238' title='bbox 955 2498 1052 2530; x_wconf 88' lang='lat' dir='ltr'>ditis-</span> 
     </span>
     <span class='ocr_line' id='line_1_47' title="bbox 367 2545 1051 2587; baseline 0.004 -10"><span class='ocrx_word' id='word_1_239' title='bbox 367 2545 573 2585; x_wconf 82' lang='lat' dir='ltr'>simi,Sulla‚</span> <span class='ocrx_word' id='word_1_240' title='bbox 596 2546 749 2585; x_wconf 83' lang='lat' dir='ltr'>Crassus,</span> <span class='ocrx_word' id='word_1_241' title='bbox 772 2546 942 2587; x_wconf 83' lang='lat' dir='ltr'>Lucullus,</span> <span class='ocrx_word' id='word_1_242' title='bbox 964 2551 1002 2580; x_wconf 91' lang='lat' dir='ltr'>ut</span> <span class='ocrx_word' id='word_1_243' title='bbox 1017 2548 1051 2579; x_wconf 85' lang='lat' dir='ltr'>in</span> 
     </span>
     <span class='ocr_line' id='line_1_48' title="bbox 368 2594 1051 2634; baseline 0.001 -8"><span class='ocrx_word' id='word_1_244' title='bbox 368 2605 480 2626; x_wconf 89' lang='lat' dir='ltr'>eorum</span> <span class='ocrx_word' id='word_1_245' title='bbox 495 2594 574 2626; x_wconf 88' lang='lat' dir='ltr'>vitis</span> <span class='ocrx_word' id='word_1_246' title='bbox 586 2594 739 2634; x_wconf 84' lang='lat' dir='ltr'>legimus,</span> <span class='ocrx_word' id='word_1_247' title='bbox 754 2594 915 2627; x_wconf 80' lang='lat' dir='ltr'>decimam</span> <span class='ocrx_word' id='word_1_248' title='bbox 931 2596 978 2627; x_wconf 91' lang='lat' dir='ltr'>illi</span> <span class='ocrx_word' id='word_1_249' title='bbox 995 2596 1051 2627; x_wconf 88' lang='lat' dir='ltr'>bo·</span> 
     </span>
     <span class='ocr_line' id='line_1_49' title="bbox 368 2646 1050 2677; baseline 0.001 -2"><span class='ocrx_word' id='word_1_250' title='bbox 368 2654 484 2675; x_wconf 88' lang='lat' dir='ltr'>norum</span> <span class='ocrx_word' id='word_1_251' title='bbox 500 2653 631 2675; x_wconf 86' lang='lat' dir='ltr'>suorum</span> <span class='ocrx_word' id='word_1_252' title='bbox 654 2653 696 2675; x_wconf 88' lang='lat' dir='ltr'>ex</span> <span class='ocrx_word' id='word_1_253' title='bbox 712 2646 789 2674; x_wconf 82' lang='lat' dir='ltr'>voto</span> <span class='ocrx_word' id='word_1_254' title='bbox 804 2650 1050 2677; x_wconf 87' lang='lat' dir='ltr'>consecrarunt.</span> 
     </span>
     <span class='ocr_line' id='line_1_50' title="bbox 369 2692 1050 2733; baseline 0.004 -10"><span class='ocrx_word' id='word_1_255' title='bbox 369 2693 489 2733; x_wconf 88' lang='lat' dir='ltr'>Deque</span> <span class='ocrx_word' id='word_1_256' title='bbox 516 2702 558 2723; x_wconf 89' lang='lat' dir='ltr'>ea</span> <span class='ocrx_word' id='word_1_257' title='bbox 585 2692 820 2724; x_wconf 84' lang='lat' dir='ltr'>consuetudine</span> <span class='ocrx_word' id='word_1_258' title='bbox 850 2693 1050 2727; x_wconf 76' lang='lat' dir='ltr'>Plutarchus</span> 
     </span>
     <span class='ocr_line' id='line_1_51' title="bbox 369 2742 1049 2775; baseline 0.001 -1"><span class='ocrx_word' id='word_1_259' title='bbox 369 2742 471 2774; x_wconf 87' lang='lat' dir='ltr'>Prob.</span> <span class='ocrx_word' id='word_1_260' title='bbox 486 2751 577 2774; x_wconf 73' lang='lat' dir='ltr'>xvir·</span> <span class='ocrx_word' id='word_1_261' title='bbox 593 2746 628 2774; x_wconf 87' lang='lat' dir='ltr'>et</span> <span class='ocrx_word' id='word_1_262' title='bbox 647 2742 754 2774; x_wconf 88' lang='lat' dir='ltr'>Macr.</span> <span class='ocrx_word' id='word_1_263' title='bbox 768 2749 824 2773; x_wconf 87' lang='grc' dir='ltr'><strong>ιιι.</strong></span> <span class='ocrx_word' id='word_1_264' title='bbox 841 2744 891 2774; x_wconf 82' lang='grc'>12.</span> <span class='ocrx_word' id='word_1_265' title='bbox 927 2743 1049 2775; x_wconf 85' lang='lat' dir='ltr'>Facete</span> 
     </span>
    </p>
   </div>
   <div class='ocr_carea' id='block_1_3' title="bbox 828 262 1342 295">
    <p class='ocr_par' dir='ltr' id='par_1_9' title="bbox 828 262 1342 295">
     <span class='ocr_line' id='line_1_52' title="bbox 828 262 1342 295; baseline 0.01 -5"><span class='ocrx_word' id='word_1_266' title='bbox 828 262 966 291; x_wconf 80' lang='lat' dir='ltr'>NOTAE</span> <span class='ocrx_word' id='word_1_267' title='bbox 998 262 1257 294; x_wconf 79' lang='lat' dir='ltr'>VARIORUM</span> <span class='ocrx_word' id='word_1_268' title='bbox 1291 265 1342 295; x_wconf 81' lang='grc' dir='ltr'>ΙΝ</span> 
     </span>
    </p>
   </div>
   <div class='ocr_carea' id='block_1_4' title="bbox 1099 353 1786 2778">
    <p class='ocr_par' dir='ltr' id='par_1_10' title="bbox 1103 353 1785 881">
     <span class='ocr_line' id='line_1_53' title="bbox 1105 353 1781 393; baseline 0.012 -11"><span class='ocrx_word' id='word_1_269' title='bbox 1105 361 1184 393; x_wconf 83' lang='lat' dir='ltr'>ergo</span> <span class='ocrx_word' id='word_1_270' title='bbox 1208 353 1319 385; x_wconf 82' lang='lat' dir='ltr'>Plaut.</span> <span class='ocrx_word' id='word_1_271' title='bbox 1343 353 1477 386; x_wconf 84' lang='lat' dir='ltr'>Mostel.</span> <span class='ocrx_word' id='word_1_272' title='bbox 1502 356 1544 387; x_wconf 89' lang='lat' dir='ltr'>de</span> <span class='ocrx_word' id='word_1_273' title='bbox 1567 356 1697 388; x_wconf 81' lang='lat' dir='ltr'>homine</span> <span class='ocrx_word' id='word_1_274' title='bbox 1723 354 1781 391; x_wconf 71' lang='lat' dir='ltr'>im·</span> 
     </span>
     <span class='ocr_line' id='line_1_54' title="bbox 1105 402 1784 443; baseline 0.007 -11"><span class='ocrx_word' id='word_1_275' title='bbox 1105 410 1206 441; x_wconf 88' lang='lat' dir='ltr'>pense</span> <span class='ocrx_word' id='word_1_276' title='bbox 1222 403 1380 443; x_wconf 79' lang='lat' dir='ltr'>prodigo:</span> <span class='ocrx_word' id='word_1_277' title='bbox 1408 408 1416 421; x_wconf 87' lang='lat'><em>‘</em></span> <span class='ocrx_word' id='word_1_278' title='bbox 1430 403 1463 434; x_wconf 90' lang='lat' dir='ltr'>Is</span> <span class='ocrx_word' id='word_1_279' title='bbox 1483 402 1536 434; x_wconf 72' lang='lat' dir='ltr'>‘vel</span> <span class='ocrx_word' id='word_1_280' title='bbox 1555 404 1692 436; x_wconf 85' lang='lat' dir='ltr'>Herculi</span> <span class='ocrx_word' id='word_1_281' title='bbox 1704 414 1784 437; x_wconf 77' lang='lat' dir='ltr'>cou-</span> 
     </span>
     <span class='ocr_line' id='line_1_55' title="bbox 1105 453 1784 492; baseline 0.007 -11"><span class='ocrx_word' id='word_1_282' title='bbox 1105 454 1215 482; x_wconf 86' lang='lat' dir='ltr'>terere</span> <span class='ocrx_word' id='word_1_283' title='bbox 1231 457 1394 492; x_wconf 80' lang='lat' dir='ltr'>quaestum</span> <span class='ocrx_word' id='word_1_284' title='bbox 1413 453 1560 492; x_wconf 68' lang='lat' dir='ltr'>possiet:</span> <span class='ocrx_word' id='word_1_285' title='bbox 1602 454 1648 485; x_wconf 89' lang='lat' dir='ltr'>Et</span> <span class='ocrx_word' id='word_1_286' title='bbox 1662 454 1784 487; x_wconf 75' lang='lat' dir='ltr'>iterum</span> 
     </span>
     <span class='ocr_line' id='line_1_56' title="bbox 1105 499 1784 543; baseline 0.006 -13"><span class='ocrx_word' id='word_1_287' title='bbox 1105 499 1227 531; x_wconf 84' lang='lat' dir='ltr'>Bacch.</span> <span class='ocrx_word' id='word_1_288' title='bbox 1246 501 1287 531; x_wconf 88' lang='lat' dir='ltr'>de</span> <span class='ocrx_word' id='word_1_289' title='bbox 1311 500 1524 532; x_wconf 86' lang='lat' dir='ltr'>adolescente</span> <span class='ocrx_word' id='word_1_290' title='bbox 1553 503 1686 534; x_wconf 87' lang='lat' dir='ltr'>minime</span> <span class='ocrx_word' id='word_1_291' title='bbox 1708 511 1784 543; x_wconf 82' lang='lat' dir='ltr'>par-</span> 
     </span>
     <span class='ocr_line' id='line_1_57' title="bbox 1105 549 1785 588; baseline 0.007 -11"><span class='ocrx_word' id='word_1_292' title='bbox 1105 556 1166 578; x_wconf 91' lang='lat' dir='ltr'>co:</span> <span class='ocrx_word' id='word_1_293' title='bbox 1197 549 1317 588; x_wconf 85' lang='lat' dir='ltr'>‘Frugi</span> <span class='ocrx_word' id='word_1_294' title='bbox 1341 553 1406 588; x_wconf 87' lang='lat' dir='ltr'>est,</span> <span class='ocrx_word' id='word_1_295' title='bbox 1433 549 1613 581; x_wconf 87' lang='lat' dir='ltr'>Herculem</span> <span class='ocrx_word' id='word_1_296' title='bbox 1638 550 1720 582; x_wconf 82' lang='lat' dir='ltr'>fecit</span> <span class='ocrx_word' id='word_1_297' title='bbox 1743 560 1785 581; x_wconf 88' lang='lat' dir='ltr'>ex</span> 
     </span>
     <span class='ocr_line' id='line_1_58' title="bbox 1105 597 1784 637; baseline 0.004 -11"><span class='ocrx_word' id='word_1_298' title='bbox 1105 599 1222 634; x_wconf 82' lang='lat' dir='ltr'>patre:</span> <span class='ocrx_word' id='word_1_299' title='bbox 1251 597 1434 628; x_wconf 87' lang='lat' dir='ltr'>Decumam</span> <span class='ocrx_word' id='word_1_300' title='bbox 1465 602 1594 637; x_wconf 89' lang='lat' dir='ltr'>partem</span> <span class='ocrx_word' id='word_1_301' title='bbox 1620 599 1651 629; x_wconf 86' lang='lat' dir='ltr'>ei</span> <span class='ocrx_word' id='word_1_302' title='bbox 1678 598 1784 636; x_wconf 81' lang='lat' dir='ltr'>dedit,</span> 
     </span>
     <span class='ocr_line' id='line_1_59' title="bbox 1105 643 1784 679; baseline 0.006 -6"><span class='ocrx_word' id='word_1_303' title='bbox 1105 643 1169 674; x_wconf 92' lang='lat' dir='ltr'>sibi</span> <span class='ocrx_word' id='word_1_304' title='bbox 1195 653 1310 675; x_wconf 86' lang='lat' dir='ltr'>novem</span> <span class='ocrx_word' id='word_1_305' title='bbox 1338 645 1497 677; x_wconf 66' lang='lat' dir='ltr'>abstulit!</span> <span class='ocrx_word' id='word_1_306' title='bbox 1539 646 1624 679; x_wconf 82' lang='lat' dir='ltr'>Quae</span> <span class='ocrx_word' id='word_1_307' title='bbox 1643 656 1718 678; x_wconf 88' lang='lat' dir='ltr'>cnm</span> <span class='ocrx_word' id='word_1_308' title='bbox 1736 647 1784 677; x_wconf 78' lang='lat' dir='ltr'>ita</span> 
     </span>
     <span class='ocr_line' id='line_1_60' title="bbox 1105 692 1784 735; baseline 0.004 -12"><span class='ocrx_word' id='word_1_309' title='bbox 1105 692 1183 733; x_wconf 81' lang='lat' dir='ltr'>sint,</span> <span class='ocrx_word' id='word_1_310' title='bbox 1209 699 1339 725; x_wconf 86' lang='lat' dir='ltr'>constat</span> <span class='ocrx_word' id='word_1_311' title='bbox 1361 695 1459 726; x_wconf 84' lang='lat' dir='ltr'>etiam</span> <span class='ocrx_word' id='word_1_312' title='bbox 1483 695 1569 726; x_wconf 89' lang='lat' dir='ltr'>ratio</span> <span class='ocrx_word' id='word_1_313' title='bbox 1591 705 1693 735; x_wconf 84' lang='lat' dir='ltr'>quare</span> <span class='ocrx_word' id='word_1_314' title='bbox 1713 695 1784 726; x_wconf 84' lang='lat' dir='ltr'>the-</span> 
     </span>
     <span class='ocr_line' id='line_1_61' title="bbox 1104 741 1783 786; baseline 0.006 -15"><span class='ocrx_word' id='word_1_315' title='bbox 1104 741 1206 772; x_wconf 84' lang='lat' dir='ltr'>sauris</span> <span class='ocrx_word' id='word_1_316' title='bbox 1223 742 1401 774; x_wconf 85' lang='lat' dir='ltr'>Herculem</span> <span class='ocrx_word' id='word_1_317' title='bbox 1417 743 1631 784; x_wconf 80' lang='lat' dir='ltr'>praefecerint</span> <span class='ocrx_word' id='word_1_318' title='bbox 1643 745 1783 786; x_wconf 83' lang='lat' dir='ltr'>antiqui.</span> 
     </span>
     <span class='ocr_line' id='line_1_62' title="bbox 1103 791 1783 835; baseline 0.009 -15"><span class='ocrx_word' id='word_1_319' title='bbox 1103 791 1252 823; x_wconf 85' lang='lat' dir='ltr'>Turneb.</span> <span class='ocrx_word' id='word_1_320' title='bbox 1280 801 1386 825; x_wconf 78' lang='lat' dir='ltr'>xxix.</span> <span class='ocrx_word' id='word_1_321' title='bbox 1413 797 1464 825; x_wconf 82' lang='lat'>35.</span> <span class='ocrx_word' id='word_1_322' title='bbox 1489 795 1578 825; x_wconf 87' lang='lat' dir='ltr'>Torr.</span> <span class='ocrx_word' id='word_1_323' title='bbox 1622 795 1700 826; x_wconf 76' lang='lat' dir='ltr'>Fors</span> <span class='ocrx_word' id='word_1_324' title='bbox 1725 804 1783 835; x_wconf 77' lang='lat' dir='ltr'>quo</span> 
     </span>
     <span class='ocr_line' id='line_1_63' title="bbox 1103 840 1670 881; baseline 0.009 -12"><span class='ocrx_word' id='word_1_325' title='bbox 1103 840 1179 870; x_wconf 77' lang='lat' dir='ltr'>mihi</span> <span class='ocrx_word' id='word_1_326' title='bbox 1192 843 1352 881; x_wconf 78' lang='lat' dir='ltr'>monstret]</span> <span class='ocrx_word' id='word_1_327' title='bbox 1377 843 1519 873; x_wconf 82' lang='lat' dir='ltr'>Fortuna</span> <span class='ocrx_word' id='word_1_328' title='bbox 1536 842 1670 874; x_wconf 84' lang='lat' dir='ltr'>alicubi.</span> 
     </span>
    </p>

    <p class='ocr_par' dir='ltr' id='par_1_11' title="bbox 1104 890 1786 1360">
     <span class='ocr_line' id='line_1_64' title="bbox 1147 890 1783 931; baseline 0.008 -13"><span class='ocrx_word' id='word_1_329' title='bbox 1147 892 1185 919; x_wconf 90' lang='grc'>11</span> <span class='ocrx_word' id='word_1_330' title='bbox 1209 890 1329 927; x_wconf 78' lang='lat' dir='ltr'>Agrum</span> <span class='ocrx_word' id='word_1_331' title='bbox 1346 891 1433 921; x_wconf 82' lang='lat' dir='ltr'>[uum</span> <span class='ocrx_word' id='word_1_332' title='bbox 1443 892 1555 931; x_wconf 79' lang='lat' dir='ltr'>ipsum]</span> <span class='ocrx_word' id='word_1_333' title='bbox 1579 892 1674 922; x_wconf 81' lang='lat' dir='ltr'>Illum</span> <span class='ocrx_word' id='word_1_334' title='bbox 1686 891 1783 931; x_wconf 77' lang='lat' dir='ltr'>ipsum</span> 
     </span>
     <span class='ocr_line' id='line_1_65' title="bbox 1105 937 1782 980; baseline 0.007 -14"><span class='ocrx_word' id='word_1_335' title='bbox 1105 937 1320 976; x_wconf 85' lang='lat' dir='ltr'>interpretor,</span> <span class='ocrx_word' id='word_1_336' title='bbox 1346 938 1378 967; x_wconf 91' lang='lat' dir='ltr'>in</span> <span class='ocrx_word' id='word_1_337' title='bbox 1409 947 1475 978; x_wconf 85' lang='lat' dir='ltr'>quo</span> <span class='ocrx_word' id='word_1_338' title='bbox 1503 939 1689 970; x_wconf 74' lang='lat' dir='ltr'>thesaurum</span> <span class='ocrx_word' id='word_1_339' title='bbox 1711 941 1782 980; x_wconf 84' lang='lat' dir='ltr'>jam</span> 
     </span>
     <span class='ocr_line' id='line_1_66' title="bbox 1105 983 1783 1026; baseline 0.006 -11"><span class='ocrx_word' id='word_1_340' title='bbox 1105 983 1305 1025; x_wconf 83' lang='lat' dir='ltr'>offenderat,</span> <span class='ocrx_word' id='word_1_341' title='bbox 1330 995 1428 1026; x_wconf 89' lang='lat' dir='ltr'>quem</span> <span class='ocrx_word' id='word_1_342' title='bbox 1451 991 1488 1017; x_wconf 89' lang='lat' dir='ltr'>ut</span> <span class='ocrx_word' id='word_1_343' title='bbox 1511 987 1544 1017; x_wconf 87' lang='lat' dir='ltr'>in</span> <span class='ocrx_word' id='word_1_344' title='bbox 1564 987 1704 1019; x_wconf 86' lang='lat' dir='ltr'>solidum</span> <span class='ocrx_word' id='word_1_345' title='bbox 1720 989 1783 1019; x_wconf 85' lang='lat' dir='ltr'>sibi</span> 
     </span>
     <span class='ocr_line' id='line_1_67' title="bbox 1104 1035 1784 1076; baseline 0.004 -12"><span class='ocrx_word' id='word_1_346' title='bbox 1104 1035 1307 1075; x_wconf 86' lang='lat' dir='ltr'>acquireret,</span> <span class='ocrx_word' id='word_1_347' title='bbox 1331 1044 1441 1073; x_wconf 87' lang='lat' dir='ltr'>agrum</span> <span class='ocrx_word' id='word_1_348' title='bbox 1462 1039 1626 1066; x_wconf 84' lang='lat' dir='ltr'>mercatus</span> <span class='ocrx_word' id='word_1_349' title='bbox 1647 1041 1712 1076; x_wconf 79' lang='lat' dir='ltr'>est,</span> <span class='ocrx_word' id='word_1_350' title='bbox 1727 1045 1784 1066; x_wconf 85' lang='lat' dir='ltr'>an-</span> 
     </span>
     <span class='ocr_line' id='line_1_68' title="bbox 1105 1083 1783 1123; baseline 0.006 -10"><span class='ocrx_word' id='word_1_351' title='bbox 1105 1087 1239 1123; x_wconf 86' lang='lat' dir='ltr'>tequam</span> <span class='ocrx_word' id='word_1_352' title='bbox 1269 1083 1311 1114; x_wconf 91' lang='lat' dir='ltr'>de</span> <span class='ocrx_word' id='word_1_353' title='bbox 1341 1084 1496 1114; x_wconf 88' lang='lat' dir='ltr'>thesauro</span> <span class='ocrx_word' id='word_1_354' title='bbox 1529 1084 1681 1117; x_wconf 82' lang='lat' dir='ltr'>sciretur.</span> <span class='ocrx_word' id='word_1_355' title='bbox 1727 1086 1783 1117; x_wconf 91' lang='lat' dir='ltr'>De</span> 
     </span>
     <span class='ocr_line' id='line_1_69' title="bbox 1104 1132 1784 1172; baseline 0.004 -10"><span class='ocrx_word' id='word_1_356' title='bbox 1104 1132 1264 1162; x_wconf 82' lang='lat' dir='ltr'>thesauris</span> <span class='ocrx_word' id='word_1_357' title='bbox 1279 1132 1365 1162; x_wconf 91' lang='lat' dir='ltr'>enim</span> <span class='ocrx_word' id='word_1_358' title='bbox 1382 1133 1429 1163; x_wconf 86' lang='lat' dir='ltr'>ita</span> <span class='ocrx_word' id='word_1_359' title='bbox 1447 1137 1581 1164; x_wconf 88' lang='lat' dir='ltr'>cautum</span> <span class='ocrx_word' id='word_1_360' title='bbox 1604 1132 1681 1172; x_wconf 84' lang='lat' dir='ltr'>fuit,</span> <span class='ocrx_word' id='word_1_361' title='bbox 1705 1138 1743 1165; x_wconf 88' lang='lat' dir='ltr'>ut</span> <span class='ocrx_word' id='word_1_362' title='bbox 1756 1134 1784 1167; x_wconf 78' lang='lat' dir='ltr'>si</span> 
     </span>
     <span class='ocr_line' id='line_1_70' title="bbox 1104 1181 1786 1222; baseline 0.001 -10"><span class='ocrx_word' id='word_1_363' title='bbox 1104 1182 1177 1222; x_wconf 84' lang='lat' dir='ltr'>quis</span> <span class='ocrx_word' id='word_1_364' title='bbox 1193 1182 1225 1212; x_wconf 88' lang='lat' dir='ltr'>in</span> <span class='ocrx_word' id='word_1_365' title='bbox 1239 1191 1297 1212; x_wconf 79' lang='lat' dir='ltr'>suo</span> <span class='ocrx_word' id='word_1_366' title='bbox 1311 1181 1502 1220; x_wconf 79' lang='lat' dir='ltr'>reperisset,</span> <span class='ocrx_word' id='word_1_367' title='bbox 1519 1181 1590 1221; x_wconf 86' lang='lat' dir='ltr'>ipse</span> <span class='ocrx_word' id='word_1_368' title='bbox 1606 1183 1786 1222; x_wconf 82' lang='lat' dir='ltr'>potiretur,</span> 
     </span>
     <span class='ocr_line' id='line_1_71' title="bbox 1104 1230 1784 1266; baseline 0 -5"><span class='ocrx_word' id='word_1_369' title='bbox 1104 1232 1129 1261; x_wconf 88' lang='lat' dir='ltr'>si</span> <span class='ocrx_word' id='word_1_370' title='bbox 1146 1231 1177 1261; x_wconf 89' lang='lat' dir='ltr'>in</span> <span class='ocrx_word' id='word_1_371' title='bbox 1199 1231 1307 1261; x_wconf 85' lang='lat' dir='ltr'>alieno</span> <span class='ocrx_word' id='word_1_372' title='bbox 1331 1230 1500 1261; x_wconf 87' lang='lat' dir='ltr'>dimidium</span> <span class='ocrx_word' id='word_1_373' title='bbox 1524 1230 1656 1261; x_wconf 86' lang='lat' dir='ltr'>domino</span> <span class='ocrx_word' id='word_1_374' title='bbox 1674 1230 1784 1266; x_wconf 81' lang='lat' dir='ltr'>daret,</span> 
     </span>
     <span class='ocr_line' id='line_1_72' title="bbox 1104 1277 1783 1320; baseline -0.001 -10"><span class='ocrx_word' id='word_1_375' title='bbox 1104 1280 1130 1310; x_wconf 90' lang='lat' dir='ltr'>si</span> <span class='ocrx_word' id='word_1_376' title='bbox 1143 1280 1174 1310; x_wconf 89' lang='lat' dir='ltr'>in</span> <span class='ocrx_word' id='word_1_377' title='bbox 1190 1280 1336 1320; x_wconf 88' lang='lat' dir='ltr'>publico,</span> <span class='ocrx_word' id='word_1_378' title='bbox 1349 1279 1522 1320; x_wconf 85' lang='lat' dir='ltr'>aequaliter</span> <span class='ocrx_word' id='word_1_379' title='bbox 1535 1288 1607 1311; x_wconf 89' lang='lat' dir='ltr'>cum</span> <span class='ocrx_word' id='word_1_380' title='bbox 1617 1277 1698 1310; x_wconf 85' lang='lat' dir='ltr'>fisco</span> <span class='ocrx_word' id='word_1_381' title='bbox 1707 1288 1783 1320; x_wconf 86' lang='lat' dir='ltr'>par-</span> 
     </span>
     <span class='ocr_line' id='line_1_73' title="bbox 1105 1329 1399 1360; baseline -0.003 0"><span class='ocrx_word' id='word_1_382' title='bbox 1105 1329 1236 1360; x_wconf 81' lang='lat' dir='ltr'>tiretur.</span> <span class='ocrx_word' id='word_1_383' title='bbox 1261 1330 1399 1360; x_wconf 69' lang='lat' dir='ltr'>Torreat.</span> 
     </span>
    </p>

    <p class='ocr_par' dir='ltr' id='par_1_12' title="bbox 1103 1375 1784 1515">
     <span class='ocr_line' id='line_1_74' title="bbox 1147 1375 1784 1417; baseline -0.003 -9"><span class='ocrx_word' id='word_1_384' title='bbox 1147 1380 1186 1408; x_wconf 83' lang='lat'>12</span> <span class='ocrx_word' id='word_1_385' title='bbox 1208 1378 1306 1408; x_wconf 84' lang='lat' dir='ltr'>Dives</span> <span class='ocrx_word' id='word_1_386' title='bbox 1329 1377 1440 1417; x_wconf 78' lang='lat' dir='ltr'>amico]</span> <span class='ocrx_word' id='word_1_387' title='bbox 1473 1377 1579 1408; x_wconf 84' lang='lat' dir='ltr'>Dives</span> <span class='ocrx_word' id='word_1_388' title='bbox 1604 1375 1713 1408; x_wconf 83' lang='lat' dir='ltr'>factus</span> <span class='ocrx_word' id='word_1_389' title='bbox 1734 1375 1784 1406; x_wconf 78' lang='lat' dir='ltr'>fa-</span> 
     </span>
     <span class='ocr_line' id='line_1_75' title="bbox 1103 1425 1784 1467; baseline -0.001 -10"><span class='ocrx_word' id='word_1_390' title='bbox 1103 1430 1203 1457; x_wconf 83' lang='lat' dir='ltr'>vente</span> <span class='ocrx_word' id='word_1_391' title='bbox 1226 1427 1387 1464; x_wconf 85' lang='lat' dir='ltr'>Hercule,</span> <span class='ocrx_word' id='word_1_392' title='bbox 1409 1426 1463 1467; x_wconf 88' lang='lat' dir='ltr'>qui</span> <span class='ocrx_word' id='word_1_393' title='bbox 1487 1425 1651 1460; x_wconf 74' lang='lat' dir='ltr'>thesauris</span> <span class='ocrx_word' id='word_1_394' title='bbox 1677 1425 1784 1456; x_wconf 90' lang='lat' dir='ltr'>reclu-</span> 
     </span>
     <span class='ocr_line' id='line_1_76' title="bbox 1103 1474 1556 1515; baseline 0 -11"><span class='ocrx_word' id='word_1_395' title='bbox 1103 1474 1219 1506; x_wconf 89' lang='lat' dir='ltr'>dendis</span> <span class='ocrx_word' id='word_1_396' title='bbox 1236 1484 1381 1515; x_wconf 80' lang='lat' dir='ltr'>praeesse</span> <span class='ocrx_word' id='word_1_397' title='bbox 1395 1475 1556 1506; x_wconf 88' lang='lat' dir='ltr'>creditur.</span> 
     </span>
    </p>

    <p class='ocr_par' dir='ltr' id='par_1_13' title="bbox 1102 1523 1783 1610">
     <span class='ocr_line' id='line_1_77' title="bbox 1145 1523 1783 1564; baseline 0 -11"><span class='ocrx_word' id='word_1_398' title='bbox 1145 1526 1184 1553; x_wconf 82' lang='lat'>13</span> <span class='ocrx_word' id='word_1_399' title='bbox 1206 1523 1244 1554; x_wconf 80' lang='lat' dir='ltr'>Si</span> <span class='ocrx_word' id='word_1_400' title='bbox 1258 1525 1335 1562; x_wconf 81' lang='lat' dir='ltr'>quod</span> <span class='ocrx_word' id='word_1_401' title='bbox 1352 1523 1453 1563; x_wconf 81' lang='lat' dir='ltr'>adest]</span> <span class='ocrx_word' id='word_1_402' title='bbox 1486 1523 1522 1554; x_wconf 87' lang='lat' dir='ltr'>Si</span> <span class='ocrx_word' id='word_1_403' title='bbox 1539 1532 1591 1563; x_wconf 85' lang='lat' dir='ltr'>eo,</span> <span class='ocrx_word' id='word_1_404' title='bbox 1605 1523 1692 1564; x_wconf 86' lang='lat' dir='ltr'>quod</span> <span class='ocrx_word' id='word_1_405' title='bbox 1707 1531 1783 1563; x_wconf 83' lang='lat' dir='ltr'>pos-</span> 
     </span>
     <span class='ocr_line' id='line_1_78' title="bbox 1102 1570 1381 1610; baseline 0.007 -10"><span class='ocrx_word' id='word_1_406' title='bbox 1102 1570 1206 1610; x_wconf 82' lang='lat' dir='ltr'>sideo,</span> <span class='ocrx_word' id='word_1_407' title='bbox 1220 1571 1381 1602; x_wconf 89' lang='lat' dir='ltr'>delector.</span> 
     </span>
    </p>

    <p class='ocr_par' dir='ltr' id='par_1_14' title="bbox 1103 1618 1783 1752">
     <span class='ocr_line' id='line_1_79' title="bbox 1144 1618 1782 1658; baseline 0 -9"><span class='ocrx_word' id='word_1_408' title='bbox 1144 1621 1184 1649; x_wconf 86' lang='grc'>14</span> <span class='ocrx_word' id='word_1_409' title='bbox 1207 1618 1346 1657; x_wconf 80' lang='lat' dir='ltr'>Pingue]</span> <span class='ocrx_word' id='word_1_410' title='bbox 1380 1618 1517 1658; x_wconf 81' lang='lat' dir='ltr'>Pinguis</span> <span class='ocrx_word' id='word_1_411' title='bbox 1540 1618 1642 1650; x_wconf 81' lang='lat' dir='ltr'>hebes</span> <span class='ocrx_word' id='word_1_412' title='bbox 1662 1622 1698 1649; x_wconf 86' lang='lat' dir='ltr'>et</span> <span class='ocrx_word' id='word_1_413' title='bbox 1716 1622 1782 1649; x_wconf 84' lang='lat' dir='ltr'>tar-</span> 
     </span>
     <span class='ocr_line' id='line_1_80' title="bbox 1103 1665 1783 1699; baseline 0.006 -4"><span class='ocrx_word' id='word_1_414' title='bbox 1103 1665 1163 1695; x_wconf 88' lang='lat' dir='ltr'>dus</span> <span class='ocrx_word' id='word_1_415' title='bbox 1178 1665 1313 1696; x_wconf 85' lang='lat' dir='ltr'>dicitur.</span> <span class='ocrx_word' id='word_1_416' title='bbox 1335 1666 1480 1696; x_wconf 88' lang='lat' dir='ltr'>Turneb.</span> <span class='ocrx_word' id='word_1_417' title='bbox 1493 1670 1687 1699; x_wconf 78' lang='lat' dir='ltr'>xxv111.26.</span> <span class='ocrx_word' id='word_1_418' title='bbox 1716 1668 1783 1699; x_wconf 87' lang='lat' dir='ltr'>Do-</span> 
     </span>
     <span class='ocr_line' id='line_1_81' title="bbox 1103 1713 1576 1752; baseline 0.004 -8"><span class='ocrx_word' id='word_1_419' title='bbox 1103 1713 1310 1752; x_wconf 74' lang='lat' dir='ltr'>mi‘nofaciae]</span> <span class='ocrx_word' id='word_1_420' title='bbox 1332 1713 1416 1744; x_wconf 85' lang='lat' dir='ltr'>Mihi</span> <span class='ocrx_word' id='word_1_421' title='bbox 1430 1714 1576 1746; x_wconf 85' lang='lat' dir='ltr'>domino.</span> 
     </span>
    </p>

    <p class='ocr_par' dir='ltr' id='par_1_15' title="bbox 1102 1763 1786 2091">
     <span class='ocr_line' id='line_1_82' title="bbox 1146 1763 1784 1806; baseline 0.005 -13"><span class='ocrx_word' id='word_1_422' title='bbox 1146 1766 1183 1794; x_wconf 80' lang='lat'>15</span> <span class='ocrx_word' id='word_1_423' title='bbox 1208 1763 1331 1794; x_wconf 83' lang='lat' dir='ltr'>Proeter</span> <span class='ocrx_word' id='word_1_424' title='bbox 1354 1763 1524 1804; x_wconf 76' lang='lat' dir='ltr'>ingenium]</span> <span class='ocrx_word' id='word_1_425' title='bbox 1554 1765 1686 1801; x_wconf 74' lang='lat' dir='ltr'>Praeter</span> <span class='ocrx_word' id='word_1_426' title='bbox 1711 1764 1784 1806; x_wconf 85' lang='lat' dir='ltr'>pin-</span> 
     </span>
     <span class='ocr_line' id='line_1_83' title="bbox 1103 1813 1786 1854; baseline 0.001 -11"><span class='ocrx_word' id='word_1_427' title='bbox 1103 1822 1181 1852; x_wconf 85' lang='lat' dir='ltr'>gue,</span> <span class='ocrx_word' id='word_1_428' title='bbox 1191 1813 1224 1843; x_wconf 92' lang='lat' dir='ltr'>id</span> <span class='ocrx_word' id='word_1_429' title='bbox 1237 1817 1300 1852; x_wconf 91' lang='lat' dir='ltr'>est,</span> <span class='ocrx_word' id='word_1_430' title='bbox 1309 1813 1410 1844; x_wconf 85' lang='lat' dir='ltr'>hebes</span> <span class='ocrx_word' id='word_1_431' title='bbox 1422 1814 1600 1853; x_wconf 83' lang='lat' dir='ltr'>ingenium.</span> <span class='ocrx_word' id='word_1_432' title='bbox 1626 1815 1727 1854; x_wconf 76' lang='lat' dir='ltr'>thue</span> <span class='ocrx_word' id='word_1_433' title='bbox 1737 1825 1786 1845; x_wconf 76' lang='lat' dir='ltr'>ao·</span> 
     </span>
     <span class='ocr_line' id='line_1_84' title="bbox 1103 1862 1784 1903; baseline 0.001 -10"><span class='ocrx_word' id='word_1_434' title='bbox 1103 1862 1161 1902; x_wconf 78' lang='lat' dir='ltr'>les]</span> <span class='ocrx_word' id='word_1_435' title='bbox 1185 1862 1272 1893; x_wconf 90' lang='lat' dir='ltr'>Nam</span> <span class='ocrx_word' id='word_1_436' title='bbox 1289 1863 1379 1893; x_wconf 89' lang='lat' dir='ltr'>illum</span> <span class='ocrx_word' id='word_1_437' title='bbox 1395 1867 1430 1893; x_wconf 88' lang='lat' dir='ltr'>et</span> <span class='ocrx_word' id='word_1_438' title='bbox 1441 1862 1474 1892; x_wconf 89' lang='lat' dir='ltr'>in</span> <span class='ocrx_word' id='word_1_439' title='bbox 1487 1862 1697 1903; x_wconf 86' lang='lat' dir='ltr'>Philippensi</span> <span class='ocrx_word' id='word_1_440' title='bbox 1712 1864 1784 1894; x_wconf 85' lang='lat' dir='ltr'>acie</span> 
     </span>
     <span class='ocr_line' id='line_1_85' title="bbox 1103 1911 1782 1952; baseline 0.001 -10"><span class='ocrx_word' id='word_1_441' title='bbox 1103 1911 1259 1950; x_wconf 86' lang='lat' dir='ltr'>servavit,</span> <span class='ocrx_word' id='word_1_442' title='bbox 1280 1916 1315 1942; x_wconf 90' lang='lat' dir='ltr'>et</span> <span class='ocrx_word' id='word_1_443' title='bbox 1337 1911 1379 1942; x_wconf 90' lang='lat' dir='ltr'>ab</span> <span class='ocrx_word' id='word_1_444' title='bbox 1401 1912 1526 1942; x_wconf 83' lang='lat' dir='ltr'>arboris</span> <span class='ocrx_word' id='word_1_445' title='bbox 1543 1912 1639 1952; x_wconf 82' lang='lat' dir='ltr'>lapsu</span> <span class='ocrx_word' id='word_1_446' title='bbox 1654 1915 1782 1943; x_wconf 69' lang='lat' dir='ltr'>tutatus</span> 
     </span>
     <span class='ocr_line' id='line_1_86' title="bbox 1104 1960 1785 1992; baseline 0.003 -2"><span class='ocrx_word' id='word_1_447' title='bbox 1104 1964 1167 1992; x_wconf 85' lang='lat' dir='ltr'>est.</span> <span class='ocrx_word' id='word_1_448' title='bbox 1183 1970 1223 1992; x_wconf 82' lang='grc' dir='ltr'>ιι.</span> <span class='ocrx_word' id='word_1_449' title='bbox 1240 1960 1306 1992; x_wconf 87' lang='lat' dir='ltr'>Od.</span> <span class='ocrx_word' id='word_1_450' title='bbox 1320 1963 1351 1991; x_wconf 84' lang='grc'>7.</span> <span class='ocrx_word' id='word_1_451' title='bbox 1363 1964 1398 1991; x_wconf 87' lang='lat' dir='ltr'>et</span> <span class='ocrx_word' id='word_1_452' title='bbox 1413 1963 1464 1992; x_wconf 86' lang='grc'>17.</span> <span class='ocrx_word' id='word_1_453' title='bbox 1490 1961 1629 1992; x_wconf 75' lang='lat' dir='ltr'>Torrent-</span> <span class='ocrx_word' id='word_1_454' title='bbox 1674 1962 1785 1992; x_wconf 71' lang='lat' dir='ltr'>Custos</span> 
     </span>
     <span class='ocr_line' id='line_1_87' title="bbox 1102 2009 1784 2050; baseline 0 -9"><span class='ocrx_word' id='word_1_455' title='bbox 1102 2010 1193 2050; x_wconf 79' lang='lat' dir='ltr'>mihi]</span> <span class='ocrx_word' id='word_1_456' title='bbox 1222 2010 1292 2041; x_wconf 91' lang='lat' dir='ltr'>Sub</span> <span class='ocrx_word' id='word_1_457' title='bbox 1307 2009 1468 2041; x_wconf 87' lang='lat' dir='ltr'>Mercurii</span> <span class='ocrx_word' id='word_1_458' title='bbox 1484 2011 1591 2041; x_wconf 81' lang='lat' dir='ltr'>tutela</span> <span class='ocrx_word' id='word_1_459' title='bbox 1607 2015 1684 2042; x_wconf 83' lang='lat' dir='ltr'>sunt</span> <span class='ocrx_word' id='word_1_460' title='bbox 1702 2010 1784 2041; x_wconf 72' lang='lat' dir='ltr'>Poe-</span> 
     </span>
     <span class='ocr_line' id='line_1_88' title="bbox 1104 2058 1499 2091; baseline -0.005 0"><span class='ocrx_word' id='word_1_461' title='bbox 1104 2065 1160 2091; x_wconf 85' lang='lat' dir='ltr'>tae.</span> <span class='ocrx_word' id='word_1_462' title='bbox 1203 2060 1291 2091; x_wconf 88' lang='lat' dir='ltr'>Vide</span> <span class='ocrx_word' id='word_1_463' title='bbox 1308 2068 1349 2090; x_wconf 85' lang='lat' dir='ltr'>u.</span> <span class='ocrx_word' id='word_1_464' title='bbox 1363 2058 1431 2091; x_wconf 78' lang='lat' dir='ltr'>od.</span> <span class='ocrx_word' id='word_1_465' title='bbox 1447 2061 1499 2090; x_wconf 85' lang='grc'>17.</span> 
     </span>
    </p>

    <p class='ocr_par' dir='ltr' id='par_1_16' title="bbox 1099 2108 1783 2778">
     <span class='ocr_line' id='line_1_89' title="bbox 1145 2108 1783 2148; baseline 0 -9"><span class='ocrx_word' id='word_1_466' title='bbox 1145 2112 1185 2139; x_wconf 84' lang='grc'>16</span> <span class='ocrx_word' id='word_1_467' title='bbox 1207 2110 1293 2148; x_wconf 84' lang='lat' dir='ltr'>Ergo</span> <span class='ocrx_word' id='word_1_468' title='bbox 1303 2109 1354 2139; x_wconf 82' lang='lat' dir='ltr'>ubi</span> <span class='ocrx_word' id='word_1_469' title='bbox 1368 2118 1413 2139; x_wconf 86' lang='lat' dir='ltr'>me</span> <span class='ocrx_word' id='word_1_470' title='bbox 1425 2108 1458 2138; x_wconf 79' lang='lat' dir='ltr'>in</span> <span class='ocrx_word' id='word_1_471' title='bbox 1469 2108 1598 2148; x_wconf 80' lang='lat' dir='ltr'>montes]</span> <span class='ocrx_word' id='word_1_472' title='bbox 1619 2108 1783 2140; x_wconf 76' lang='lat' dir='ltr'>Precatu·</span> 
     </span>
     <span class='ocr_line' id='line_1_90' title="bbox 1102 2157 1781 2186; baseline 0 0"><span class='ocrx_word' id='word_1_473' title='bbox 1102 2157 1306 2186; x_wconf 84' lang='lat' dir='ltr'>Mercurium</span> <span class='ocrx_word' id='word_1_474' title='bbox 1330 2165 1439 2186; x_wconf 89' lang='lat' dir='ltr'>rerum</span> <span class='ocrx_word' id='word_1_475' title='bbox 1462 2164 1593 2186; x_wconf 86' lang='lat' dir='ltr'>suarum</span> <span class='ocrx_word' id='word_1_476' title='bbox 1608 2164 1781 2186; x_wconf 81' lang='lat' dir='ltr'>conserva-</span> 
     </span>
     <span class='ocr_line' id='line_1_91' title="bbox 1102 2202 1782 2243; baseline 0.001 -10"><span class='ocrx_word' id='word_1_477' title='bbox 1102 2203 1237 2242; x_wconf 82' lang='lat' dir='ltr'>tionem,</span> <span class='ocrx_word' id='word_1_478' title='bbox 1262 2203 1376 2243; x_wconf 83' lang='lat' dir='ltr'>paucis</span> <span class='ocrx_word' id='word_1_479' title='bbox 1401 2202 1520 2232; x_wconf 88' lang='lat' dir='ltr'>edocet</span> <span class='ocrx_word' id='word_1_480' title='bbox 1548 2202 1626 2242; x_wconf 88' lang='lat' dir='ltr'>quid</span> <span class='ocrx_word' id='word_1_481' title='bbox 1657 2203 1782 2234; x_wconf 85' lang='lat' dir='ltr'>rustica</span> 
     </span>
     <span class='ocr_line' id='line_1_92' title="bbox 1101 2250 1780 2290; baseline 0.003 -9"><span class='ocrx_word' id='word_1_482' title='bbox 1101 2252 1182 2289; x_wconf 87' lang='lat' dir='ltr'>vita,</span> <span class='ocrx_word' id='word_1_483' title='bbox 1192 2251 1355 2290; x_wconf 88' lang='lat' dir='ltr'>jucunda,</span> <span class='ocrx_word' id='word_1_484' title='bbox 1378 2251 1519 2289; x_wconf 86' lang='lat' dir='ltr'>simplex</span> <span class='ocrx_word' id='word_1_485' title='bbox 1533 2255 1568 2281; x_wconf 85' lang='lat' dir='ltr'>et</span> <span class='ocrx_word' id='word_1_486' title='bbox 1583 2250 1681 2282; x_wconf 90' lang='lat' dir='ltr'>nullis</span> <span class='ocrx_word' id='word_1_487' title='bbox 1697 2260 1780 2283; x_wconf 83' lang='lat' dir='ltr'>mor-</span> 
     </span>
     <span class='ocr_line' id='line_1_93' title="bbox 1101 2297 1782 2338; baseline -0.001 -7"><span class='ocrx_word' id='word_1_488' title='bbox 1101 2300 1152 2331; x_wconf 88' lang='lat' dir='ltr'>bis</span> <span class='ocrx_word' id='word_1_489' title='bbox 1165 2299 1320 2338; x_wconf 82' lang='lat' dir='ltr'>obnoxia,</span> <span class='ocrx_word' id='word_1_490' title='bbox 1330 2297 1464 2329; x_wconf 79' lang='lat' dir='ltr'>differat</span> <span class='ocrx_word' id='word_1_491' title='bbox 1478 2297 1520 2328; x_wconf 90' lang='lat' dir='ltr'>ab</span> <span class='ocrx_word' id='word_1_492' title='bbox 1533 2298 1669 2338; x_wconf 84' lang='lat' dir='ltr'>urbana,</span> <span class='ocrx_word' id='word_1_493' title='bbox 1683 2300 1782 2337; x_wconf 78' lang='lat' dir='ltr'>plena</span> 
     </span>
     <span class='ocr_line' id='line_1_94' title="bbox 1102 2346 1780 2384; baseline -0.003 -4"><span class='ocrx_word' id='word_1_494' title='bbox 1102 2348 1205 2384; x_wconf 63' lang='lat' dir='ltr'>taedii,</span> <span class='ocrx_word' id='word_1_495' title='bbox 1229 2347 1389 2378; x_wconf 67' lang='lat' dir='ltr'>molestiae</span> <span class='ocrx_word' id='word_1_496' title='bbox 1415 2352 1450 2377; x_wconf 85' lang='lat' dir='ltr'>et</span> <span class='ocrx_word' id='word_1_497' title='bbox 1478 2346 1666 2378; x_wconf 88' lang='lat' dir='ltr'>ambitionis</span> <span class='ocrx_word' id='word_1_498' title='bbox 1689 2347 1780 2378; x_wconf 86' lang='lat' dir='ltr'>labo-</span> 
     </span>
     <span class='ocr_line' id='line_1_95' title="bbox 1101 2395 1781 2437; baseline 0 -9"><span class='ocrx_word' id='word_1_499' title='bbox 1101 2397 1212 2437; x_wconf 77' lang='lat' dir='ltr'>riosae,</span> <span class='ocrx_word' id='word_1_500' title='bbox 1233 2405 1297 2427; x_wconf 88' lang='lat' dir='ltr'>non</span> <span class='ocrx_word' id='word_1_501' title='bbox 1327 2395 1398 2426; x_wconf 88' lang='lat' dir='ltr'>sine</span> <span class='ocrx_word' id='word_1_502' title='bbox 1423 2395 1621 2426; x_wconf 87' lang='lat' dir='ltr'>valetudinis</span> <span class='ocrx_word' id='word_1_503' title='bbox 1651 2395 1781 2436; x_wconf 86' lang='lat' dir='ltr'>injuria.</span> 
     </span>
     <span class='ocr_line' id='line_1_96' title="bbox 1102 2444 1780 2486; baseline -0.001 -9"><span class='ocrx_word' id='word_1_504' title='bbox 1102 2447 1196 2486; x_wconf 84' lang='lat' dir='ltr'>Cruq.</span> <span class='ocrx_word' id='word_1_505' title='bbox 1241 2446 1280 2476; x_wconf 77' lang='lat' dir='ltr'>In</span> <span class='ocrx_word' id='word_1_506' title='bbox 1302 2444 1416 2484; x_wconf 81' lang='lat' dir='ltr'>arcem]</span> <span class='ocrx_word' id='word_1_507' title='bbox 1447 2445 1503 2476; x_wconf 90' lang='lat' dir='ltr'>Sic</span> <span class='ocrx_word' id='word_1_508' title='bbox 1527 2453 1582 2474; x_wconf 86' lang='lat' dir='ltr'>rus</span> <span class='ocrx_word' id='word_1_509' title='bbox 1604 2453 1699 2475; x_wconf 85' lang='lat' dir='ltr'>suum</span> <span class='ocrx_word' id='word_1_510' title='bbox 1722 2454 1780 2486; x_wconf 83' lang='lat' dir='ltr'>ap-</span> 
     </span>
     <span class='ocr_line' id='line_1_97' title="bbox 1100 2493 1781 2536; baseline -0.004 -9"><span class='ocrx_word' id='word_1_511' title='bbox 1100 2496 1215 2536; x_wconf 83' lang='lat' dir='ltr'>pellat,</span> <span class='ocrx_word' id='word_1_512' title='bbox 1242 2495 1295 2525; x_wconf 85' lang='lat' dir='ltr'>vel</span> <span class='ocrx_word' id='word_1_513' title='bbox 1324 2494 1412 2525; x_wconf 87' lang='lat' dir='ltr'>edito</span> <span class='ocrx_word' id='word_1_514' title='bbox 1434 2493 1506 2524; x_wconf 90' lang='lat' dir='ltr'>loco</span> <span class='ocrx_word' id='word_1_515' title='bbox 1533 2493 1689 2532; x_wconf 73' lang='lat' dir='ltr'>positum,</span> <span class='ocrx_word' id='word_1_516' title='bbox 1715 2494 1781 2532; x_wconf 86' lang='lat' dir='ltr'>vel,</span> 
     </span>
     <span class='ocr_line' id='line_1_98' title="bbox 1099 2541 1779 2585; baseline -0.001 -10"><span class='ocrx_word' id='word_1_517' title='bbox 1099 2544 1188 2585; x_wconf 89' lang='lat' dir='ltr'>quod</span> <span class='ocrx_word' id='word_1_518' title='bbox 1203 2543 1327 2580; x_wconf 90' lang='lat' dir='ltr'>malim,</span> <span class='ocrx_word' id='word_1_519' title='bbox 1350 2543 1428 2583; x_wconf 83' lang='lat' dir='ltr'>quia</span> <span class='ocrx_word' id='word_1_520' title='bbox 1449 2551 1586 2582; x_wconf 86' lang='lat' dir='ltr'>regnum</span> <span class='ocrx_word' id='word_1_521' title='bbox 1611 2541 1656 2573; x_wconf 90' lang='lat' dir='ltr'>ibi</span> <span class='ocrx_word' id='word_1_522' title='bbox 1673 2543 1779 2582; x_wconf 79' lang='lat' dir='ltr'>possi·</span> 
     </span>
     <span class='ocr_line' id='line_1_99' title="bbox 1100 2591 1779 2624; baseline -0.004 0"><span class='ocrx_word' id='word_1_523' title='bbox 1100 2594 1180 2624; x_wconf 89' lang='lat' dir='ltr'>dere</span> <span class='ocrx_word' id='word_1_524' title='bbox 1204 2593 1266 2624; x_wconf 84' lang='lat' dir='ltr'>sibi</span> <span class='ocrx_word' id='word_1_525' title='bbox 1291 2592 1470 2623; x_wconf 86' lang='lat' dir='ltr'>videretur.</span> <span class='ocrx_word' id='word_1_526' title='bbox 1513 2591 1607 2622; x_wconf 73' lang='lat' dir='ltr'>Arcen</span> <span class='ocrx_word' id='word_1_527' title='bbox 1625 2591 1712 2622; x_wconf 89' lang='lat' dir='ltr'>enim</span> <span class='ocrx_word' id='word_1_528' title='bbox 1728 2600 1779 2622; x_wconf 88' lang='lat' dir='ltr'>re-</span> 
     </span>
     <span class='ocr_line' id='line_1_100' title="bbox 1100 2639 1778 2683; baseline -0.006 -9"><span class='ocrx_word' id='word_1_529' title='bbox 1100 2653 1175 2683; x_wconf 87' lang='lat' dir='ltr'>gum</span> <span class='ocrx_word' id='word_1_530' title='bbox 1191 2642 1285 2674; x_wconf 80' lang='lat' dir='ltr'>sedes</span> <span class='ocrx_word' id='word_1_531' title='bbox 1301 2640 1416 2679; x_wconf 83' lang='lat' dir='ltr'>fuere;</span> <span class='ocrx_word' id='word_1_532' title='bbox 1433 2649 1506 2670; x_wconf 87' lang='lat' dir='ltr'>nam</span> <span class='ocrx_word' id='word_1_533' title='bbox 1523 2644 1557 2670; x_wconf 90' lang='lat' dir='ltr'>et</span> <span class='ocrx_word' id='word_1_534' title='bbox 1573 2639 1669 2670; x_wconf 83' lang='lat' dir='ltr'>alibi:</span> <span class='ocrx_word' id='word_1_535' title='bbox 1685 2640 1778 2671; x_wconf 54' lang='lat' dir='ltr'>‘Cur</span> 
     </span>
     <span class='ocr_line' id='line_1_101' title="bbox 1099 2689 1779 2731; baseline -0.003 -11"><span class='ocrx_word' id='word_1_536' title='bbox 1099 2693 1184 2723; x_wconf 89' lang='lat' dir='ltr'>valle</span> <span class='ocrx_word' id='word_1_537' title='bbox 1207 2694 1391 2731; x_wconf 87' lang='lat' dir='ltr'>permutem</span> <span class='ocrx_word' id='word_1_538' title='bbox 1404 2689 1528 2720; x_wconf 86' lang='lat' dir='ltr'>Sabina</span> <span class='ocrx_word' id='word_1_539' title='bbox 1542 2689 1684 2719; x_wconf 81' lang='lat' dir='ltr'>Divitias</span> <span class='ocrx_word' id='word_1_540' title='bbox 1700 2697 1779 2729; x_wconf 84' lang='lat' dir='ltr'>ope·</span> 
     </span>
     <span class='ocr_line' id='line_1_102' title="bbox 1099 2736 1776 2778; baseline -0.007 -6"><span class='ocrx_word' id='word_1_541' title='bbox 1099 2739 1262 2773; x_wconf 58' lang='lat' dir='ltr'>rosiones?</span> <span class='ocrx_word' id='word_1_542' title='bbox 1306 2739 1388 2770; x_wconf 90' lang='lat' dir='ltr'>Cum</span> <span class='ocrx_word' id='word_1_543' title='bbox 1403 2742 1512 2770; x_wconf 83' lang='lat' dir='ltr'>tamen</span> <span class='ocrx_word' id='word_1_544' title='bbox 1527 2737 1574 2768; x_wconf 90' lang='lat' dir='ltr'>ibi</span> <span class='ocrx_word' id='word_1_545' title='bbox 1591 2746 1720 2778; x_wconf 86' lang='lat' dir='ltr'>quoque</span> <span class='ocrx_word' id='word_1_546' title='bbox 1735 2736 1776 2768; x_wconf 78' lang='lat' dir='ltr'>d·</span> 
     </span>
    </p>
   </div>
  </div>
 </body>
</html>
