1916 3262
530 248 882 280 nris'ronARUM
916 249 1014 281 mn.
1046 250 1099 282 11.
1133 239 1175 281 2.
1463 241 1580 285 1255

129 345 189 387 Et
207 343 366 387 studiis
387 356 526 386 anuos
545 347 710 399 septem
730 345 862 396 dedit,
886 347 1164 401 insenuitque
1189 371 1193 374 ⁴

132 411 280 454 Libris
300 415 345 454 et
363 411 493 460 curis,
512 413 658 452 statua
673 412 938 454 taciturnius
959 413 1055 454 exit

130 479 409 533 Plerumque,
430 482 473 520 ct
491 479 583 519 risu
603 480 814 532 populum
836 479 1000 534 quatit:
1030 479 1101 521 hic
1121 493 1202 533 ego
1221 491 1365 522 rerum

131 545 360 588 Fluctibus
382 546 426 586 in
446 544 618 595 mediis,
638 550 682 587 et
701 545 1037 600 tempestatibus
1058 547 1200 596 urbis,
1518 545 1583 588 85

130 610 282 653 Verba
296 613 404 667 lyrae
424 616 598 653 motura
617 625 771 653 sonum
791 617 1049 654 connectere
1070 612 1222 666 digner
1234 614 1254 654 ‘l

133 678 289 720 Frater
306 683 401 720 erat
420 678 578 720 Romae
600 680 794 721 consulti
813 680 971 730 rhetor,
991 682 1039 720 ut
1057 680 1171 720 alter

129 744 326 788 Alterius
347 758 544 787 sermone
564 759 710 788 meros
731 747 899 789 audiret
917 746 1106 788 honores
1123 760 1134 798 ;

130 811 363 854 Gracchus
383 815 429 854 ut
447 812 517 853 hic
534 813 598 854 illi
616 813 741 864 foret,
760 813 863 855 huic
884 818 935 855 ut
955 813 1134 855 Mucius
1152 813 1242 855 ille.

130 940 246 972 studiis
269 945 428 983 operatus,
454 941 568 974 sedulae
591 942 742 974 librorum
769 942 947 975 incumbens
974 943 1112 980 lectioni,
1136 942 1243 983 prodit
1266 942 1422 973 interdum
1450 941 1582 972 tacitur-

130 981 203 1013 nior
233 993 324 1024 quam
353 988 472 1023 statua,
494 989 523 1016 et
551 987 663 1025 populo
692 985 859 1017 ludibrium
887 985 1022 1018 exhibet.
1077 986 1204 1024 Ergone
1224 985 1274 1016 hic
1296 995 1353 1024 ego
1374 986 1458 1016 inter
1477 984 1581 1023 agitu-

130 1024 231 1056 ἤσκεε
250 1036 288 1056 uc
307 1028 456 1067 strepitus
476 1028 616 1059 civitatis
644 1028 678 1058 in
703 1029 840 1059 animum
865 1028 1010 1060 inducam
1030 1038 1130 1060 meum
1150 1031 1258 1068 aptare
1278 1037 1367 1058 voces
1388 1028 1456 1068 lyra
1470 1035 1582 1057 carnen-

131 1067 209 1098 doae?
250 1068 380 1109 Insuper
404 1074 435 1100 et
458 1070 522 1101 alia
545 1079 613 1110 quoe
633 1071 808 1101 deterreant
822 1070 936 1112 accipe.
979 1070 1099 1102 Rhetor
1121 1071 1247 1111 quidam
1268 1073 1337 1101 erut
1352 1069 1461 1100 Romae
1475 1069 1584 1107 frater

124 1108 322 1151 jurisperiti,
336 1112 390 1152 qui
404 1113 485 1144 aller
499 1112 630 1144 ulterius
644 1117 807 1154 perpetuus
821 1114 928 1145 laudes
941 1113 1119 1144 madebant.
1163 1113 1229 1144 Hic
1241 1113 1292 1143 illi
1303 1112 1393 1153 quusi
1410 1111 1584 1150 Gracchus,

734 1217 971 1231 oeaeaeoeeeeoee

131 1280 206 1320 quid
218 1279 452 1314 Schoenborn.
465 1286 584 1315 4.-82
612 1283 656 1315 Ut
670 1284 785 1314 studiis
799 1284 1030 1324 Cuning.—83
1054 1283 1151 1315 Idem
1169 1283 1315 1322 Cuning.
1338 1281 1527 1313 taciturnior
1539 1289 1585 1312 ex

127 1322 279 1363 ingenio,
296 1329 332 1355 ut
348 1325 534 1355 concordet
548 1334 624 1354 cum
648 1334 696 1354 vs.
712 1327 766 1355 81.
786 1329 821 1354 et
836 1326 884 1355 ita
900 1326 1049 1356 asseclae.
1082 1325 1250 1355 Saturnius
1265 1325 1331 1355 exit
1346 1323 1583 1354 Schoenborn.

125 1366 243 1396 2.—84
267 1366 414 1397 chisian.
430 1369 462 1396 5.
483 1369 515 1396 et
528 1366 720 1396 risum—85
743 1365 896 1397 Luctibus
919 1366 953 1397 in
978 1366 1090 1398 mediis
1110 1367 1192 1397 Vat.
1215 1368 1356 1396 18.-86
1377 1365 1535 1395 Vallicel.
1552 1366 1585 1395 1.

123 1404 323 1438 comt-8⁷
345 1406 578 1439 Schoeuborn.
591 1411 627 1440 2.
640 1407 740 1438 Pater
755 1417 782 1440 e.
798 1407 840 1439 R.
856 1418 884 1439 c.
898 1411 1012 1440 rector.
1053 1409 1171 1439 Bentl.
1187 1408 1308 1439 Partus
1324 1417 1352 1438 e.
1369 1407 1412 1438 R.
1428 1407 1582 1437 consulto.

123 1447 206 1478 Vnt.
220 1448 316 1480 Rom.
332 1451 365 1480 4.
378 1453 409 1481 et
424 1451 516 1481 alter.
539 1449 670 1482 Versus
686 1452 827 1482 87-140.
844 1451 935 1482 Dan.
953 1450 1116 1482 Heinsius
1133 1449 1295 1481 transfert
1311 1449 1354 1481 ad
1371 1458 1411 1480 n.
1426 1449 1537 1489 Epist.
1551 1451 1582 1480 1.

123 1491 199 1522 229.
221 1491 383 1523 Boivinus
400 1492 444 1523 ad
470 1501 518 1523 vs.
541 1494 615 1524 118.
637 1493 830 1532 Utrumque
856 1492 984 1525 refellit
1013 1493 1289 1525 Bentleius.—89
1310 1491 1469 1523 Britann.
1484 1493 1582 1522 1516.

124 1533 221 1565 1520.
237 1533 308 1565 huic
324 1537 359 1565 ut
374 1535 504 1566 Mucius
514 1535 591 1572 illu
614 1535 663 1566 ita
674 1534 880 1575 Lambinus;
903 1541 940 1567 et
956 1541 1034 1576 post
1044 1539 1099 1567 40.
1111 1536 1193 1566 alias
1210 1534 1393 1574 editiones,
1404 1538 1444 1565 ut
1459 1533 1583 1564 asserit

124 1573 210 1605 Cun.
223 1575 347 1607 iterum
363 1577 516 1608 restituit
529 1578 645 1609 Bentl.
670 1587 770 1618 quem
791 1582 911 1618 postea
935 1587 1036 1610 nemo
1056 1578 1222 1610 deseruit.
1264 1577 1322 1609 ΑΙ.
1337 1578 1388 1608 hic
1402 1580 1438 1607 ut
1454 1576 1583 1607 Mucius

123 1615 185 1648 iili.
205 1617 346 1650 ‘Scribe
371 1620 496 1650 Mucius
516 1629 559 1651 ex
586 1620 740 1651 omnibus
755 1621 968 1662 antiquitatis
981 1621 1221 1660 monumentis,
1235 1619 1408 1661 lapidibus
1431 1618 1582 1658 scriptis,

123 1660 281 1700 nummis,
297 1661 415 1700 libris;
438 1662 497 1693 sed
513 1663 703 1703 praesertim
719 1672 763 1693 ex
777 1663 981 1702 Pandectis,
1001 1664 1104 1694 etiam
1130 1662 1351 1701 Florentinis,
1378 1661 1413 1692 in
1435 1661 1459 1691 l.
1475 1668 1581 1691 xxiv.

124 1705 161 1733 et
177 1703 311 1737 xxilv.
334 1705 441 1745 princ.
455 1710 490 1736 et
506 1705 524 1745 ξ
542 1707 573 1735 1.
595 1711 629 1736 et
644 1707 676 1736 2.
690 1705 734 1736 de
751 1704 860 1742 Auro,
877 1715 948 1746 arg.
962 1706 1032 1746 leg.
1049 1711 1153 1747 atque
1177 1705 1282 1742 alibi3
1305 1707 1428 1736 contra
1450 1702 1582 1734 Baxte·

778 1800 922 1833 NOTAE

126 1881 202 1904 rum
217 1871 417 1913 immersus3
441 1873 521 1916 quid
547 1883 656 1907 essem
675 1884 739 1916 ego
755 1875 825 1907 Ro-

124 1923 238 1964 mae,si
254 1933 315 1965 per
330 1924 400 1955 vias
413 1925 496 1956 irem
512 1925 682 1966 profunda
697 1925 825 1966 cogita·

123 1974 218 2005 tione
234 1973 437 2013 abstractus,
452 1978 488 2005 et
509 1979 577 2005 tarn
595 1985 614 2005 a
630 1975 733 2006 rebus
747 1985 823 2016 quae

124 2023 218 2055 circa
240 2033 294 2055 me
321 2028 400 2056 sunt
423 2033 520 2065 quam
544 2034 565 2056 a
586 2035 640 2056 me
663 2025 737 2066 ipso
751 2025 824 2057 fere

123 2074 288 2106 alienatus
301 2075 314 2106 ?

127 2128 130 2130 ’
164 2126 209 2158 86
235 2125 337 2158 Verba
352 2122 432 2167 lyrae
449 2129 570 2158 motura
584 2126 707 2168 sonum]
737 2126 825 2159 Ver·

123 2176 181 2209 nnn
195 2167 352 2217 Lyn-icos-

164 2227 206 2259 87
229 2225 346 2259 Frater
363 2227 432 2258 erat
455 2225 578 2268 Rom,
602 2226 673 2269 ξω]
694 2227 824 2262 Quinta

119 2277 222 2318 ratio,
250 2276 388 2318 ineptus
429 2281 466 2308 et
502 2286 607 2308 vanus
645 2278 822 2319 poetarum

122 2326 264 2367 animun,
285 2334 385 2368 quem
407 2326 629 2359 similitudine
656 2328 821 2368 explicat.

121 2375 285 2408 Profecto
305 2377 377 2417 jam
402 2377 533 2417 pudere
555 2377 660 2409 debet:
685 2377 822 2419 poetam

122 2434 212 2466 esse,
242 2425 354 2464 iuquit
377 2425 561 2460 Horatius:
590 2437 667 2459 cum
693 2428 823 2460 insulsa

122 2481 237 2508 vatum
261 2479 453 2507 nostrorum
476 2478 671 2518 arrogantia
696 2478 821 2519 passim

121 2533 282 2557 nauseam
297 2528 332 2555 et
347 2523 566 2557 offensionem
587 2527 778 2567 ingeneret.

165 2579 208 2608 89
232 2574 408 2615 Gracchus]
442 2575 596 2606 Tiberius
634 2581 672 2607 et
706 2578 821 2618 Caius,

122 2625 314 2666 Sempronii
345 2623 493 2655 Gracchi
519 2629 555 2655 et
585 2624 752 2658 Corneliae
778 2628 822 2658 de

124 2675 323 2716 Scipionum
358 2673 487 2705 familia
513 2673 599 2712 filii;
628 2675 728 2707 ambo
752 2677 822 2708 elo·

122 2725 262 2767 quentia
278 2726 493 2764 claruerunt3
520 2724 579 2756 sed
604 2726 821 2766 popularibus

121 2774 326 2808 tumultibus
358 2774 494 2806 nimium
524 2774 741 2816 indulgentes
763 2776 822 2808 mi·

879 1884 954 1907 sere
974 1879 1012 1907 et
1037 1875 1198 1907 indecore
1219 1873 1408 1916 perierunt.
1441 1872 1513 1906 Cic.
1535 1872 1581 1906 de

878 1929 1029 1970 Harusp.
1046 1930 1213 1970 Respons.
1229 1939 1263 1960 n.
1279 1931 1333 1960 41.
1356 1928 1366 1945 ‘
1379 1927 1454 1959 Tib.
1470 1928 1581 1960 Grac-

878 1979 976 2010 chum
1004 1984 1142 2010 secutus
1172 1983 1226 2010 est
1256 1978 1358 2010 Caius
1388 1977 1580 2016 Gracchus,

878 2037 944 2069 quo
966 2028 1114 2069 ingenio,
1139 2032 1270 2069 quanta.
1292 2027 1337 2066 vi,
1361 2031 1486 2068 quanta
1502 2035 1581 2067 gra-

877 2078 986 2109 vitate
1007 2077 1158 2117 dicendi,
1179 2082 1218 2109 ut
1233 2077 1391 2109 dolerent
1414 2077 1494 2109 boni
1510 2086 1583 2108 om·

876 2137 935 2160 nes
951 2137 1017 2159 uon
1040 2128 1099 2159 illa
1114 2131 1212 2159 tanta
1233 2131 1433 2159 ornamenta
1449 2127 1492 2159 ad
1509 2136 1580 2158 me-

875 2178 995 2210 liorem
1023 2182 1172 2209 mentem
1199 2178 1479 2220 voluntatemque
1505 2186 1580 2209 esse

876 2227 1067 2260 couversa.’
1090 2227 1187 2259 Idem
1204 2227 1247 2259 de
1264 2228 1357 2260 Clar.
1374 2228 1473 2261 Orat.
1488 2227 1500 2245 ‘
1513 2228 1580 2259 Fu-

872 2278 900 2311 it
918 2278 1095 2311 Gracchus
1116 2278 1299 2319 diligentia
1322 2279 1489 2310 Corneliae
1511 2287 1580 2309 ma·

876 2330 938 2361 tris
950 2339 970 2360 a
987 2338 1094 2370 puero
1110 2329 1247 2369 doctus,
1262 2333 1297 2361 et
1311 2329 1446 2361 Graecis
1467 2328 1578 2360 literis

876 2380 1029 2412 eruditus
1048 2403 1057 2412 .
1071 2403 1079 2412 .
1092 2402 1100 2411 .
1116 2401 1126 2411 .
1141 2379 1282 2411 Utinam
1309 2380 1343 2411 in
1365 2379 1440 2410 Tib.
1468 2379 1578 2411 Grac-

875 2429 952 2470 cho,
968 2430 1120 2471 Gaioque
1145 2429 1301 2461 Carbone
1328 2429 1407 2460 talis
1423 2436 1518 2459 mens
1533 2427 1578 2458 ad

874 2479 996 2520 Rernp.
1018 2479 1105 2511 bene
1121 2478 1304 2519 gerendam
1326 2477 1456 2517 fuisset,
1479 2478 1579 2518 quale

874 2529 1047 2570 ingenium
1082 2529 1124 2560 ad
1161 2528 1249 2560 bene
1290 2528 1470 2559 dicendum
1501 2525 1580 2557 fuit.

875 2579 1041 2611 Profecto
1066 2587 1166 2609 nemo
1186 2578 1238 2608 his
1262 2576 1341 2608 viris
1363 2575 1473 2617 gloria
1492 2584 1580 2616 prae-

876 2633 1060 2717 Βῐιλῐῦιῗιῗῖἰξὶε]
1082 2675 1174 2707 Pub.
1189 2673 1327 2706 Mucius
1344 2674 1354 2692 ‘
1359 2673 1451 2714 juris
1467 2674 1577 2706 civilis

876 2726 1104 2767 intelligentia
1133 2730 1235 2766 atque
1265 2723 1355 2756 omni
1385 2724 1577 2764 prudentiae

877 2786 1005 2817 genere
1023 2775 1213 2818 proestans.'
1257 2774 1330 2806 Cic.
1346 2783 1422 2806 mox
1436 2774 1496 2806 cit.
