1916 3262
472 289 679 323 nourrii
714 289 987 320 GARMlNUM
1023 289 1117 320 [ΑΒ.
1150 289 1204 320 ιι.
1236 279 1308 319 17.

163 386 308 418 firmitas
323 386 544 423 bonornm‚et
560 383 760 416 facultatum
771 391 860 413 mea-

164 446 251 468 rum.
273 436 331 468 Sic
345 444 371 468 1.
387 435 456 468 od.
473 437 500 466 1.

206 489 226 517 5
249 485 316 526 Ali,
327 489 360 518 te
372 483 464 525 πιθα]
488 483 554 523 Ab,
570 482 600 514 si
615 481 760 514 celerior
775 491 862 515 mor-

164 535 209 567 tis
222 535 386 569 violentia
398 534 506 576 rapiat
517 538 565 573 te,
576 532 632 574 qui
645 531 766 564 unimae
778 541 862 565 meae

165 595 245 626 pars
271 595 309 617 es
342 595 420 618 una.
469 583 554 618 Mea
582 586 705 623 purtem
734 581 863 622 anime]

165 636 252 668 Tale
277 635 360 669 illud
381 639 435 667 est
459 643 486 667 1.
511 633 579 667 0d.
594 636 626 666 3.
660 633 671 652 ⁴
689 633 736 664 Et
750 642 864 664 serves

165 686 286 718 animae
307 685 484 718 dimidium
510 682 621 725 meae‚’
648 693 714 724 quo
736 692 865 714 summa

165 741 272 778 atque
287 734 523 777 iusepartbilis
539 734 692 767 amicitia
712 733 866 766 declara-

164 790 234 819 tur.
269 786 371 822 Quod
394 786 494 820 hodie
509 794 645 827 quoque
660 784 816 818 omnibns
830 784 864 816 iu

162 844 224 869 oro
238 840 306 876 ent,
332 839 371 870 ut
392 845 478 877 qnos
500 836 624 868 eximie
646 836 775 868 amicos
789 844 866 867 esse

162 885 345 926 ceruimus,
379 895 482 918 unam
519 891 701 929 utrumque
737 885 865 919 habere

161 934 306 968 animuin
322 935 487 970 dicamus.
519 937 665 970 Tor-rent.

203 988 226 1017 6
249 985 336 1022 Quid
349 986 468 1027 moror]
492 987 560 1019 Cur
573 996 638 1027 ego
662 987 785 1028 vivam,
806 987 863 1029 qui

163 1045 238 1071 tum
252 1036 372 1069 mima
390 1041 458 1069 tnae
474 1047 553 1078 pars
564 1038 685 1069 altera.

205 1088 226 1119 ’1
250 1087 318 1123 Nec
330 1097 425 1121 carus
446 1089 548 1130 eque]
576 1088 699 1128 Neque
714 1087 802 1119 tanti
827 1097 863 1119 se

164 1133 239 1167 sore
254 1135 352 1175 dicit,
374 1139 495 1179 quanti
511 1144 613 1171 antea
638 1137 767 1177 fuerat,
789 1138 867 1170 telis

165 1185 267 1218 amici
291 1189 402 1228 gratia
426 1194 574 1229 potens:
599 1197 713 1230 neque
736 1192 806 1220 tam
821 1190 868 1220 in-

165 1241 314 1277 tegi-um,
328 1237 418 1279 quod
443 1238 619 1271 dimidium
642 1238 694 1271 mi
710 1237 867 1279 perdide-

163 1287 221 1318 rit.
246 1288 389 1320 Torreat.
447 1289 518 1320 Nec
546 1298 639 1320 ωηατ
665 1288 767 1329 oeque]
793 1289 868 1320 Nec

163 1337 245 1369 mihi
271 1342 340 1371 tsm
363 1338 487 1370 charus
515 1337 664 1376 futurus,
691 1343 729 1370 ut
753 1342 868 1377 antea,

161 1396 225 1420 neo
241 1388 408 1426 integram
425 1387 530 1418 vit-m
544 1386 720 1418 habiturus
733 1391 766 1418 te
778 1396 868 1418 mor·

161 1441 234 1476 tuo,
249 1436 356 1479 quies
370 1436 492 1469 anima
504 1445 587 1467 meoe
601 1436 780 1470 medietas.

203 1488 226 1518 8
263 1486 325 1519 Ille
351 1483 437 1525 dies}
466 1486 597 1518 Eodem
631 1486 687 1518 die
722 1492 866 1529 uterque

161 1540 317 1569 nostrum
333 1541 424 1576 ruet,
435 1542 472 1568 et
487 1537 663 1569 morietur.

184 1590 226 1624 ,9
248 1583 326 1620 Non
351 1597 410 1628 ego
446 1587 617 1629 perfidum]
655 1586 792 1619 Allusio
822 1587 864 1619 ad

159 1636 313 1673 militar·
345 1643 620 1670 sacramentum:
657 1642 694 1669 et
730 1642 866 1670 secutu-

162 1695 238 1721 m
267 1697 304 1721 se
329 1689 391 1730 ait,
418 1697 624 1730 quocunque
648 1690 865 1729 praecesserit

160 1738 350 1775 mecenas,
365 1744 470 1780 atque
491 1748 559 1770 una
581 1738 781 1769 moriturum
806 1748 863 1778 po-

162 1789 245 1831 tius,
266 1799 368 1831 quam
398 1794 439 1821 ut
468 1789 590 1820 ducem
621 1788 773 1820 deserat.
818 1789 864 1819 Et

160 1839 227 1871 hoc
240 1838 316 1872 fere
331 1838 515 1879 contigisse
532 1837 622 1869 Dion
645 1842 814 1868 testatur:
837 1837 865 1868 si

162 1888 301 1930 quidem
312 1888 515 1920 Maecenatis
530 1887 589 1918 ille
602 1892 745 1919 mortem
759 1887 868 1920 refert

163 1937 197 1969 in
214 1947 339 1973 annum
355 1939 396 1971 U.
411 1938 451 1971 C·
476 1940 552 1970 746.
597 1938 762 1970 Horatius
785 1949 865 1970 vero

165 1987 250 2020 obiit
274 1997 374 2023 auno·
389 1988 523 2030 imperii
551 1987 701 2029 Augusti
727 1991 779 2021 34.
806 1990 866 2031 qui

163 2036 230 2068 fnit
273 2038 366 2069 urbis
405 2037 555 2069 conditae
598 2042 673 2070 ⁷45.
721 2039 865 2071 Terreni.

161 2085 292 2127 [codd.
311 2097 367 2129 ap·
384 2087 511 2129 Jaeck,
532 2097 588 2120 nec
611 2099 668 2129 ego
679 2099 694 2126 ,·
717 2089 785 2129 vel,
805 2100 866 2122 nou

161 2136 248 2178 ego-J

204 2189 247 2219 1⁰
268 2187 607 2230 Dixi-sacramentum]
631 2190 705 2231 Ego
720 2199 787 2222 non
803 2200 862 2232 pe-

151 2235 276 2278 jemi,
307 2243 344 2270 ut
378 2239 519 2279 milites,
552 2239 610 2282 qui
645 2245 862 2274 sacramento

161 2287 330 2326 obstricti,
342 2287 443 2320 fidem
461 2289 646 2323 violarunt.

205 2339 250 2368 llv
268 2337 450 2379 Utcunque]
473 2340 756 2382 Quandocumque
776 2351 864 2382 prae-

161 2386 265 2419 cedes
277 2388 350 2420 sive
365 2394 469 2420 aetate
480 2390 552 2421 sive
565 2397 657 2422 sorte
669 2397 863 2432 correptus.

164 2436 348 2477 Summum
362 2448 486 2478 carpere
500 2440 578 2480 iter]
602 2441 802 2474 Extremum
817 2444 865 2474 vi-

164 2489 210 2516 tae
225 2486 314 2519 diem
332 2492 445 2519 tecum
461 2489 556 2521 obire
573 2491 691 2530 parati.
719 2492 864 2526 Lambin.

163 2534 346 2576 [Utcunque
372 2539 523 2576 ρνιεσεάἱε
556 2539 787 2574 Solioenborn.
813 2543 864 2584 2.]

208 2586 250 2616 12
275 2585 412 2621 Comites
435 2588 556 2628 parati]
578 2589 706 2622 Tecum
729 2591 864 2635 ibimus,

163 2637 203 2666 ut
217 2635 362 2667 comites
377 2636 410 2667 in
426 2641 532 2670 morte
551 2639 674 2679 parati.

210 2688 250 2717 13
277 2685 444 2718 Chimoerae
457 2687 603 2729 spiritus]
624 2688 716 2729 Ignis
731 2691 863 2731 spirans

163 2745 206 2766 ex
223 2735 374 2776 tricipite
403 2736 582 2770 Chimaerae
598 2738 726 2780 capite,
739 2739 782 2772 de
798 2752 864 2783 qua

164 2785 242 2818 vide
260 2795 287 2818 1.
305 2786 372 2819 Od.
388 2789 443 2818 27.

209 2839 249 2868 14
274 2836 475 2869 Centimanus
489 2837 592 2880 Gyas]
614 2838 705 2871 Libri
718 2839 791 2872 fere
804 2840 864 2872 im-

1506 280 1618 323 1423

916 380 1023 422 pressi
1051 390 1168 413 omnes
1189 382 1300 422 Gyges
1321 380 1462 418 liabent,
1483 387 1619 416 veteres

916 441 997 463 vero
1042 432 1247 464 niembranae
1284 441 1415 463 summo
1451 440 1620 466 consensu

919 482 1043 524 Gygus,
1059 492 1160 524 quam
1183 482 1367 514 lectionem
1396 482 1499 514 etiam
1517 484 1621 524 prisci

918 539 1107 575 sequuntur
1139 535 1371 576 Interpretes,
1416 543 1481 565 nec
1521 534 1620 566 video

917 584 1177 624 quomodojure
1193 584 1377 625 displicere
1403 583 1524 624 possit.
1554 583 1621 616 <Gi-

915 635 1027 675 gantis
1057 636 1149 666 enim
1175 634 1410 675 appellatione
1438 643 1541 665 uuum
1559 634 1622 664 ali—

917 694 1016 726 quem
1033 694 1076 716 ex
1099 685 1300 718 centimanis
1322 685 1389 716 illis
1404 685 1522 716 Ten-re
1543 683 1623 716 filiis

916 735 1091 775 intelligit.
1128 736 1322 767 Torrentius.
1366 736 1517 767 Mum-u
1543 734 1621 768 Var.

917 785 1006 818 Lect.
1028 795 1078 818 vi.
1101 788 1155 818 12.
1202 785 1308 827 Gyas]
1343 784 1440 827 Gyas
1461 785 1562 825 Coeli,
1586 790 1623 817 et

916 838 1028 870 Terrae
1054 837 1156 875 filius,
1172 839 1230 879 qui
1255 842 1392 870 centum
1417 837 1538 871 lubuit
1551 847 1622 870 ma-

917 897 995 928 nus,
1011 894 1047 920 et
1071 889 1183 929 capita
1199 888 1459 931 quinquaginta.

961 941 1001 970 15
1027 938 1182 980 Diveuet]
1198 938 1276 971 Nec
1291 948 1346 971 me
1363 948 1512 980 unquam
1523 948 1622 980 sepa-

918 989 1010 1021 rabi«
1033 999 1056 1020 a
1086 989 1259 1030 proposito
1285 998 1362 1022 meo
1390 997 1459 1020 non
1484 988 1622 1020 vivendi

918 1045 997 1079 post
1011 1045 1154 1071 mortem
1172 1045 1278 1070 tuam.

961 1092 1003 1121 16
1011 1091 1159 1122 Justitiae
1172 1091 1380 1131 placitumque
1388 1087 1516 1128 Parcis]
1529 1088 1624 1122 Qua-

922 1149 959 1171 re
973 1140 1153 1173 Justitiani
1178 1150 1255 1172 eum
1280 1138 1402 1170 Parcis
1421 1137 1623 1179 conjungit?

923 1189 976 1220 An
1003 1190 1083 1231 quia
1113 1200 1174 1231 per
1204 1191 1336 1222 Parcas
1370 1188 1498 1221 divinae
1526 1187 1623 1229 legis,

922 1239 976 1271 cui
1002 1249 1102 1271 nemo
1125 1244 1231 1281 queat
1260 1239 1436 1275 resistere,
1466 1239 1623 1279 potentia

922 1290 1143 1329 significatur,
1157 1296 1260 1331 atque
1273 1299 1313 1320 ea
1329 1299 1411 1320 vera
1421 1294 1457 1320 et
1471 1287 1625 1330 perfecta

914 1339 1052 1378 justitia
1068 1341 1145 1370 est?
1171 1340 1313 1371 Tor-rent.
1357 1339 1507 1370 Justiu'oe
1526 1339 1624 1378 placi-

920 1390 1046 1427 tumque
1058 1388 1186 1428 Parcis]
1209 1389 1267 1419 Sic
1280 1388 1370 1419 euim
1385 1388 1538 1420 Juetitiae
1554 1398 1624 1420 om—

919 1437 1102 1478 nipotenti,
1125 1447 1201 1478 quae
1232 1436 1336 1469 fidem
1362 1436 1521 1478 frangere
1547 1447 1625 1478 pro·

918 1487 1026 1527 hibet,
1040 1493 1075 1520 et
1090 1488 1217 1526 Parcis,
1233 1488 1332 1527 Fato,
1343 1487 1535 1529 divinaeque
1548 1496 1625 1529 pro·

920 1538 1081 1570 videntiae
1098 1539 1260 1580 placitum
1290 1543 1355 1578 est,
1372 1543 1411 1570 ut
1438 1547 1506 1570 una
1530 1539 1624 1570 viva-

919 1598 996 1620 mus
1007 1594 1043 1620 et
1055 1590 1250 1621 moriamur.
1266 1589 1381 1621 Lubin.
1402 1589 1624 1631 Justitioepca-

918 1639 1074 1680 citumque
1111 1639 1242 1681 Parcis]
1280 1639 1465 1680 Duplicem
1507 1640 1625 1672 reddit

922 1690 1090 1722 rat—ionem
1104 1695 1210 1723 arctae
1228 1691 1387 1723 amicitiae
1404 1701 1411 1721 :
1428 1691 1573 1724 Justitia
1589 1691 1624 1724 id

920 1740 1031 1779 poscit
1054 1746 1198 1780 propter
1213 1746 1358 1781 accepta
1384 1750 1405 1772 u
1427 1741 1623 1773 Maecenate

919 1790 1108 1823 beneficia:
1141 1792 1264 1824 Parcae
1289 1793 1322 1824 id
1352 1796 1516 1833 poscunt,
1543 1793 1624 1834 quia

920 1839 1095 1870 Maecenas
1132 1846 1168 1872 et
1207 1842 1373 1873 Horatius
1412 1843 1484 1874 uati
1523 1848 1623 1874 erant

920 1889 983 1920 sub
1000 1891 1120 1922 eodem
1137 1891 1272 1932 sydere,
1285 1892 1376 1933 quod
1401 1893 1544 1924 multum
1568 1903 1623 1924 va-

920 1940 969 1972 let
985 1940 1027 1971 ad
1044 1942 1227 1974 amicitiam
1241 1943 1517 1976 contrahendam.

964 1994 1004 2022 17
1027 1991 1089 2023 Seu
1107 1992 1214 2032 Libra,
1227 2003 1292 2032 seu,
1317 1994 1389 2036 Spa]
1413 1994 1492 2028 Quo
1513 1998 1623 2027 astro-

920 2051 994 2073 rum
1012 2042 1080 2074 situ
1104 2048 1202 2074 natus
1227 2044 1286 2084 sit,
1304 2053 1372 2075 nnn
1400 2045 1539 2085 aperit:
1564 2044 1623 2076 sed

920 2092 1112 2134 quicunque
1143 2093 1202 2124 ille
1231 2093 1349 2133 fuerit,
1372 2104 1448 2126 cnm
1467 2094 1623 2126 natalitia

921 2142 1126 2174 Maecenatis
1142 2144 1226 2174 hora
1249 2144 1434 2176 convenire
1454 2143 1622 2177 affirmat:

919 2197 1043 2225 vocant
1065 2197 1180 2225 autem
1202 2193 1384 2234 ὡροσκόπον
1405 2195 1523 2227 Graeci
1547 2205 1621 2227 eam

917 2243 1035 2275 circuli
1075 2244 1217 2276 Zodiaci
1249 2245 1285 2277 in
1315 2245 1498 2278 duodecim
1527 2247 1622 2285 signa

917 2293 1072 2326 distincti
1086 2299 1232 2336 partem,
1247 2305 1322 2337 quae
1341 2300 1497 2337 ternpore
1513 2297 1622 2337 cujus·

920 2353 985 2384 que
1003 2345 1173 2384 genituroe
1190 2346 1337 2387 emergit
1365 2347 1399 2378 in
1420 2346 1620 2388 hemisphae-

919 2394 1005 2424 rium
1022 2398 1196 2427 nostrum:
1220 2397 1284 2428 hoc
1299 2402 1354 2428 est
1374 2402 1486 2429 ortum
1510 2398 1619 2438 ipsum

919 2444 1011 2482 eoeli,
1021 2453 1097 2475 cum
1114 2445 1296 2482 nascimur,
1305 2446 1397 2478 unde
1408 2447 1619 2487 potissimum

919 2493 1093 2525 natalitias
1112 2495 1352 2534 praedictiones
1374 2497 1541 2536 colligunt
1556 2495 1622 2527 As.-

920 2543 1056 2583 trologi.
1115 2544 1208 2575 Hinc
1247 2545 1258 2561 ‘
1276 2545 1488 2585 aspiciendi'
1518 2545 1620 2575 verbo

918 2592 1028 2622 utitur
1058 2591 1238 2631 Horatius,
1264 2594 1358 2634 quasi
1379 2593 1512 2633 signum
1535 2593 1618 2624 illud

919 2651 980 2672 nos
991 2650 1025 2672 as
1030 2641 1247 2682 piciat‚quod
1261 2642 1294 2672 in
1304 2649 1382 2673 ortu
1395 2647 1511 2674 nostro
1521 2648 1619 2675 nota-

917 2700 1004 2722 mus·
1033 2691 1213 2732 Scorpium
1229 2701 1313 2724 vero
1327 2692 1338 2709 ‘
1349 2691 1619 2726 formidolosum'

919 2745 1033 2781 vocat,
1046 2751 1112 2772 non
1125 2746 1192 2773 tam
1209 2743 1298 2783 quod
1311 2743 1442 2784 signum
1452 2743 1616 2784 illud,sed

919 2792 1010 2831 quod
1029 2791 1121 2823 Mars
1148 2792 1234 2834 signi
1253 2793 1408 2825 dominus
1432 2793 1616 2826 horrendus

918 2842 974 2874 sit.
1001 2841 1143 2874 Tam-ent.
1200 2842 1266 2876 Seu
1291 2843 1400 2885 Libra,
1424 2843 1496 2885 seu]
1519 2844 1616 2876 Ordo
