1890 3230
433 277 642 310 uons'ru
674 260 966 328 saumones&
989 275 1082 306 ms.
1114 275 1167 306 ιι.
1197 264 1239 306 8.

104 375 168 415 ria,
198 373 243 406 de
269 383 340 416 qna
364 373 544 415 sequitur-3
579 381 646 414 qua
679 381 804 413 nempe

104 424 284 464 Curtillus,
301 429 337 455 et
351 423 423 465 ipse
439 425 526 464 gulae
538 423 664 456 doctor
685 422 803 454 eximi-

105 483 157 514 us,
171 473 307 509 echinos
323 473 507 514 incoquere
521 472 693 505 docuerat.
718 472 801 503 Lec-

103 530 162 562 to}
181 523 335 559 eruditus
359 529 471 554 ulrum
495 523 587 554 volet
611 526 798 562 sequatur:

105 578 367 617 exurgit-verum
379 570 503 614 fatear,
513 571 680 614 quomodo
692 571 802 603 muria

47 659 60 664 1,
104 622 296 661 vel-erucis
319 623 372 655 vel
394 622 495 654 inulis
518 621 713 661 conveniat,
734 630 802 653 non

36 686 43 691 ·
104 673 219 712 video.

261 674 273 692 ⁶
284 674 423 706 'restam
437 673 446 687 ’
478 682 569 705 vero.
589 673 599 690 ‘
612 672 775 703 marinam
793 670 804 686 ’

104 721 206 765 dixit,
225 726 265 755 ut
277 723 410 755 ‘orcam
426 721 651 764 Byzantiam,’
664 721 737 753 sat.
751 730 802 754 ιν.

104 777 165 806 aut
183 773 373 807 .‘Graeeam
387 772 396 786 '
417 778 454 805 et
475 773 486 791 ‘
499 770 739 814 peregrinam,’
765 775 804 802 ut

103 821 232 855 habent
245 823 472 864 interpretes:
495 830 698 862 quamquam
721 828 803 851 non-

103 874 190 906 nulli
224 873 276 906 ita
302 873 588 914 interpretantur,
618 868 656 901 ut
681 871 691 887 ‘
708 869 806 901 mari-

16 936 23 940 *
51 945 53 947 ·
103 921 207 959 nam?
232 928 301 953 non
327 919 454 952 fluviali
479 924 539 952 aut
567 919 685 952 fontali
717 929 805 962 aqua

103 970 246 1003 dilutam
258 971 364 1003 dicat.
390 971 535 1003 Tor-rent.

146 1023 188 1052 52
201 1020 381 1062 Imquere,
402 1020 524 1061 illutus]
546 1020 738 1052 Monstravi
756 1020 804 1052 in·

103 1078 259 1112 coquere
270 1070 394 1103 herbas
410 1071 444 1102 in
459 1071 516 1102 illo
525 1071 616 1112 jure,
632 1070 722 1111 quod
746 1070 805 1102 dc»

103 1121 238 1162 scripsi.
275 1121 391 1153 luscos
403 1122 559 1154 curtium
572 1121 708 1162 echinos]
722 1121 804 1152 Cur-

105 1172 199 1204 tillus
225 1173 430 1204 monstravit
455 1172 640 1213 incoquere
666 1171 805 1203 echinos

104 1223 233 1263 illutus,
259 1224 322 1255 hoc
342 1227 409 1262 est,
423 1223 542 1255 evasis
565 1223 622 1254 nbi
638 1223 707 1254 sale
722 1231 803 1254 con-

106 1274 167 1306 diti
181 1279 218 1306 et
233 1274 377 1316 repositi
393 1273 544 1310 fuerant,
558 1284 635 1307 cum
656 1283 719 1306 sua
743 1274 805 1305 sal-

106 1323 226 1364 sugine
236 1329 415 1365 exemplos
426 1325 460 1355 iu
471 1325 535 1356 hoc
543 1324 624 1365 jure
637 1333 802 1365 coquere:

106 1378 140 1406 ut
155 1375 276 1415 melius,
292 1375 536 1414 Hellenismus,
550 1375 590 1407 ὣς
604 1375 744 1415 κρεῖττον
757 1373 804 1414 ὃν,

107 1424 143 1455 id
174 1430 240 1462 est,
269 1430 440 1466 tamquam
470 1426 535 1457 hoc
563 1426 608 1456 sit
641 1425 804 1466 sapidius,

109 1484 211 1515 quarn
237 1485 314 1507 cum
335 1485 377 1507 ea
393 1476 514 1515 mairia,
529 1485 629 1516 qnam
646 1478 728 1507 testa
743 1484 808 1506 ma-

107 1525 191 1561 rina,
205 1524 239 1556 id
257 1531 325 1564 est,
339 1535 422 1557 orca
437 1526 606 1566 Byzantia
622 1526 664 1556 ad
681 1534 739 1556 nos
755 1534 809 1556 re-

107 1575 240 1607 mittit:
265 1575 406 1616 perinde
430 1585 470 1606 ac
493 1576 521 1606 si
535 1576 675 1607 echinus
691 1575 808 1606 illutus

108 1623 144 1655 in
160 1633 202 1656 eo
227 1630 360 1665 coctus,
383 1634 450 1657 nou
473 1630 607 1656 tautum
629 1626 809 1665 suppleret

108 1674 217 1704 vicem
233 1675 352 1705 muriae
368 1684 428 1705 seu
441 1675 514 1714 gari
527 1683 569 1704 ex
580 1675 690 1705 succis
708 1674 809 1714 piscis

109 1723 216 1760 Iberi,
229 1723 287 1755 sed
304 1723 338 1755 id
355 1723 456 1755 etiam
473 1723 620 1764 sapidius
635 1724 809 1762 redderet,

110 1783 152 1804 ex
179 1773 351 1804 sententia
372 1773 519 1805 Curtilli.
562 1772 632 1804 Alii
646 1773 743 1803 aliter
759 1774 807 1803 in-

110 1828 355 1866 terpretantur.
373 1824 471 1865 Cruq.
511 1824 662 1855 Curtillus
673 1823 810 1864 echinos]

111 1875 276 1908 Curtilius
299 1885 383 1907 unus
398 1884 443 1906 ex
459 1875 524 1906 hoe
540 1882 671 1915 genere·
684 1875 810 1915 Epicu·

111 1934 258 1966 reorum,
268 1925 385 1957 docuit
397 1926 580 1966 incoquere
596 1924 733 1956 echinos
743 1933 809 1955 non

112 1981 316 2021 maceratos,
327 1975 378 2020 (id
394 1980 460 2012 est,
471 1985 536 2006 non
552 1975 693 2006 muriam
710 1985 751 2005 ex
762 1975 812 2006 eis

112 2025 258 2067 factam)
271 2025 330 2058 sed
348 2026 484 2058 echinos
500 2025 663 2065 integros.

152 2079 195 2108 53
221 2077 265 2109 Ut
272 2076 384 2108 melius
398 2075 517 2116 muria]
533 2076 710 2116 Tanquam
721 2074 811 2114 sapi-

113 2125 190 2158 dius
200 2135 278 2159 cum
293 2136 335 2157 ea
350 2127 467 2161 muria,
483 2134 584 2166 quarn
601 2125 690 2166 quod
708 2130 812 2156 testa.

115 2175 209 2207 Testa
223 2175 344 2207 murina
357 2173 516 2214 remittat]
538 2174 662 2206 Graeca
685 2174 728 2205 ad
753 2183 812 2206 nos

113 2226 282 2256 remittat.

154 2275 197 2305 54
233 2269 364 2310 Auloea]
413 2271 502 2302 Haec
538 2277 674 2302 veteres
710 2281 812 2312 supra

114 2331 264 2354 mensam
298 2330 498 2361 suspensam
537 2319 718 2356 habebant,
755 2322 812 2362 qui

114 2381 206 2407 nunc
216 2370 408 2413 principum
417 2370 565 2402 virorum
576 2379 648 2401 mos
659 2375 724 2402 est.
734 2371 813 2402 Tor·

113 2425 196 2454 rent.

157 2476 199 2504 55
215 2470 363 2505 Pulveris
376 2469 456 2510 atri]
478 2469 625 2501 Tantum
642 2470 803 2510 pulveris.

156 2523 200 2553 67
234 2521 305 2553 Nos
330 2520 431 2560 majus
454 2520 562 2561 veriti]
594 2520 666 2551 Nos
694 2519 814 2552 domus

117 2571 248 2609 ninam
265 2571 377 2602 veriti.

87 2657 89 2659 ,
160 2623 203 2659 58
227 2620 411 2661 Erigitur]
440 2618 641 2651 Liberamur
667 2629 688 2650 a
709 2624 814 2651 metu.

85 2660 94 2670 ’
121 2671 237 2712 Κηίου,
257 2669 374 2712 posito]
400 2669 604 2702 Nasidienus
626 2669 741 2710 capite
756 2669 815 2701 de-

119 2719 349 2754 miueflehat.

161 2774 205 2803 60
215 2771 360 2805 Amicum
370 2767 493 2808 tollere]
508 2768 671 2801 Moestum
686 2769 812 2803 solare-

119 2825 188 2852 tur.

1439 267 1552 309 1759

898 375 942 405 62
968 373 1012 405 Ut
1036 382 1156 414 semper
1177 372 1310 414 gaudes]
1333 372 1444 406 Qunam
1474 381 1552 413 gau-

857 423 936 455 des!

897 477 941 507 64
961 473 1159 515 suspendens
1186 474 1290 506 omnia
1311 472 1400 514 naso]
1428 472 1554 505 Omnia

855 523 1026 556 deridens.

896 576 1046 608 ‹ss-Hm
1066 578 1112 608 est
1134 575 1285 617 conditio]
1306 575 1354 606 Ut
1377 574 1466 606 mala
1486 573 1555 605 sint

856 627 970 659 vicina
983 626 1094 659 bonis.
1131 626 1253 666 quue]
1281 624 1446 666 Ideoque.

899 679 942 708 66
964 676 1097 718 Labori]
1118 676 1160 707 In
1176 685 1274 707 coena
1291 679 1470 716 apparatu.

899 729 941 758 67
967 727 1059 766 Tene,
1081 729 1117 758 nt
1137 736 1207 765 ego,
1222 725 1293 767 εμπ]
1314 726 1406 757 Tene
1421 734 1556 767 aeqnum

858 781 911 808 est
925 777 1094 807 cruciari?

898 827 942 856 68
965 825 1018 857 Ne
1037 825 1130 866 punis
1154 826 1300 866 adustus]
1323 826 1481 857 Ridicula
1504 831 1558 858 est

859 875 964 908 totius
980 881 1163 915 apparatus
1179 867 1403 907 enumeratio.

899 928 942 957 72
951 925 1073 966 Agaso]
1084 925 1311 966 Qnijumema
1322 930 1430 963 curat,
1439 925 1557 968 quales

858 981 957 1007 erant
971 975 1148 1006 Nasidieni
1165 975 1319 1006 ministri.

900 1028 942 1057 73
971 1025 1028 1056 Uti
1048 1024 1151 1065 ducis]
1176 1024 1471 1058 Quemadmodum
1490 1025 1556 1056 Im-

859 1075 1038 1117 peratoris.

900 1128 940 1156 75
956 1125 1150 1165 Quaecunque
1162 1126 1312 1167 preceris]
1324 1126 1558 1166 Quaecumque

858 1181 970 1217 optes.

900 1229 941 1258 77
967 1227 1014 1258 Et
1026 1226 1125 1257 soleas
1138 1225 1254 1267 poscit]
1268 1226 1385 1257 Soleas
1404 1229 1559 1256 veterum

858 1286 948 1308 more
958 1276 1365 1316 deposuerat‚antequam
1379 1274 1559 1306 accumbe·

858 1327 932 1359 bat.
962 1326 1070 1358 Soleus
1083 1326 1197 1366 poscit]
1218 1324 1367 1364 ‘Solea‚'
1392 1324 1484 1366 quod
1501 1334 1560 1365 pe-

859 1378 910 1409 dis
923 1379 994 1409 solo
1011 1377 1206 1419 subjicitur,
1219 1382 1256 1409 ut
1274 1377 1368 1408 aiunt
1383 1377 1561 1408 Gramma-

860 1428 931 1468 tici,
952 1429 1001 1460 sic
1024 1427 1131 1467 dicta,
1155 1427 1188 1459 id
1214 1437 1312 1458 omne
1335 1426 1561 1458 calceamenti

859 1488 964 1519 genus
976 1478 1230 1519 significat,quo
1245 1477 1437 1519 plantarum
1448 1476 1560 1507 calces

861 1534 990 1561 tantum
1006 1527 1129 1559 inflmae
1148 1533 1334 1567 teguntur:
1356 1527 1470 1568 quales
1492 1525 1560 1556 fer-

860 1588 914 1609 me
931 1578 1131 1609 Graecorum
1155 1578 1320 1618 crepidae,
1335 1582 1373 1608 et
1388 1587 1464 1617 quae
1479 1576 1562 1608 Gal-

858 1628 925 1658 lica
955 1627 1034 1657 olim
1073 1626 1349 1665 appellabantur.
1398 1626 1451 1656 De
1483 1635 1561 1665 quo,

860 1679 987 1716 praeter
1007 1675 1162 1713 Festum,
1179 1675 1314 1715 egregie
1331 1675 1462 1706 Gellius
1479 1683 1563 1706 xm.

861 1728 916 1757 20.
960 1724 1131 1756 Auctores
1156 1725 1202 1755 ita
1230 1728 1388 1763 utuntur,
1419 1728 1458 1755 ut
1489 1722 1561 1754 fere

862 1776 1056 1808 mulieribus
1073 1775 1240 1814 tribuant,
1262 1774 1350 1806 sicut
1365 1780 1400 1805 et
1420 1776 1429 1791 ‘
1443 1783 1562 1805 soccu-

862 1826 930 1856 lum
945 1824 965 1855 :'
987 1829 1047 1856 aut
1069 1825 1149 1856 viris
1174 1825 1292 1864 etiam,
1307 1825 1412 1856 sedin
1429 1824 1562 1855 domes-

865 1876 934 1907 tico
970 1876 1125 1906 calceatu
1164 1879 1296 1906 tantum
1313 1885 1322 1914 ;
1351 1875 1562 1905 socculatum

864 1926 955 1957 enim
982 1929 1041 1956 aut
1057 1925 1224 1956 soleatum
1247 1925 1339 1956 exire
1357 1929 1458 1964 turpe
1474 1929 1562 1955 erat.

864 1976 981 2017 Atque
1005 1975 1094 2007 idem
1119 1974 1267 2007 fortasse
1289 1975 1444 2006 socculus
1471 1974 1562 2015 quod

865 2025 970 2057 solea.
1014 2025 1167 2056 Fuerunt
1181 2033 1266 2065 ergo
1290 2025 1382 2056 soleoe
1401 2024 1564 2055 domesti-

864 2085 938 2114 cae3
961 2084 1043 2116 quas
1061 2079 1174 2105 tamen
1191 2074 1379 2106 accubituri
1396 2076 1429 2105 in
1454 2075 1565 2106 convi-

862 2124 918 2155 vio
933 2124 1120 2164 deponere,
1135 2129 1171 2155 et
1196 2134 1216 2155 a
1239 2133 1357 2155 mensa
1382 2124 1564 2155 discessuri

863 2173 988 2205 iterum
1013 2182 1146 2204 sumere
1166 2173 1334 2213 solebant,
1350 2174 1453 2215 idque
1468 2183 1564 2204 mun-

863 2225 959 2254 ditiae
987 2234 1127 2255 caussa:
1150 2234 1228 2254 nam
1252 2229 1291 2255 ut
1320 2224 1353 2254 in
1383 2225 1490 2263 Episl.
1522 2225 1564 2255 ad

864 2273 1002 2303 Vinium
1023 2272 1225 2310 videbimus,
1241 2273 1396 2305 solebant
1411 2274 1564 2305 convivae

865 2320 1049 2352 familiares
1075 2331 1152 2352 cum
1175 2322 1308 2362 pileolis
1324 2324 1433 2354 soleas
1450 2333 1565 2355 secum

866 2369 974 2411 ferre,
998 2379 1082 2411 quas
1111 2370 1254 2411 ingressi
1279 2370 1415 2402 domum
1447 2373 1566 2403 indue-

867 2424 956 2459 rent,
967 2429 1155 2461 quanquam
1172 2430 1213 2452 ne
1229 2421 1286 2452 has
1301 2421 1434 2462 quidem
1448 2421 1480 2452 in
1498 2422 1565 2452 lec-

868 2469 910 2500 tis
925 2471 1105 2501 retenturi.
1149 2470 1298 2502 Turneb.
1322 2479 1430 2502 xxlv.
1454 2474 1507 2502 17.
1530 2477 1566 2502 et

868 2527 963 2550 xxx.
990 2522 1043 2551 38.
1071 2520 1213 2551 Tor-rent.
1261 2520 1338 2551 Tum
1352 2521 1386 2551 in
1401 2522 1477 2551 lecto
1492 2530 1566 2560 qno-

867 2569 939 2610 que]
963 2569 1048 2600 Tum
1073 2569 1107 2600 in
1123 2570 1263 2610 singulis
1278 2572 1376 2601 lectis
1393 2569 1510 2600 videre
1527 2571 1566 2601 li-

868 2619 970 2650 cebat
983 2619 1142 2651 convivas
1159 2627 1453 2652 coususurrauteS.

911 2673 954 2701 79
971 2671 1036 2701 His
1050 2671 1172 2701 mallem
1184 2670 1287 2710 ludos]
1302 2671 1412 2704 Quam
1428 2671 1498 2711 hOS,
1515 2671 1566 2702 in·

868 2719 941 2760 quit
957 2719 1133 2751 Horatius.

910 2772 952 2801 80
977 2770 1099 2811 Redde]
1119 2770 1280 2802 Declara.

910 2821 947 2850 81
976 2819 1094 2851 Fracta
1109 2821 1172 2860 lag.
1185 2819 1254 2860 ssa]
1270 2819 1461 2853 Aulaeorum
1473 2830 1563 2852 casu.
