1930 3204
406 278 518 321 1568

408 379 519 411 sidera
531 382 635 410 testes
657 377 840 409 Intendunt
855 378 995 410 oculos!

449 430 470 459 2
498 427 625 458 Minora
649 425 764 465 sidera]
807 426 864 457 Sic
893 435 919 457 1.
947 427 1013 459 od.
1037 429 1088 458 12.

409 475 544 506 ‘Micat
573 476 659 506 inter
687 484 800 506 omnes
832 474 959 506 Julium
986 474 1088 514 sidus,

408 525 502 554 velut
518 524 606 554 inter
620 524 714 560 ignes
728 523 819 554 Luna
835 523 997 554 minoresl
1035 523 1088 562 lp-

409 582 479 603 sam
497 572 596 610 igitur
611 571 722 601 lunam
747 581 888 611 quoque,
901 577 934 602 et
950 571 996 602 ibi
1022 571 1086 611 ‘ig-

406 630 482 651 nem
495 620 503 633 ’
525 625 561 651 et
575 620 627 650 hic
649 621 658 637 ‘
669 619 758 650 sidus
770 620 779 634 ’
795 624 902 659 vocat,
921 630 995 651 curn
1012 630 1086 660 pro-

407 669 482 708 prie
506 668 597 699 sidus
623 669 667 699 sit
691 669 832 709 plurium
853 669 1024 700 stellarum
1053 670 1086 700 iu

406 727 508 749 unum
518 718 651 758 aliquod
665 719 792 758 signum
807 719 974 758 collectio,
986 729 1043 749 seu
1054 719 1089 750 ἐκ

406 769 534 798 πολλῶν
549 766 684 808 ἀστέρων
699 766 854 806 σύστημα,
875 774 911 799 ut
926 767 1090 799 definiunt

409 815 535 847 Graeci.
576 817 699 846 Verum
726 823 877 847 auctores
903 816 1090 857 promiscue

407 869 550 894 utuntur
564 875 570 893 :
582 873 655 894 nam
666 863 809 895 ‘Julium
819 865 931 903 sidus‚’
940 870 975 895 et
990 866 1000 882 ‘
1010 864 1093 895 Dio-

408 913 475 943 naei
499 913 641 943 Caesaris
669 913 814 943 astrum’
835 913 1006 952 appellant
1025 913 1091 943 duo

409 960 576 999 principes
613 961 808 999 Poetarum,
833 961 963 992 stellam
1000 961 1090 991 illam

406 1008 618 1046 singularem,
632 1008 700 1038 sive
723 1014 902 1048 cometam,
916 1019 990 1050 quae
1015 1018 1090 1049 sep·

406 1063 475 1088 tem
491 1062 567 1097 post
582 1067 754 1090 excessum
765 1061 848 1092 Julii
864 1060 1004 1092 Caesaris
1017 1060 1087 1091 die-

406 1106 468 1138 bus
487 1106 594 1138 fulsit.
639 1109 852 1149 Reliquorum
877 1114 986 1140 autem
1001 1109 1088 1140 side·

408 1165 480 1186 rum
491 1156 593 1187 veluti
605 1156 741 1188 chorum
757 1158 851 1189 ducit
865 1159 952 1189 luna.
975 1159 1090 1192 Quare

406 1204 571 1235 ‘siderum
596 1206 733 1244 regina’
769 1216 788 1237 a
823 1207 944 1238 Flacco
974 1212 1089 1239 nostro

405 1251 539 1283 dicitur.
565 1253 652 1286 Tor-r.

448 1303 467 1332 3
491 1302 691 1343 Magnorum,
719 1304 789 1343 Esca]
826 1304 835 1320 ‘
854 1303 968 1344 Deos,¹
995 1309 1091 1344 puto,

407 1353 416 1367 ‘
434 1358 567 1387 magnos
577 1350 585 1362 ’
600 1357 699 1382 vocat
714 1350 936 1383 Venerem‘et
953 1353 1089 1392 Cupidi-

406 1407 495 1436 nem,
510 1399 596 1429 solos
612 1409 708 1439 paeue
724 1401 911 1432 amantibus
927 1402 1089 1441 cognitos.

408 1447 616 1486 Quamquam
632 1449 714 1479 ethi
735 1450 917 1480 amantium
942 1451 1090 1489 perjuria

407 1494 575 1534 derident,
589 1505 630 1526 11.
653 1495 719 1527 Od.
734 1499 767 1527 8.
812 1498 1006 1535 Magnorum,
1021 1498 1089 1537 ssa]

408 1543 464 1573 Dii
494 1544 604 1583 magni
629 1549 719 1583 sunt,
747 1545 893 1585 Jupiter,
922 1546 1088 1586 Minerva,

408 1591 544 1631 Apollo,
571 1594 636 1623 ἃς.
677 1593 805 1624 Loesura
830 1593 980 1633 Deorum]
1019 1594 1089 1625 Nu-

407 1649 483 1671 men
518 1640 638 1670 laesura
674 1646 812 1680 propter
841 1643 1022 1681 perjurium
1056 1647 1092 1673 et

407 1687 508 1718 fidem
523 1693 642 1726 postea
654 1689 821 1719 violatam.
852 1690 996 1730 Laesum]
1022 1692 1089 1721 Lm-

407 1736 500 1775 dere,
513 1736 648 1775 proprie
665 1742 716 1767 est
731 1737 864 1768 afficere
881 1739 1093 1770 contumelia.

407 1785 533 1815 Verum
565 1787 787 1818 communiter
817 1787 1018 1818 transfertur
1050 1787 1093 1818 ad

407 1844 540 1866 omnem
568 1833 798 1875 offensionem,
823 1836 894 1867 sive
926 1836 1022 1867 dicto
1054 1847 1095 1867 ea

408 1883 597 1923 contingat,
609 1884 680 1914 sive
695 1884 798 1916 facto.
824 1886 916 1925 cruq.

450 1934 470 1963 4
494 1932 532 1963 In
544 1932 645 1970 verba,
660 1928 730 1973 afa]
758 1934 882 1973 Magna
896 1943 1027 1974 semper
1036 1934 1092 1974 ju-

408 1981 586 2021 risjurandi
616 1982 755 2022 religio:
790 1983 850 2014 sed
873 1988 951 2014 tuuc
977 1985 1093 2022 praeci-

408 2038 487 2068 pua,
514 2039 590 2060 cnm
618 2036 743 2062 certam
773 2032 882 2072 aliquo
919 2037 1092 2072 praeeunte

407 2075 596 2113 formulam,
609 2078 642 2107 in
653 2087 694 2109 ea
707 2079 780 2118 ipsa
797 2080 900 2110 verba
910 2081 1057 2119 juramus
1069 2080 1092 2118 ;'

408 2125 494 2164 quod
508 2125 518 2142 ‘
532 2127 703 2165 conceptis
729 2128 839 2158 verbis
856 2129 970 2166 jurare
980 2128 988 2140 ’
1003 2129 1091 2159 dice-

407 2174 488 2204 baut
518 2178 660 2214 veteres,
689 2179 724 2205 et
754 2175 951 2214 ‘conceptis
983 2176 1091 2206 verbis

408 2222 583 2261 pejerare,'
616 2222 643 2253 si
669 2223 743 2263 quis
773 2223 840 2253 tale
861 2223 1090 2263 jusjurandum

408 2270 552 2303 falleret.
595 2271 738 2302 Gravius
764 2273 850 2303 enim
874 2273 930 2303 ille
951 2282 1091 2312 peccare

408 2319 622 2354 credebatur,
637 2320 913 2360 quemadmodum
930 2327 964 2351 et
979 2321 1004 2350 si
1022 2323 1092 2361 quis

408 2378 497 2399 aram
517 2373 670 2408 tangens.
715 2369 800 2400 Quae
824 2369 912 2399 enim
933 2370 979 2399 'de
998 2374 1093 2400 certo

408 2417 510 2448 animi
539 2418 711 2457 proposito
739 2416 834 2452 fiunt,
862 2417 987 2448 firmius
1011 2418 1094 2448 obii·

408 2471 501 2505 gant.
526 2466 615 2498 Torr.
659 2467 700 2497 In
723 2466 825 2506 verbu,
849 2467 918 2508 ξω]
947 2467 1092 2498 Jurabas

407 2514 534 2554 facere,
546 2515 634 2555 quod
650 2525 714 2555 ego
730 2516 792 2547 tibi
805 2516 1040 2556 proponebam.

450 2568 469 2594 5
492 2564 621 2595 Aretias
640 2568 730 2604 atque
749 2565 854 2604 edera]
876 2565 989 2595 Edera
1011 2565 1090 2595 nibil

409 2614 573 2653 tenacius,
587 2614 667 2644 nihil
682 2614 868 2654 sequanina,
891 2614 939 2644 ita
954 2618 989 2643 ut
1002 2622 1091 2644 com-

409 2661 511 2699 plexu
537 2672 596 2693 suo
619 2663 717 2693 etiam
746 2668 866 2694 enecet
892 2663 1040 2694 arbores.
1065 2672 1090 2693 1.

410 2708 537 2741 od.·.36.
581 2712 823 2752 Arctiusatque]
848 2712 982 2743 Arctius
995 2721 1091 2752 quam

409 2757 452 2787 ab
477 2759 576 2789 edera
603 2761 815 2801 adstringitur
845 2762 912 2792 ilex
943 2770 1091 2800 procera.

856 289 993 318 NOTAE
1028 287 1282 319 VAmoRtJM
1315 288 1366 318 IN

1118 381 1122 387 “
1140 378 1283 418 [Antius
1296 389 1332 410 uc
1345 379 1434 410 edera
1448 378 1548 411 codd.
1563 387 1617 418 ap.
1629 377 1775 420 jaeck-1
1798 409 1808 416 ,

1179 430 1200 458 6
1223 427 1494 459 Lentisadhoerens
1503 426 1650 467 brachiis]
1674 425 1817 462 ‘Lenta'

1138 480 1238 507 vocat
1265 475 1408 511 brachia,
1431 484 1506 516 quoe
1526 474 1652 515 injecta
1673 474 1820 514 pertines

1139 524 1270 555 cissime
1295 524 1457 554 haereant.
1480 529 1518 556 ut
1541 523 1654 558 Catul.
1685 525 1695 542 ‘
1713 524 1820 565 Lento

1139 572 1217 612 quin
1241 573 1333 603 velut
1358 573 1476 603 assitas
1491 571 1580 603 Vitis
1606 571 1756 611 implicet
1770 579 1822 605 arv

1140 620 1258 651 bores?
1281 621 1430 651 Turneb.
1457 629 1480 651 1.
1505 622 1556 651 15.
1596 619 1705 654 Lentis
1718 619 1820 650 adha-

1138 668 1223 708 rens]
1249 668 1428 699 Flexilibus
1442 675 1478 700 et
1492 667 1663 701 tenacibus
1678 667 1821 702 brachiis

1140 718 1219 748 mihi
1235 717 1417 749 adhaerens.
1813 743 1816 747 .

1179 769 1197 796 7
1210 765 1294 797 Dum
1306 765 1518 806 pecorilupus]
1529 765 1682 806 Semper.
1705 765 1819 805 Orion]

1139 813 1245 846 Orion
1265 820 1317 845 est
1333 820 1472 854 asti-run,
1495 814 1589 854 cujus
1613 819 1706 846 ortus
1731 823 1821 846 mare

1139 871 1177 893 ac
1189 867 1296 894 terras
1311 863 1567 903 tempestatibus
1584 862 1710 895 turbat.
1733 863 1822 894 Vide

1138 919 1164 941 1.
1181 910 1248 942 Od.
1264 914 1317 942 28.

1181 963 1202 990 9
1227 961 1421 999 [mansosque
1439 960 1590 1000 agitaret]
1611 961 1679 992 Cur
1698 960 1748 992 sol
1763 959 1821 990 dc-

1141 1010 1298 1048 pingatur
1323 1009 1485 1039 intonsus.
1518 1009 1606 1039 Vide
1632 1017 1659 1039 ι.
1681 1008 1749 1042 Qu.
1770 1012 1823 1040 21.

1140 1058 1296 1097 [Intonsos
1324 1057 1456 1096 agitarit
1489 1056 1589 1088 codd.
1619 1059 1675 1096 ap.
1691 1056 1822 1088 -J-neck.

1139 1106 1270 1145 agitarit
1287 1106 1386 1136 etiam
1402 1105 1499 1136 multi
1514 1104 1613 1136 codd.
1625 1114 1680 1144 sp.
1696 1105 1824 1144 Feaun]

1184 1158 1224 1185 10
1248 1155 1326 1186 Fore
1340 1154 1434 1194 hunc]
1457 1153 1477 1186 J
1484 1153 1604 1186 urabas
1625 1153 1713 1185 hunc
1735 1162 1826 1187 amo·

1143 1214 1210 1235 rem
1226 1203 1300 1234 fore
1314 1207 1461 1234 mutuum
1481 1206 1515 1233 et
1530 1211 1656 1242 parem.

1187 1256 1223 1284 11
1251 1255 1280 1282 0
1308 1252 1456 1292 dolitura]
1490 1251 1668 1285 Quomodo
1694 1251 1827 1284 dolitura

1144 1312 1183 1333 eo
1195 1303 1329 1342 amisso,
1344 1312 1441 1343 quem
1464 1301 1592 1342 spernit
1610 1310 1651 1332 ae
1663 1301 1827 1341 negligit?

1145 1351 1198 1382 An
1210 1354 1302 1392 quia,
1322 1352 1350 1382 si
1363 1351 1483 1382 Horat.
1498 1351 1603 1391 ipsam
1619 1358 1729 1383 amare
1741 1349 1827 1380 desi-

1143 1405 1213 1440 nat,
1231 1401 1272 1430 ab
1288 1400 1360 1430 aliis
1371 1408 1501 1440 quoque
1523 1399 1726 1430 deser-enda?
1770 1397 1826 1429 Au

1145 1450 1265 1488 potius,
1289 1448 1367 1488 quia
1397 1448 1565 1478 conversis
1592 1447 1709 1478 animis
1733 1446 1825 1477 illum

1143 1505 1219 1526 mox
1235 1497 1304 1534 ipsa
1320 1501 1471 1526 amatura
1495 1496 1551 1535 sit,
1567 1505 1587 1526 a
1602 1505 1666 1535 quo
1683 1495 1824 1526 vicissim

1142 1543 1394 1574 contemnatur?
1434 1543 1535 1574 'sales
1562 1543 1684 1574 Catulli
1716 1544 1827 1578 minae,

1143 1602 1242 1622 aureo
1257 1592 1312 1622 illo
1326 1592 1595 1631 Epigrammate:
1617 1592 1627 1607 ‘
1641 1591 1748 1622 Miser
1764 1592 1827 1622 Ca-

1144 1641 1225 1671 tulle
1245 1641 1377 1671 desinas
1399 1639 1567 1679 ineptire.’
1591 1640 1679 1671 Torr.
1726 1641 1754 1670 0
1773 1642 1827 1670 do-

1144 1689 1253 1727 litura]
1290 1688 1321 1718 Ο
1350 1689 1473 1718 Neaera
1500 1694 1536 1718 tu
1563 1689 1702 1719 multum
1737 1689 1829 1719 dole·

1147 1736 1195 1766 bis
1211 1746 1286 1766 mea
1310 1736 1447 1776 virtute,
1474 1736 1508 1766 id
1526 1737 1596 1774 est,
1612 1738 1735 1768 mentis
1749 1748 1827 1768 con-

1147 1786 1284 1824 stantia,
1312 1785 1339 1815 si
1374 1785 1506 1824 qnando
1539 1785 1643 1816 iratus
1671 1790 1704 1816 te
1734 1785 1827 1816 dese-

1148 1844 1229 1866 ram.

1190 1886 1228 1914 12
1256 1884 1325 1915 Viri
1339 1883 1398 1923 est]
1423 1882 1456 1913 Si
1483 1881 1561 1922 quid
1583 1881 1753 1914 virilitatis
1777 1887 1830 1914 est

1147 1933 1178 1964 in
1195 1934 1231 1963 F.
1244 1933 1402 1971 Horatio,
1414 1932 1445 1963 id
1457 1938 1522 1970 est,
1532 1932 1564 1962 in
1576 1941 1640 1962 me.
1667 1931 1832 1971 [Gueiplr.

1145 1982 1256 2012 virium
1269 1984 1336 2017 est,·
1359 1980 1535 2020 Bamberg.
1551 1984 1586 2010 et
1600 1980 1829 2012 Schoenborn.

1146 2033 1178 2061 2.
1193 2030 1316 2064 virium,
1331 2030 1401 2060 siue
1414 2028 1486 2068 est.]

1189 2082 1227 2109 13
1251 2079 1343 2110 Feret
1354 2078 1506 2116 assiduas]
1521 2076 1680 2107 Horatius
1697 2086 1760 2107 non
1774 2086 1828 2115 pa-

1147 2127 1258 2157 tietur.
1301 2125 1424 2155 Potivri
1450 2123 1495 2162 te]
1519 2123 1628 2153 Rivali
1657 2132 1743 2162 meo,
1772 2124 1827 2164 qui

1145 2174 1206 2204 tibi
1223 2173 1333 2212 potior
1345 2176 1409 2210 est,
1423 2180 1520 2211 quam
1534 2179 1596 2209 ego
1612 2179 1695 2201 sum.

1185 2223 1223 2252 14
1248 2220 1374 2259 Parem]
1393 2219 1450 2250 Sic
1478 2219 1578 2258 paulo
1605 2227 1703 2250 anre:
1735 2220 1827 2250 ‘De-

1143 2271 1232 2300 sinet
1254 2270 1436 2308 imparibus
1461 2267 1617 2298 certare:
1658 2269 1784 2299 Tracta
1808 2279 1828 2299 a

1142 2319 1246 2350 bubus
1273 2318 1314 2348 ad
1341 2322 1486 2348 aratrum
1512 2316 1732 2356 Metapinum:
1762 2327 1826 2349 non

1143 2367 1294 2399 succedit
1310 2367 1396 2397 enim
1412 2366 1515 2400 labor,
1527 2365 1555 2395 si
1563 2365 1740 2406 inaequales
1752 2367 1827 2399 sub-

1139 2419 1333 2458 jungantur.
1355 2417 1468 2447 Parem
1483 2425 1562 2456 ergo
1575 2415 1736 2456 intelligo,
1749 2427 1825 2458 quae

1143 2468 1175 2497 in
1200 2476 1311 2498 amore
1337 2465 1551 2506 respondeat,
1567 2475 1606 2496 ac
1623 2466 1750 2506 pariter
1769 2467 1826 2507 ju-

1143 2526 1221 2555 gum
1256 2516 1356 2554 ferat,
1392 2524 1455 2546 nec
1487 2519 1670 2546 sectantem
1707 2514 1826 2554 fugiat.

1146 2566 1285 2596 Tor—rene.
1310 2564 1369 2604 [Et
1383 2564 1494 2604 quaerit
1507 2563 1606 2595 codd.
1622 2573 1674 2604 ap.
1690 2564 1826 2604 saecu]

1187 2617 1225 2645 15
1250 2615 1315 2646 Nec
1328 2615 1418 2644 semel
1431 2612 1571 2654 offensae]
1595 2613 1682 2652 Nec,
1705 2615 1732 2645 si
1754 2623 1823 2646 cer-

1145 2668 1194 2702 to,
1208 2668 1243 2694 et
1256 2673 1334 2694 vero
1345 2663 1459 2693 dolore
1472 2661 1614 2693 affectus
1626 2661 1731 2702 fuero,
1747 2671 1823 2693 con-

1144 2713 1266 2743 stantia
1280 2721 1366 2750 mea,
1387 2720 1459 2750 quae
1483 2719 1534 2740 me
1557 2709 1613 2740 diu
1630 2717 1704 2741 tuos
1719 2719 1821 2740 mores

1147 2766 1304 2802 tuamque
1334 2760 1486 2799 injuriam
1518 2757 1668 2798 perferre
1699 2757 1822 2796 coegit,
