1904 3216
448 305 654 336 HoRATn
691 305 968 336 SERMONUM
1003 295 1257 336 Ln21.10.

125 400 215 432 bium
246 403 300 431 est
336 400 563 439 assentiemus,
599 402 636 430 ut
667 398 820 430 scribunt

124 451 225 494 Valla
239 456 275 482 et
287 451 450 491 Liuacer;
475 460 542 492 quo
554 450 699 482 libenter
713 449 820 480 utitur

122 499 286 532 Horatius
312 501 355 533 ad
381 500 694 541 interrogationem.
721 500 817 540 Cruq.

123 551 201 583 Vid.
216 551 364 583 Turneb.
378 561 439 583 xv.
456 554 508 583 19.
531 550 734 590 Incmnposito
748 549 818 581 (lixi

119 602 198 640 pede
210 610 332 633 currere
346 602 465 642 ver-sue]
489 601 567 634 Dixi
585 600 749 631 Lucilium
765 610 816 631 as-

121 658 239 689 perum
255 659 330 682 esse
341 655 378 682 et
393 651 622 682 duriusculum
634 650 668 680 in
679 660 816 691 compo-

121 699 242 730 nendis
259 700 422 732 versibus.

161 748 318 789 SInepte]
331 749 446 780 Codex
461 749 607 790 optimus
620 750 736 789 inepti:
755 749 814 780 sed

121 797 217 829 unius
231 807 296 839 ego
308 799 501 831 testimonio
511 803 684 839 receptam
697 800 815 830 lectio-

117 855 195 878 nem
210 852 344 879 mutare
360 858 425 880 non
439 849 556 880 ausim.
577 850 671 880 Torr.
707 849 816 889 Inepte

116 899 183 941 eet]
202 898 326 930 Stulte.

161 949 182 978 3
199 947 246 979 At
259 949 357 989 idem]
373 949 536 980 Lucilius.
560 949 632 980 Sale
645 949 742 979 multo
757 948 816 979 Ur-

109 988 185 1026 ‘Mm
225 997 391 1038 aqnwu]
430 997 657 1029 fflnmeimm
692 1006 711 1028 e
746 998 818 1029 sm.

119 1054 186 1077 vu.
203 1047 212 1063 ‘
223 1047 315 1079 Italo
331 1047 488 1088 perfusus
503 1048 626 1080 aceto.'
659 1049 816 1088 Eleganti

118 1099 300 1138 utrumque
315 1098 537 1129 translatione
553 1108 572 1129 a
590 1098 667 1128 salis
681 1102 717 1128 et
729 1097 818 1129 aceti

118 1145 305 1178 acrimonia
319 1147 361 1178 ad
378 1149 459 1188 styli
469 1157 602 1189 quoque
616 1147 818 1178 mordacita-

118 1199 202 1226 tem.
225 1195 336 1228 Plura
349 1197 500 1229 Turneb.
516 1206 579 1229 xv.
597 1200 649 1228 19.
675 1197 818 1228 Tor-rent.

122 1244 189 1284 [Ut
206 1254 267 1276 non
281 1246 438 1279 lna-cvm.
453 1248 503 1288 4.]

157 1296 180 1324 4
209 1295 323 1326 Urbem
338 1296 503 1337 defricuit]
529 1297 628 1330 Quod
641 1297 732 1329 cives
748 1298 817 1329 Ro-

115 1352 231 1375 manos
247 1345 357 1376 acrius
380 1346 518 1378 notarit.
578 1347 697 1378 Charta
710 1348 817 1378 lauda-

115 1396 168 1424 tur
181 1394 302 1435 eudem]
335 1395 508 1427 Monstrat
524 1396 648 1428 Horat.
665 1406 730 1428 non
748 1407 817 1428 ma-

111 1443 286 1475 ledicendi
313 1454 429 1476 caussa
453 1455 528 1477 sese
551 1446 599 1476 ita
624 1445 667 1476 de
683 1446 815 1478 Lucilio

112 1494 302 1534 scripsisse,
319 1504 395 1526 cum
412 1501 450 1527 ut
468 1495 549 1526 vitia
564 1495 750 1535 deteserit,
766 1496 814 1527 sic

110 1544 229 1576 landes
245 1555 386 1586 quoque
398 1555 463 1577 non
479 1546 637 1578 tacuerit.
672 1546 813 1579 Torreat.

114 1594 234 1626 Charta
248 1596 393 1626 laudatur
403 1595 524 1635 eadem]
537 1595 579 1626 In
590 1595 711 1626 eodem
725 1596 813 1627 Ροό-

110 1649 203 1677 mate
215 1644 386 1684 laudatur,
401 1646 461 1677 sed
478 1645 629 1676 Ironice.

151 1697 172 1725 5
197 1694 365 1735 Dederim]
387 1695 483 1726 Dare
499 1694 621 1725 debeo.

151 1746 173 1775 6
198 1744 244 1775 Et
267 1742 382 1774 Laberi
403 1743 528 1783 mimos]
553 1743 714 1774 Scenicos
739 1752 813 1773 ver-

112 1804 170 1826 sus
206 1794 343 1826 Laberii
379 1794 558 1834 scriptoris
597 1793 813 1824 dicacissimi.

110 1843 227 1875 Laberi
239 1843 364 1883 mimos]
385 1844 550 1876 Decimus
569 1843 732 1874 Laberius
749 1843 814 1873 Mi·

110 1894 328 1934 mographus‚
338 1893 454 1924 Publii
466 1893 543 1933 Syri
554 1892 693 1933 aequalis
709 1896 812 1933 atque

109 1942 404 1985 aemulus‚(eodem
419 1943 507 1974 enirn
522 1948 676 1984 tempore
692 1942 725 1973 in
739 1952 812 1973 sce-

109 2001 155 2023 na
182 1990 343 2032 floruere,
379 2002 581 2034 quamquam
621 1993 679 2024 ille
708 1997 810 2024 aetate

107 2041 247 2083 major‚)
269 2043 412 2074 Caesaris
428 2042 620 2074 Dictatoris
644 2041 810 2074 beneficio

103 2092 164 2132 jus
186 2093 393 2125 ,annulorum
423 2101 600 2124 aureorum
627 2095 663 2123 et
689 2101 809 2132 eques-

108 2147 197 2174 trem
231 2143 383 2175 ordinem
412 2142 571 2183 adeptus,
602 2141 645 2173 ob
673 2142 808 2174 nimiam

108 2185 328 2234 asperitatem
355 2194 388 2225 ei
415 2193 596 2234 displicere
618 2193 743 2233 coepit:
767 2203 806 2225 ac

107 2243 207 2277 favor
234 2245 269 2277 in
296 2244 458 2276 Publium
486 2254 603 2276 versus
631 2249 698 2276 est.
730 2246 806 2276 Tor-

107 2297 190 2326 rent.

147 2345 169 2375 7
192 2343 272 2375 Risu
292 2344 437 2375 diducere
466 2342 594 2383 rictum]
617 2343 695 2374 Non
723 2343 807 2375 satis

107 2397 158 2425 est
173 2393 320 2424 auditori
337 2393 439 2423 risum
454 2401 603 2423 movere.
649 2392 808 2424 Diducere

106 2443 236 2483 rictmn]
273 2441 461 2473 Immodico
485 2442 616 2473 scilicet
639 2442 745 2482 hiatu,
770 2449 807 2475 ιιῑ

108 2490 216 2523 effuse
231 2495 268 2523 et
282 2491 444 2522 indecore
462 2491 650 2523 ridentibus
674 2493 806 2524 contin-

107 2549 187 2581 gere
199 2541 298 2572 solet.
321 2541 463 2572 Torreat.
509 2542 606 2582 [Vat.
620 2541 716 2573 Rom.
731 2544 761 2574 7.
772 2547 808 2574 et

108 2592 193 2622 vat.
209 2590 324 2621 Palat.
340 2593 372 2622 1.
387 2590 564 2630 deducere]

150 2643 171 2672 8
195 2639 264 2672 Hic
285 2649 403 2680 quoque
425 2640 541 2681 virtue]
562 2640 624 2671 Est
654 2640 806 2680 quaedam

111 2691 220 2722 virtus
234 2690 336 2721 risum
348 2699 497 2721 movere.
542 2690 637 2731 [Vat.
650 2689 761 2722 Palat.
778 2694 807 2723 1.

112 2741 179 2772 hcec
192 2748 306 2780 quoque
321 2739 448 2779 virtum]

157 2794 178 2822 9
204 2791 247 2822 Ut
269 2794 374 2822 currat
398 2789 567 2830 sententia]
594 2790 649 2822 Ne
673 2795 808 2822 senten-

112 2841 164 2873 tia
178 2840 360 2873 claudicet.
406 2841 478 2872 Neu
493 2849 526 2872 se
547 2840 715 2880 Impediat]
740 2841 807 2871 Ex-

1461 294 1574 336 1663

871 401 1018 440 primore
1047 401 1183 432 videtur
1208 400 1256 440 id,
1286 399 1375 442 quod
1405 399 1570 430 ‘moleste

870 450 981 488 loqui'
998 452 1144 483 vocabat
1161 451 1346 491 Augustus.
1371 449 1513 481 Torrene.

915 502 953 530 11
981 501 1026 532 Et
1051 510 1191 532 sermone
1214 509 1289 540 opus
1307 502 1366 539 est,
1389 499 1457 540 ξιπ]
1478 500 1571 531 Puto

869 549 921 579 his
939 550 1092 581 versibus
1117 550 1299 581 Horatium
1325 558 1392 580 non
1414 550 1505 590 loqui
1528 550 1572 581 de

869 597 988 629 officiis
1006 599 1189 640 cujuslibet
1205 599 1338 635 Poetae,
1350 598 1413 630 *sed
1428 599 1572 640 Satyrici

867 648 1046 688 duntaxat,
1071 650 1128 691 qui
1153 659 1243 680 nunc
1261 650 1401 690 salibus,
1416 659 1506 681 nunc
1521 660 1572 682 se-

867 700 1024 741 veritate,
1041 700 1245 740 multiplices
1262 700 1391 731 formas
1407 701 1571 732 orationis

866 749 948 784 edit,
971 754 1008 781 et
1033 759 1122 780 nunc
1147 748 1294 780 frontem
1320 750 1352 780 iu
1378 760 1476 791 rugas
1491 761 1571 782 con-

867 799 982 835 trahit.
1010 809 1098 831 nunc
1122 800 1153 830 in
1172 800 1272 840 jocos
1296 800 1440 831 relaxat.
1484 801 1570 832 Vide

868 850 944 882 Pet.
961 850 1244 881 NanniiMiscell.
1266 850 1325 881 lib.
1343 859 1393 881 ιν.
1441 850 1570 891 [Ange-

866 901 922 934 lic.
938 905 969 933 1.
985 902 1072 933 tristi
1086 901 1198 941 moda]

910 953 950 982 12
975 951 1172 989 Defendente
1198 950 1294 981 vicem
1316 951 1403 981 modo
1418 951 1569 990 rhetoris]

867 999 966 1040 Opus
980 1005 1032 1032 est
1044 1009 1198 1031 sermone
1212 1004 1331 1031 tuente
1346 1010 1465 1031 munus
1481 1010 1569 1032 nuuc

867 1049 1039 1091 Rhetoris,
1054 1060 1156 1085 nunc,
1171 1052 1237 1082 ἀς.

910 1103 950 1131 13
978 1100 1099 1132 Urbani
1111 1100 1283 1140 parcentis]
1308 1100 1464 1131 Hominis
1482 1099 1567 1131 vafri

868 1153 904 1180 et
924 1150 1053 1181 callidi.
1104 1150 1199 1190 [Vat.
1228 1151 1325 1182 Rom.
1353 1153 1382 1182 l.
1405 1160 1423 1182 a
1446 1160 1490 1182 m.
1515 1160 1567 1191 pr.

867 1199 1012 1241 urbana]

915 1251 952 1281 14
978 1251 1141 1292 Consulto]
1181 1251 1271 1282 Data
1300 1261 1414 1292 opera.
1475 1252 1569 1283 Ridi-

866 1299 967 1331 culum
995 1301 1062 1331 acri
1082 1300 1216 1341 fortius]
1248 1300 1378 1332 ‘Aere'
1406 1302 1570 1342 appellat,

867 1349 956 1389 quod
987 1359 1103 1389 grave,
1134 1349 1223 1391 quod
1257 1351 1448 1387 vehemens,
1476 1352 1565 1391 quod

866 1399 990 1429 serium
1007 1409 1046 1430 ac
1064 1410 1198 1440 pugnax
1214 1410 1222 1431 :
1246 1404 1255 1418 ‘
1268 1400 1463 1430 ridiculum’
1486 1409 1567 1431 vero

865 1448 955 1488 quod
981 1449 1070 1489 lene,
1094 1449 1182 1490 quod
1208 1448 1501 1490 remissum‚quod
1518 1449 1566 1480 fa·

865 1500 977 1528 cetum
1000 1503 1103 1539 atque
1127 1499 1244 1539 hilare,
1268 1498 1425 1540 quodque
1450 1499 1566 1530 tristes

864 1547 938 1578 illos
954 1557 1028 1578 cum
1047 1548 1168 1589 quibus
1185 1549 1314 1589 agimus
1333 1547 1477 1580 affectus
1501 1550 1566 1580 sol·

863 1602 934 1638 vat,
970 1603 1074 1640 atque
1113 1599 1258 1630 animum
1292 1599 1333 1630 ab
1373 1599 1564 1632 intentione

863 1656 974 1678 rerum
992 1653 1139 1684 avertat,
1165 1649 1346 1689 aliqnando
1369 1649 1470 1680 etiam
1489 1650 1565 1680 refi-

864 1697 946 1736 ciat,
962 1702 997 1728 et
1021 1707 1039 1728 a
1065 1698 1227 1728 satietate
1251 1698 1302 1727 vel
1326 1707 1344 1727 a
1359 1696 1564 1738 fatigatione

863 1751 1024 1778 renovet:
1050 1747 1146 1785 cujus
1169 1747 1218 1777 rei
1245 1746 1443 1777 facultatem
1467 1746 1565 1778 defu-

863 1795 930 1826 isse
962 1796 1186 1827 Demostheni
1214 1795 1372 1834 credunt,
1407 1796 1564 1828 Ciceroni

863 1845 1011 1876 modum.
1029 1846 1172 1877 Tor-rent.
1210 1846 1392 1877 Ridiculum
1406 1847 1488 1887 acri]
1503 1847 1523 1879 J
1529 1857 1564 1878 o-

863 1904 923 1925 cus
940 1895 1108 1926 interdum
1134 1896 1210 1936 plus
1238 1896 1330 1926 valet
1356 1905 1454 1936 quam
1478 1897 1563 1928 acri-

862 1945 986 1976 monia.
1011 1945 1192 1976 Ridiculum
1215 1945 1282 1975 acri
1307 1945 1436 1976 Fortius
1456 1949 1487 1976 et
1501 1956 1562 1977 me-

862 1994 924 2025 lius
939 2004 1068 2034 magnos
1078 1996 1255 2035 plerumque
1269 1997 1355 2026 secat
1372 2004 1431 2026 res.
1476 1995 1510 2026 H
1514 2005 1563 2027 aec

861 2042 1027 2075 ἆσύστατα
1040 2049 1130 2075 sunt.
1168 2045 1252 2075 Cum
1269 2045 1358 2075 enim
1375 2048 1449 2075 toto
1464 2044 1563 2086 hujus

860 2094 993 2134 Satyrae
1026 2094 1195 2135 principio
1225 2094 1306 2124 nihil
1341 2094 1433 2125 aliud
1471 2099 1563 2134 agat,

860 2154 961 2185 quam
988 2149 1026 2176 ut
1057 2144 1231 2184 ostendat,
1262 2154 1330 2175 non
1357 2145 1440 2175 satis
1471 2155 1561 2186 esse,

859 2194 1005 2225 auditori
1022 2195 1124 2225 risum
1142 2204 1292 2234 movere,
1311 2194 1374 2225 nisi
1391 2195 1492 2226 etiam
1511 2197 1560 2226 vis

858 2248 894 2275 et
908 2244 1092 2275 acrimonia
1107 2245 1253 2276 sermoni
1271 2245 1464 2283 misceatur,
1477 2256 1560 2287 quo-

857 2294 970 2330 modo,
982 2298 1125 2334 repente
1136 2298 1268 2325 mutata
1281 2295 1466 2333 sententia,
1479 2296 1560 2326 ridi-

858 2343 970 2373 culum
986 2344 1092 2374 solnm
1109 2343 1181 2383 jam
1203 2344 1441 2375 commendat?
1485 2346 1559 2385 Ego

858 2396 974 2431 putem
989 2391 1064 2422 haec
1081 2392 1194 2422 omnia
1215 2391 1295 2422 κατὰ
1312 2392 1440 2430 μίμησιν
1454 2403 1473 2423 a
1492 2394 1557 2423 De-

857 2441 979 2472 metrio
995 2445 1030 2471 et
1044 2441 1186 2481 Tigellio
1213 2442 1264 2482 (iu
1285 2443 1344 2472 lios
1370 2444 1458 2473 enim
1483 2443 1555 2474 haec

856 2492 978 2532 Satyra
993 2491 1124 2531 scripta
1140 2491 1210 2531 est)
1230 2491 1352 2522 Lucilii
1370 2491 1557 2524 defensori-

857 2541 918 2572 bus
935 2541 1015 2576 dici,
1030 2550 1136 2582 usque
1154 2542 1194 2571 ad
1212 2542 1290 2572 illa:
1315 2543 1324 2559 ‘
1338 2542 1430 2574 Quos
1443 2551 1555 2584 neque

857 2590 1022 2631 pulcher‚’
1051 2592 1115 2621 &c.
1163 2591 1252 2621 Nam
1280 2601 1355 2621 cum
1384 2591 1494 2623 Poeta
1521 2593 1555 2624 iu

855 2640 976 2681 Satyra
1001 2649 1067 2671 non
1105 2637 1254 2671 facetum
1286 2641 1404 2679 solum,
1429 2643 1486 2673 sed
1519 2649 1555 2674 et

857 2691 1036 2722 vehemens
1061 2699 1100 2721 ac
1119 2690 1243 2721 serium
1260 2691 1430 2722 scribendi
1447 2702 1553 2732 genus

857 2741 1103 2783 requisivisset.
1149 2740 1266 2782 Atqui,
1285 2741 1454 2782 inquiunt,
1473 2743 1554 2774 ridi·

857 2792 933 2822 culo
962 2790 1099 2822 dicendi
1127 2800 1250 2831 genere
1274 2792 1394 2831 saepius
1419 2802 1550 2834 magnae

857 2850 910 2871 res
924 2845 1142 2881 peraguntur,
1152 2850 1251 2882 quam
1264 2841 1352 2873 tristi
1366 2851 1405 2873 ac
1418 2852 1551 2875 severo,
