1904 3216
374 275 495 330 1644μ

375 378 571 417 notavimus,
586 386 610 409 ι,
625 377 690 408 Od.
707 379 756 407 18.
771 375 870 408 facile
883 377 1056 416 inducunt,

374 431 413 457 ut
434 427 474 457 ab
491 436 530 457 eo
545 424 808 457 commendatum
829 425 1054 466 traditumque

374 475 528 515 Augusto
546 475 721 504 Horatium
738 474 927 506 credamus.
967 475 1053 505 Torr.

372 524 551 563 [Undecim
574 523 671 554 codd.
695 533 749 563 ap.
772 524 900 556 Valart.
921 524 989 564 quis
1011 533 1055 554 es·

373 573 461 611 sem.]

415 624 457 651 56
486 622 530 652 Ut
554 622 636 661 veni]
677 621 874 662 Postquam.

372 669 444 709 tim]
466 670 625 700 Sermone
640 671 838 710 interrupto.

415 721 455 748 57
479 719 587 756 Infans
598 718 709 758 pudor]
734 724 742 736 ‘
759 718 926 750 Infantem
949 718 1054 758 pudo-

929 621 1053 660 Singul-

374 765 462 796 rem'
481 771 594 805 vocat,
613 766 712 808 quod,
739 767 855 807 quibus
873 767 978 807 pudor
994 772 1053 798 aut

373 819 481 845 metus
496 814 624 854 incidit,
638 824 702 844 non
723 824 815 845 secus
834 820 933 854 atque
949 815 1053 846 infan-

372 866 424 893 tes
438 863 526 903 loqui
540 867 718 903 nequeant.
739 863 837 894 Unde
852 868 860 881 ‘
877 863 1053 894 infantium

373 912 517 952 linguae'
545 921 606 952 pro
635 911 750 952 ἇφωνίᾳ
772 913 945 942 Lucretius
969 913 1055 943 dixit

374 961 433 990 lib.
447 970 480 991 v.
506 961 645 991 Torrent-
688 960 798 998 Infans
809 962 921 1001 pudor]
938 961 1054 993 Pudor

373 1009 526 1048 elinguis.

414 1061 455 1088 58
481 1059 551 1088 Non
564 1058 634 1098 ego]
661 1059 733 1098 Ego
748 1068 811 1089 non
827 1068 937 1090 narro.

414 1110 456 1138 59
479 1107 677 1147 Satureiano]
697 1108 884 1139 Satureiani
905 1107 999 1138 fundi
1022 1108 1054 1138 in

373 1155 507 1195 Apulia,
537 1165 694 1196 equorum
721 1155 864 1187 fertiles.
911 1155 957 1187 At
978 1157 1055 1187 Ser-

372 1204 445 1234 vius
470 1203 715 1235 Grammaticus
743 1204 868 1244 Georg.
893 1213 933 1235 11.
960 1205 1055 1235 satu-

373 1262 445 1283 rum
458 1253 601 1284 vicinum
616 1253 765 1284 Tarento
779 1253 939 1293 oppidum
951 1252 1055 1284 fuisse

372 1301 489 1341 tradit,
518 1301 605 1332 idem
633 1301 785 1337 fortassis
816 1302 902 1342 quod
930 1302 940 1319 ‘
957 1301 1055 1342 Saty-

373 1349 479 1380 rium'
507 1351 668 1390 Stephani
690 1351 733 1382 de
762 1350 930 1388 Urbibus3
966 1352 1054 1382 unde

372 1396 467 1428 fundi
491 1398 660 1429 Saturiaui
681 1399 714 1429 in
737 1398 870 1438 Apulia.
906 1399 947 1431 P.
963 1399 1055 1430 Nan-

373 1446 446 1476 nius
467 1447 612 1478 Miscell.
628 1456 700 1486 cap.
717 1449 749 1478 4.
777 1448 916 1478 Torreat.
961 1447 1054 1478 Saeu-

372 1495 475 1525 reiano
498 1494 627 1533 caballo]
661 1496 756 1535 Equo
780 1495 812 1525 in
838 1495 1054 1532 Satureianis,

371 1543 406 1573 id
429 1547 491 1582 est,
509 1543 628 1584 Apulis
654 1543 785 1583 pascuis
808 1547 898 1573 nato.
932 1542 1053 1581 [Codd.

373 1601 428 1631 ap.
445 1592 558 1630 Feam,
572 1592 759 1630 Satireiuno,
775 1592 827 1621 vel
844 1591 931 1621 Satri
944 1591 1053 1630 Jano.]

413 1643 455 1670 60
479 1639 667 1679 Respondes]
689 1640 741 1669 Tu
763 1649 782 1669 o
807 1640 979 1670 Maeeenas
1005 1648 1054 1669 re·

373 1687 517 1728 spondes
533 1696 647 1727 pauca.

413 1739 454 1767 64
478 1737 551 1767 Non
563 1734 666 1775 patre]
691 1735 767 1766 Non
794 1734 924 1775 generis
947 1735 1054 1775 splen-

372 1785 469 1823 dore,
484 1785 542 1816 sed
558 1785 635 1815 vitae
652 1784 830 1824 probitate.

414 1837 453 1865 65
470 1832 690 1871 Medion-ribus]
708 1832 806 1862 Vitiis
816 1832 939 1872 parvis.
960 1831 1054 1871 [Vat.

374 1884 470 1914 Rom.
487 1885 518 1914 7.
535 1892 553 1913 a
565 1890 608 1913 m.
624 1891 689 1913 sec.
702 1885 756 1912 aue
772 1891 857 1918 mea;
873 1881 950 1913 Ald.
964 1884 1055 1912 1501.

372 1936 405 1962 αι
421 1930 515 1970 mem]

416 1980 472 2020 [67
510 1980 618 2012 Codd.
654 1989 708 2020 ap.
744 1980 858 2014 Feam,
891 1980 1055 2020 impar-sos.

375 2029 465 2060 Octo
480 2029 578 2059 codd.
594 2038 648 2068 ap.
665 2028 763 2059 eund.
779 2029 862 2058 alius
876 2038 929 2069 ap.
946 2029 1055 2060 Ober-

373 2077 431 2107 lin.
469 2077 582 2107 Zarot.
620 2076 759 2107 Mediol.
793 2078 886 2107 1476.
917 2077 1056 2109 Venett.

374 2127 468 2156 1479.
484 2126 578 2154 1481.
590 2126 681 2154 1490.
703 2124 955 2154 Florent.1482.
975 2124 1054 2156 Ald.

374 2175 468 2203 1501.
491 2172 586 2204 Junt.
617 2174 710 2202 1503.
734 2171 946 2209 reprehendas.
1000 2172 1055 2202 Ita

373 2223 407 2252 S.
432 2220 570 2252 Hieron.
596 2220 703 2259 Epist.
730 2220 772 2250 ad
797 2219 976 2256 Salvinam‚
1001 2224 1053 2252 79.

373 2270 466 2301 Tom.
482 2278 507 2300 1.
521 2269 583 2299 eol.
599 2270 672 2298 502.
687 2267 741 2298 ed.
756 2267 895 2306 Verum]

416 2321 458 2349 68
481 2319 526 2348 Ac
542 2315 621 2347 mdia
641 2315 754 2355 lustra]
779 2316 978 2356 Lupanaria,
991 2315 1055 2347 for-

376 2368 481 2398 uices.

415 2419 457 2448 69
479 2417 584 2447 Purus
604 2417 634 2446 et
655 2415 770 2455 insons]
790 2413 826 2445 Si
849 2413 923 2445 vivo
949 2415 1056 2446 animo

375 2475 459 2507 puro
474 2470 509 2496 et
524 2465 593 2496 vita
607 2464 752 2503 integra.

417 2518 456 2545 71
475 2512 665 2552 Causasuz't]
682 2512 809 2544 Harum
827 2513 986 2544 virtutum
999 2522 1056 2554 pa-

376 2568 428 2594 ter
442 2563 520 2594 milii
535 2571 637 2592 causa
651 2560 728 2592 fuit.

416 2614 458 2643 ⁷2
481 2610 570 2642 Ftavs
596 2610 714 2650 ludum]
746 2609 787 2640 In
814 2609 925 2641 ludum
949 2610 1056 2641 Flavii

377 2659 602 2697 calculatoris,
614 2659 670 2699 qui
684 2663 788 2690 artem
801 2658 1056 2690 Arithmeticam

376 2708 530 2738 docebat.
562 2708 675 2746 Magni
689 2717 747 2747 quo
759 2707 862 2747 pueri]
877 2708 962 2739 Haec
977 2707 1056 2748 εἴρω-

377 2758 463 2788 νικῶς
479 2756 674 2796 accipienda
689 2761 765 2788 sunt
779 2767 788 2795 3
813 2757 906 2798 quasi
922 2757 1056 2789 minime

826 285 962 315 NOTAE
994 284 1252 317 VARIORUM
1287 288 1337 318 IN

1103 379 1231 417 magni:
1262 379 1339 419 quia
1367 379 1446 410 nihil
1475 383 1527 411 est
1555 383 1622 411 tam
1651 384 1782 421 angusti

1103 426 1201 458 animi
1218 438 1315 468 quam
1331 437 1441 459 amare
1455 428 1596 460 divitias.
1622 429 1785 470 Cmqm'toe.

1102 475 1231 516 Magni]
1263 477 1396 517 Magnis
1415 478 1562 516 patribus
1578 478 1658 509 nati.

1145 527 1184 555 74
1206 526 1298 556 Loevo
1313 526 1448 565 suspensi
1461 525 1584 565 loculos]
1605 525 1731 557 Locutus
1745 529 1783 558 ac

1103 575 1234 606 tabulam
1251 576 1361 615 pueris
1380 575 1582 616 supputandi
1598 579 1703 607 artem
1719 577 1784 607 dis-

1104 622 1255 654 centibus
1281 624 1416 663 tribuit3
1439 628 1475 654 ut
1503 624 1616 655 thecas
1642 625 1783 655 calama-

1103 671 1168 702 rias
1189 680 1228 702 ac
1248 672 1450 712 graphiarias
1464 673 1701 704 Grammatieae
1717 676 1784 704 stu-

1103 719 1215 759 diosis,
1226 720 1363 752 Sueton.
1375 721 1519 752 Turneb.
1530 730 1581 752 lv.
1595 724 1626 752 9.
1645 723 1785 753 Torreat.

1103 768 1248 808 Suspensi
1277 770 1401 809 loculos]
1447 769 1621 800 Habentes
1657 771 1785 802 loculos

1103 825 1288 857 suspensos.
1336 818 1549 859 Tabulamque]
1576 819 1616 849 In
1645 829 1711 860 qua
1733 823 1785 851 ta-

1102 865 1180 896 bula
1195 875 1367 897 numerare
1383 867 1525 898 discunt.
1777 878 1779 881 ·

1144 916 1183 944 75
1216 914 1343 944 Octonis
1377 915 1543 951 referentes
1570 915 1676 946 Idibus
1703 915 1782 954 oera]

1103 961 1170 992 Hic
1186 961 1365 1001 ambigitur
1380 962 1422 992 de
1437 963 1585 1002 magistri
1602 964 1784 1004 stipendio,

1104 1019 1145 1040 an
1169 1010 1209 1040 de
1230 1009 1359 1041 fenebri
1382 1011 1491 1050 potius
1514 1012 1657 1050 pecunia
1672 1012 1785 1052 loqua-

1104 1063 1171 1088 tur.
1214 1059 1286 1097 Ego
1301 1058 1344 1089 de
1358 1057 1487 1089 fenebri
1509 1059 1649 1099 pecunia
1663 1058 1787 1091 intelli-

1104 1115 1183 1145 gere
1198 1107 1306 1137 malim
1318 1117 1329 1138 ι
1351 1106 1394 1137 de
1408 1107 1520 1146 pueris
1536 1106 1624 1138 enim
1639 1108 1710 1148 jam
1735 1117 1786 1140 ro-

1105 1154 1309 1185 bustioribus
1334 1158 1368 1186 et
1394 1154 1515 1186 adultis
1537 1155 1607 1195 agit
1627 1156 1660 1187 in
1676 1156 1785 1197 Epist.

1105 1203 1146 1233 ad
1171 1203 1332 1241 Pisoues;
1365 1204 1374 1220 ‘
1393 1203 1530 1234 Romani
1559 1203 1652 1243 pueri
1679 1204 1785 1244 longis

1105 1251 1287 1282 rationibus
1313 1261 1420 1283 assem
1446 1253 1591 1283 Discunt
1615 1252 1648 1283 in
1672 1258 1784 1292 partes

1104 1304 1235 1331 centum
1252 1300 1431 1332 diducere!
1467 1301 1511 1332 Et
1527 1301 1647 1342 alioqui
1668 1301 1785 1334 Gram-

1104 1349 1217 1380 matici
1240 1359 1380 1389 merces,
1401 1350 1489 1390 apud
1510 1351 1707 1382 Juvenalem
1729 1361 1785 1382 ex-

1105 1402 1200 1428 trem.
1228 1398 1347 1438 Satyra
1370 1407 1432 1429 vn.
1458 1407 1579 1436 annua,
1602 1407 1668 1429 non
1694 1408 1786 1430 mens·

1104 1450 1195 1476 strua
1211 1452 1283 1477 est:
1309 1447 1317 1463 ‘
1335 1447 1380 1477 Et
1403 1455 1479 1476 cum
1504 1456 1542 1478 se·
1567 1447 1706 1478 verterit
1728 1457 1785 1478 an-

1104 1504 1175 1532 nus,
1206 1495 1333 1535 Accipe
1363 1497 1483 1527 victori
1523 1497 1666 1536 populus
1696 1497 1785 1536 quod

1103 1544 1251 1583 postulat
1282 1543 1422 1574 aurum.²
1465 1545 1600 1575 Torreat.
1659 1545 1786 1575 omnis

1102 1591 1282 1632 referentes]
1313 1591 1428 1622 Idibus
1450 1601 1588 1632 quorum
1611 1597 1686 1624 octo
1709 1598 1786 1625 sunt

1104 1639 1187 1669 dies.
1217 1639 1309 1678 AEra]
1326 1640 1520 1671 Mercedem
1539 1641 1653 1671 Flavio
1671 1650 1785 1672 nume-

1105 1687 1200 1717 randi
1215 1688 1373 1726 magistro
1388 1687 1510 1718 datam.
1555 1687 1677 1728 [Idibus
1689 1698 1785 1721 assem

1105 1734 1180 1765 Vat.
1211 1735 1305 1765 Rom.
1336 1737 1366 1766 1.
1394 1744 1413 1766 a
1433 1745 1477 1767 m.
1503 1745 1569 1768 sec.
1596 1745 1639 1768 ex
1663 1737 1786 1777 glosse-

1104 1785 1224 1824 n1ate.]

1145 1836 1188 1864 76
1209 1834 1271 1864 Sed
1292 1835 1434 1875 puerum]
1465 1835 1530 1866 Sed
1555 1844 1606 1866 me
1635 1844 1786 1876 puerum.

1105 1882 1252 1922 Portare]
1276 1883 1422 1923 Propter
1437 1888 1584 1915 teneram
1599 1889 1745 1918 aetatem.

1147 1932 1188 1960 78
1211 1931 1310 1962 Semel
1321 1933 1504 1972 prognatos]
1529 1933 1629 1963 Filios
1645 1934 1696 1964 vel
1711 1943 1787 1974 pro-

1105 1986 1244 2022 nepotes
1259 1991 1345 2014 suos.
1375 1983 1495 2014 Vestem
1505 1983 1676 2024 servosque]
1691 1983 1785 2015 Adeo

1107 2035 1143 2061 ut
1159 2031 1187 2060 si
1203 2031 1274 2071 quis
1290 2031 1446 2063 vestitum
1461 2037 1494 2063 et
1509 2032 1702 2064 comitatum
1717 2041 1785 2064 me-

1106 2087 1160 2108 um
1176 2079 1209 2109 in
1227 2080 1325 2109 turba
1341 2080 1489 2112 vidisset.

1146 2130 1188 2157 79
1209 2127 1306 2158 Avito
1323 2138 1362 2158 ex
1381 2129 1431 2167 re]
1454 2129 1494 2158 Id
1511 2133 1576 2167 est,
1591 2129 1729 2168 perinde
1745 2140 1784 2161 ac

1105 2174 1131 2204 si
1159 2174 1201 2204 ab
1224 2174 1292 2205 avis
1315 2176 1513 2215 proavisque
1537 2176 1570 2207 id
1594 2177 1784 2216 patrimonii

1106 2223 1261 2254 venisset.
1304 2223 1359 2255 Sic
1380 2223 1472 2255 avitae
1493 2234 1573 2264 opes,
1585 2226 1670 2257 avita
1684 2230 1718 2257 et
1729 2236 1784 2266 pa-

1104 2272 1167 2302 tria
1195 2281 1244 2302 res
1273 2272 1362 2312 apud
1393 2272 1601 2312 Ciceronem,
1630 2278 1664 2305 et
1691 2275 1785 2306 alios.

1107 2322 1245 2353 Tor-rent.
1296 2322 1406 2362 Avito]
1435 2323 1487 2353 Ex
1513 2323 1602 2354 avito
1629 2324 1783 2364 patrimo-

1103 2379 1170 2400 nio.

1146 2420 1183 2448 81
1209 2418 1279 2458 Ipse
1294 2418 1370 2449 mihi
1384 2418 1498 2459 custos]
1520 2419 1626 2452 Pater
1639 2429 1743 2454 meus.

1145 2469 1186 2496 82
1207 2466 1374 2506 Pudicam]
1396 2467 1644 2502 Verecundum.

1146 2517 1185 2546 84
1211 2515 1395 2556 Opprobrio]
1419 2516 1625 2550 Vocabulum
1642 2518 1785 2551 Horatio

1105 2564 1258 2602 amicum,
1286 2573 1346 2604 pro
1372 2565 1507 2605 objecto
1533 2566 1630 2598 alicui
1654 2568 1786 2609 probro,

1104 2613 1246 2644 necdum
1277 2612 1431 2653 probato,
1459 2615 1545 2654 quod
1575 2615 1699 2648 factum
1726 2620 1784 2649 aut

1104 2661 1314 2692 commissum
1333 2661 1388 2692 sit.
1433 2663 1442 2680 ‘
1458 2663 1683 2703 Obprobrium
1696 2665 1707 2680 '
1726 2675 1781 2697 au-

1105 2715 1173 2741 tem
1197 2709 1345 2741 scribunt
1367 2712 1590 2751 antiquissimi
1616 2714 1692 2745 libri
1713 2723 1780 2745 om-

1104 2769 1174 2791 nes.
1197 2760 1334 2790 Torreat.
1381 2760 1564 2801 opprobrio]
1588 2761 1780 2794 Maledicte.
