1930 3204
501 286 708 318 nonu-11
742 286 1014 320 σΑιιΜιΝυΜ
1049 290 1145 320 mn.
1177 290 1243 321 ιν.
1271 281 1315 322 6.

179 377 299 417 Agrea,
326 381 363 411 et
387 379 490 421 Agens,
515 384 551 412 et
573 380 702 420 Agim,
723 383 761 411 et
785 379 877 421 qnod

181 430 296 469 placet
311 430 437 472 Agyieu
462 432 624 472 scriptum
647 431 771 471 reperi,
786 439 877 462 eam·

180 488 247 519 que
261 479 442 511 lectionem
459 489 572 512 veram
587 489 660 511 esse
675 478 754 512 Pet.
775 476 877 511 Bem-

179 527 243 560 bus
259 529 293 560 iu
309 530 462 561 Culicem
475 530 568 571 Virg.
583 529 727 561 monuit.
752 529 876 562 Dictus

180 581 295 610 antem
318 578 511 620 ‘Agyieus'
534 578 671 620 Apollo,
695 579 787 620 quod
813 581 876 612 viis

180 628 320 667 presit:
343 628 387 659 de
408 638 474 670 quo
497 628 626 660 omissis
651 628 783 660 Graecis
799 629 876 661 Ma-

179 676 331 709 crobium
345 678 486 710 Saturn.
501 687 526 710 1.
541 678 733 710 audiamus:
750 680 760 698 ⁸
771 678 876 720 Apud

179 726 322 759 Graecos
335 728 458 769 Apollo
473 729 608 766 colitur,
621 730 677 770 qui
689 731 810 771 θυραῖος
819 741 876 764 vo-

178 781 290 818 catur,
320 777 462 818 ejusque
487 788 562 810 aras
590 784 670 811 ante
686 779 774 811 fores
789 782 876 813 cele-

177 823 290 865 brant,
310 825 420 866 ipsum
446 827 558 858 exitus
584 834 620 860 et
643 829 803 861 introitus
818 830 877 862 de·

175 877 406 907 monstrantes
423 881 610 917 potentem.
640 878 738 910 Idem
752 879 876 920 Apollo

177 923 267 963 apud
306 923 383 956 illos
412 931 448 957 et
481 927 620 966 Ἀγυιεὺς
650 933 879 970 nuncupatur,

175 974 271 1014 quasi
297 974 360 1006 viis
386 978 592 1018 praepositus
618 978 768 1010 urbanis.
819 979 876 1011 Illi

175 1023 265 1054 euim
281 1024 366 1066 vias,
387 1035 463 1067 quae
491 1027 581 1059 intra
605 1029 768 1069 pomoeria
783 1035 874 1070 sunt,

176 1073 286 1113 ἀγυιὰς
301 1077 498 1116 appellant!
514 1078 662 1110 Torreat.
708 1079 875 1120 Cruqnius

176 1124 354 1164 tegendum
367 1131 486 1158 censet
501 1127 655 1169 Agyllea.-
678 1139 752 1160 nam
772 1129 873 1171 Agyl-

174 1173 248 1204 leus
263 1178 317 1206 est
332 1175 489 1215 villanus,
504 1178 582 1218 quia
596 1178 628 1209 in
641 1179 731 1210 villis
744 1183 779 1210 et
792 1180 874 1211 vicis

176 1222 301 1264 Apollo
311 1234 472 1266 responsa
483 1227 598 1260 dabat.
623 1229 728 1260 Laris
734 1229 876 1270 Agyieu]

176 1271 345 1305 Imberbis
364 1274 498 1315 Apollo,
521 1277 576 1317 qui
592 1277 778 1317 ‘Agyieus'
794 1279 875 1311 dici-

176 1326 244 1362 tur,
265 1333 307 1355 eo
329 1324 418 1364 quod
444 1325 478 1355 iu
499 1326 560 1356 viis
576 1327 723 1367 publicis
739 1328 770 1359 ei
786 1329 874 1360 sole·

174 1371 258 1404 bant
271 1372 476 1406 sacrificare.

215 1423 260 1452 29
279 1421 436 1462 Spiritum
447 1422 600 1464 Pkoebus]
627 1424 711 1456 Cum
727 1426 873 1466 spiritam

172 1469 270 1511 dicit,
290 1470 438 1503 indolem
454 1472 543 1503 illam
561 1473 729 1514 poeticam
745 1475 872 1516 signiti-

174 1525 254 1553 cat:
278 1530 354 1553 cum
369 1525 483 1562 artem,
506 1522 539 1554 id
556 1524 647 1564 quod
665 1523 821 1556 doctrina
837 1530 873 1557 et

174 1571 426 1604 exercitatione
453 1574 669 1614 acquirimus.
732 1575 872 1606 Utrum-

173 1631 239 1664 que
255 1632 336 1654 vero
352 1622 504 1664 Apollini
524 1629 703 1665 acceptum
719 1624 800 1665 fert,
822 1627 872 1658 uti

173 1677 209 1704 et
223 1672 336 1714 poiitae
352 1672 496 1706 famam:
521 1683 576 1714 ne,
599 1675 627 1705 si
649 1675 708 1706 illa
732 1676 797 1706 sibi
813 1676 872 1707 tri-

172 1721 270 1763 buat,
290 1732 356 1754 uua
379 1732 455 1754 cum
478 1723 591 1755 Niobe
607 1724 710 1754 divini
727 1725 872 1755 numinis

172 1771 259 1803 iram
289 1777 463 1812 provocet.
501 1772 646 1803 Torrent.
701 1772 871 1813 Spiritum]

174 1819 338 1852 Divinum
354 1820 517 1852 furorem.

218 1872 259 1901 31
282 1869 447 1909 Virginum
459 1870 586 1910 primae]
604 1870 873 1903 Clarissimorum

176 1919 299 1952 civium
315 1919 400 1951 filias
423 1920 602 1960 intelligit:
630 1920 754 1961 quibus
769 1921 873 1952 etiam

174 1969 275 2000 claris
297 1973 390 2000 ortos
417 1969 570 2009 patribus
594 1969 679 2000 filios
705 1969 872 2010 adjungit.

176 2019 264 2051 Nam
282 2024 335 2050 ter
346 2028 469 2050 novem
485 2019 580 2059 pueri
597 2020 810 2060 praetextati,
823 2025 873 2051 to-

173 2069 349 2110 tidemque
366 2069 527 2109 virgines,
545 2069 681 2109 patrimi
699 2079 739 2100 ac
755 2070 872 2100 matri-

172 2120 229 2159 mi,
253 2119 380 2152 Graeca
406 2119 599 2160 Latinaque
622 2128 706 2150 voce
722 2119 872 2150 carmina

172 2168 322 2210 Apollini
354 2174 390 2200 et
415 2169 535 2200 Diauae
563 2169 803 2209 concinebant,
830 2179 871 2201 ac

171 2229 242 2251 rem
253 2221 438 2252 Romanam
448 2219 513 2251 diis
523 2219 768 2251 immortalibus
779 2229 870 2251 com-

171 2269 402 2308 mendabant3
424 2274 462 2301 ut
488 2273 568 2301 ante
594 2269 736 2301 vidimus
753 2279 779 2302 1.
801 2270 869 2302 Od.

171 2322 225 2351 21.
261 2319 272 2337 ‘
294 2319 469 2351 Intonsum
501 2320 598 2360 pueri
635 2319 742 2351 dicite
780 2321 871 2361 Cyn-

172 2368 302 2399 tlrium.’
318 2369 462 2400 Torreat.
506 2369 638 2408 Primae,
648 2370 796 2409 puerique
808 2371 872 2401 cla-

172 2416 237 2456 ris]
260 2417 436 2448 Primariae
453 2422 489 2448 et
504 2417 646 2449 nobiles.

218 2468 277 2508 [32
299 2467 460 2498 Mun-ibus
474 2467 537 2498 orti
561 2467 662 2500 codd.
681 2477 734 2509 ap.
757 2467 871 2501 Jaeck

174 2520 211 2548 et
229 2515 366 2556 Boura]

215 2569 257 2598 33
282 2566 385 2598 Detiae
400 2565 513 2606 tutela]
546 2566 599 2598 An
623 2567 656 2597 in
677 2567 800 2598 Dianae
819 2572 871 2600 tu-

174 2617 246 2648 tela
261 2616 362 2647 etiam
376 2617 471 2656 pneri
484 2615 604 2647 fuere?
621 2617 764 2648 Dianam
777 2623 871 2649 certe

174 2671 210 2698 et
226 2665 415 2697 educendis
431 2665 463 2696 in
486 2667 597 2697 lucem
623 2671 659 2697 et
682 2667 871 2699 nutriendis

175 2715 324 2756 prolibus
351 2714 519 2755 profuisse
545 2721 626 2747 ante
651 2717 870 2749 ostendimus.

175 2765 317 2804 fugaces
333 2770 434 2797 vocat
447 2765 489 2797 ad
503 2764 620 2806 fugam
635 2767 776 2798 celeres.
796 2767 872 2798 Tor-

174 2818 255 2847 rent.
301 2815 410 2847 Tutela
424 2815 504 2848 Deae
519 2816 669 2857 sagaces]
705 2817 770 2850 Qui
790 2817 870 2849 estis

1513 285 1533 325 'l
1542 278 1626 327 511

926 380 990 412 sub
1007 371 1224 421 protectione
1241 381 1371 414 Dianae.

968 433 1010 463 34
1037 431 1233 472 eonibentia]
1253 431 1383 472 Fugam
1399 432 1552 474 cohibet,
1568 437 1625 476 qui

918 479 1046 521 jaculis
1070 481 1155 513 fixos
1180 487 1392 514 remoratur:
1417 489 1456 515 ut
1471 486 1626 517 venatrix

924 530 981 562 illa
996 536 1031 562 et
1048 532 1249 572 pharetrata
1261 536 1297 563 et
1306 532 1492 573 jaculatrix
1505 534 1628 566 Diana.

927 579 1070 613 Torreat.
1128 581 1310 613 Cohibentis
1338 581 1429 623 arcu]
1464 583 1626 625 Compre-

923 629 1116 671 hendentis,
1137 635 1174 662 et
1197 631 1407 663 vulnerantis
1434 633 1566 675 lyncas,
1590 638 1627 666 et

925 688 1058 712 cervos,

967 733 1008 761 85
1031 730 1177 762 Lesbium
1189 735 1310 764 servate
1322 733 1442 774 pedem,
1455 733 1526 774 ὅκῃ]
1540 734 1625 775 Sap-

925 779 1059 820 phicum
1086 779 1222 821 pedem.
1281 781 1371 812 Nam
1397 781 1535 824 Sappho
1560 782 1626 815 fuit

924 830 1059 862 Lesbia.

967 882 1010 912 ³6
1043 881 1175 912 Pollicis
1202 881 1314 922 ictam]
1352 882 1626 916 Modulatiouem

925 929 1039 970 Lyrici
1064 931 1236 962 carminis.
1282 931 1381 964 Quod
1404 931 1501 969 dicit,
1529 934 1625 975 quasi

924 977 1030 1019 lyram
1046 979 1151 1019 ipsam
1174 981 1357 1020 percutiat.
1380 980 1530 1022 Stephon.
1576 983 1625 1014 lc-

924 1027 1005 1068 tam]
1030 1030 1127 1069 Lyrae
1144 1039 1228 1061 meae
1246 1031 1438 1071 strepitum.

967 1079 1007 1109 37
1032 1078 1109 1109 Rite
1126 1078 1274 1119 Latonoe]
1292 1080 1343 1110 Ex
1360 1083 1514 1112 veterum
1529 1080 1627 1113 insti-

924 1130 1012 1165 tuto,
1035 1132 1071 1158 et
1091 1128 1221 1159 solenni
1237 1129 1485 1162 consuetudine
1501 1139 1628 1164 canen-

925 1180 976 1207 tes
992 1175 1186 1216 Apollinem
1208 1178 1344 1209 Latonae
1361 1178 1476 1212 fllium.

966 1227 1008 1256 38
1023 1225 1122 1267 Face]
1140 1227 1361 1259 Crescentem
1377 1228 1515 1262 lumine.
1540 1231 1627 1263 Noc·

923 1274 1033 1315 lilaea]
1067 1275 1267 1307 Graecorum
1296 1279 1466 1317 expressit
1492 1280 1626 1320 epithe-

923 1330 995 1354 tum
1017 1325 1239 1363 νυκτιλαμπὴς,
1263 1326 1354 1366 quod
1384 1327 1541 1359 Muretus
1564 1329 1626 1360 ad-

921 1373 1065 1404 monuit.
1110 1374 1176 1404 Sed
1196 1375 1363 1406 Noctiluca
1377 1377 1468 1416 apud
1486 1377 1624 1410 Latinos

923 1421 1028 1460 ipsius
1046 1422 1151 1453 Lunae
1169 1431 1289 1454 nomen
1302 1424 1428 1464 potius,
1440 1435 1538 1466 quam
1551 1427 1626 1468 epi·

923 1471 1055 1502 thetum
1084 1477 1150 1503 est.
1195 1472 1285 1504 Vide
1310 1473 1464 1506 anneb.
1491 1479 1624 1508 xx.85.

925 1521 1070 1552 Torreat.
1085 1546 1092 1551 .
1117 1521 1328 1562 Noctilucam]
1363 1522 1494 1555 Lunam
1521 1530 1623 1557 nocte

921 1570 1105 1607 lucentem,
1150 1581 1227 1612 quae
1271 1572 1414 1613 singulis
1450 1575 1624 1608 mensibus

922 1621 1049 1652 crescit
1062 1626 1098 1652 et
1111 1620 1291 1653 decrescit.
1338 1621 1536 1665 [Bamberg.
1553 1635 1623 1657 noc-

920 1670 1050 1711 tilucm]

963 1722 1007 1750 39
1029 1719 1219 1759 Prosperam
1227 1719 1378 1759 frugum]
1402 1720 1489 1752 Quae
1505 1721 1623 1762 fruges

923 1776 1114 1809 prosperat.
1171 1771 1372 1802 Nocturnus
1402 1771 1490 1802 enim
1517 1772 1622 1805 Lunae

922 1819 1044 1850 humor
1059 1820 1112 1850 vel
1133 1820 1279 1851 maxime
1294 1819 1409 1861 fruges
1424 1821 1496 1852 alit.
1543 1822 1623 1854 Pro-

921 1879 1043 1909 speram
1066 1868 1215 1908 frugum]
1251 1871 1347 1901 Luna
1376 1871 1555 1910 plantandi
1588 1878 1625 1904 et

923 1919 1107 1959 vegetandi
1124 1919 1188 1949 vim
1206 1919 1320 1959 habet,
1343 1929 1472 1961 suoque
1488 1925 1625 1953 noctur-

922 1977 966 1999 no
989 1968 1127 1999 humore
1150 1967 1264 2009 fruges
1288 1975 1482 2010 prosperat.
1529 1971 1624 2003 Nota

922 2018 1011 2059 quod
1036 2018 1247 2059 adJectivum
1265 2018 1402 2050 verbale
1417 2030 1493 2052 cum
1510 2022 1623 2062 patrio

921 2077 1003 2098 casu
1032 2067 1201 2108 jungitur.
1266 2069 1464 2109 Celeremque
1497 2070 1625 2110 pronos]

922 2117 1078 2148 Celerem
1094 2117 1136 2148 ad
1152 2117 1336 2148 volvendos
1353 2127 1497 2150 menses.
1534 2121 1624 2151 Nam

919 2167 1017 2198 Luna
1032 2170 1084 2199 18.
1104 2167 1244 2199 circiter
1259 2167 1380 2199 diebus
1394 2169 1511 2201 orbem
1525 2179 1623 2202 suum

920 2216 1070 2249 conficit.

962 2269 1002 2298 41
1029 2267 1139 2307 Nupta
1153 2266 1224 2306 jam
1238 2267 1334 2307 dices,
1349 2268 1419 2307 Ego
1434 2268 1511 2309 Dis]
1537 2270 1621 2301 Cum

919 2315 1026 2348 fueris
1041 2321 1162 2356 nupta,
1175 2316 1239 2348 hoc
1257 2316 1373 2348 dices:
1397 2318 1486 2357 Ego,
1500 2318 1621 2350 docilis

919 2365 1095 2396 modorum
1111 2365 1198 2396 vatis
1214 2366 1363 2401 Horatii,
1389 2367 1523 2398 reddidi
1547 2377 1622 2399 car-

920 2423 997 2446 men
1015 2415 1159 2445 amicum
1185 2415 1276 2451 Diis,
1299 2416 1427 2447 saeculo
1449 2416 1622 2448 referente

921 2463 1028 2495 festas
1053 2463 1157 2495 luces.
1201 2463 1314 2496 Poeta
1330 2475 1431 2496 unam
1454 2475 1474 2496 e
1500 2467 1622 2506 puellis

921 2514 1104 2555 alloquitur
1115 2514 1263 2545 omnium
1278 2516 1424 2546 nomine.
1461 2516 1622 2557 Amicum]

921 2564 1068 2596 Carmen
1086 2564 1164 2594 Diis
1181 2569 1327 2603 gratnm,
1344 2569 1380 2595 et
1397 2565 1557 2596 amabile.

963 2616 1005 2645 42
1028 2612 1148 2644 Saecuto
1160 2611 1280 2652 festas]
1317 2612 1418 2644 Anno
1432 2614 1622 2679 centesimo

921 2662 1027 2695 festos
1042 2662 1115 2694 dies
1131 2661 1313 2693 referente.

962 2716 1004 2745 43
1024 2712 1161 2745 Reddidi
1173 2711 1311 2752 carmen]
1332 2712 1419 2753 Ego,
1431 2721 1507 2754 quae
1520 2712 1622 2746 facile

921 2765 1024 2797 didici
1042 2773 1159 2795 versus
1177 2763 1396 2803 Horatianos,
1410 2762 1548 2796 eosdem
1565 2774 1622 2797 ce.

921 2815 989 2848 ciui
1009 2818 1045 2847 et
1061 2813 1214 2846 recitavi.
