1930 3204
369 242 477 283 1528

368 343 515 384 Aufidus]
553 341 702 381 Aufidus,
727 341 884 381 Appuliae
920 341 1051 381 fluvius,

816 250 952 281 NO'rAE
986 250 1238 281 VARtoRUM
1274 251 1323 280 ΙΝ

1097 341 1231 373 Actium
1249 351 1295 373 ιν.
1309 342 1395 373 Non.
1412 342 1600 382 septembr.
1618 342 1658 374 A.
1674 343 1774 382 (Le,

370 392 492 424 dicitur
506 390 736 425 Tauriformis,
753 395 890 430 propter
907 391 977 430 ejus
992 391 1051 422 im·
1095 392 1169 422 723.
1185 391 1243 420 sed
1259 400 1323 431 qno
1338 391 1506 431 sequentis
1518 391 1595 421 anni
1606 390 1661 422 die
1672 383 1778 427 Alex-⁴,
1804 392 1808 396 ”

368 445 485 482 petum
507 445 542 471 et
557 439 730 478 mugitum,
754 439 818 474 vel,
834 439 921 479 quod
939 439 1050 470 imbri-

366 490 429 523 bus
445 495 571 528 auctns‚
583 489 704 520 relicto
714 498 773 520 suo
785 489 894 524 alveo.
903 490 1051 520 exunda-

367 538 426 570 bat
443 539 576 577 saepius,
723 565 725 568 Α

409 590 453 619 26
474 587 596 626 Dauni]
611 587 720 619 Dauni
733 586 939 627 Appulorum
954 586 1052 626 regis.

368 636 532 676 Froefluit]
555 637 611 666 Sic
622 637 653 666 in
669 636 821 666 omnibus
837 635 980 666 melioris
996 644 1052 664 no-

369 688 417 715 1ae
434 684 526 714 libris
541 684 701 723 scriptum
718 684 867 724 repperi,
882 689 919 714 ut
935 688 971 714 et
986 682 1052 714 Od.

375 734 407 764 ⁸.
422 733 519 772 hujus
535 732 608 762 libri
626 735 866 764 annotavimus.

411 783 452 812 27
478 781 581 815 Quum
595 780 701 820 soevit]
721 781 803 812 Cum
827 790 900 811 eum
921 779 1053 810 auxerit

369 829 517 861 coelestis
533 829 647 860 imber.
677 823 679 825 ’

410 880 452 910 28
489 878 650 909 Diluvium
679 877 854 917 minitatur]
884 877 1054 907 Minitalm·

368 935 431 966 pro
445 926 612 956 meditatur
626 926 832 965 magistellos
858 925 975 965 aliquis
997 925 1054 955 ad-

369 968 516 1014 scripsit.
560 977 672 1008 Quare
689 986 751 1007 non
767 981 819 1007 est
840 977 928 1016 quod
947 976 1055 1007 Nonio

367 1029 520 1061 auctore,
534 1025 591 1064 qui
615 1030 652 1055 et
676 1025 747 1063 ipse
762 1023 902 1055 forsitan
918 1034 1054 1064 corrup·

369 1076 421 1102 tus
447 1076 511 1106 est,
547 1072 830 1110 elegantissimum
858 1073 1056 1106 vocabulum

369 1120 443 1151 loco
473 1129 682 1150 moveamus:
714 1121 761 1150 sic
785 1120 874 1151 enim
900 1120 1056 1161 princeps

366 1167 571 1199 Poetarum:
597 1170 606 1186 ⁶
619 1169 692 1199 Nec
711 1169 813 1208 lupus
836 1168 972 1199 insidias
998 1178 1056 1209 pe-

369 1217 453 1255 cori,
480 1226 542 1247 nec
572 1217 659 1247 retia
694 1218 804 1248 cervis
831 1217 910 1248 Ulla
945 1216 1055 1248 dolum

368 1265 597 1297 meditantur!
623 1266 712 1297 Tor-r.
755 1265 930 1301 Medicam·
954 1265 1056 1305 agris]

370 1314 526 1354 Metaph.
548 1319 599 1345 est
618 1324 637 1344 a
653 1324 689 1344 re
715 1315 860 1344 animata
883 1314 924 1344 ad
953 1314 1057 1344 inani—

368 1367 491 1394 matam
509 1373 517 1393 :
543 1363 597 1392 alii
622 1363 738 1402 legunt
752 1363 925 1393 minitatur.

413 1414 456 1442 29
481 1411 643 1451 Claudius]
665 1411 817 1442 Tiberius
834 1412 938 1442 Nero.

409 1462 451 1490 80
475 1460 604 1490 Ferrato
619 1459 719 1499 vasto]
747 1458 896 1500 ,Agmina
912 1458 1003 1491 ferro
1019 1464 1055 1492 et

374 1509 476 1555 armis
490 1509 629 1540 munita.

411 1561 451 1589 ³1
490 1557 682 1597 Primusque]
704 1558 822 1589 Totam
851 1557 964 1589 Asiam
989 1567 1056 1589 cae-

369 1606 491 1638 dendo.
525 1607 582 1637 Sic
599 1607 690 1646 Virg.
717 1606 728 1623 ‘
741 1607 900 1638 Proxima
915 1615 1057 1647 quaeqne

371 1655 470 1686 metit
487 1653 622 1692 gladio.⁹

411 1704 452 1733 32
474 1702 597 1733 Stravit
621 1702 758 1742 humum]
781 1702 890 1734 Nemo
914 1703 1059 1742 dubitet,

373 1752 452 1792 quin
482 1752 530 1782 ita
554 1751 764 1782 scribendum
787 1753 842 1788 sit,
866 1762 931 1784 non
956 1753 1058 1783 humi:

369 1807 409 1834 ut
447 1802 456 1818 ‘
475 1800 636 1832 Sternere
672 1801 806 1832 humum
841 1800 951 1842 foliis,'
993 1803 1058 1832 &m

371 1850 494 1882 Stravit
517 1849 654 1890 humum]
677 1850 823 1890 Operuit
845 1852 977 1882 humum
994 1851 1059 1882 vic-

373 1904 439 1937 tor,
456 1899 526 1930 sine
539 1900 607 1930 una
619 1908 751 1929 suorum
767 1900 905 1931 militum
915 1900 1060 1940 jactura.

373 1947 585 1987 [Markland.
617 1957 671 1988 ap.
695 1946 817 1983 Jaeck,
848 1948 914 1979 eine
944 1948 1060 1985 fraude

371 1996 500 2036 micton]

416 2047 457 2075 33
482 2045 525 2075 Te
544 2044 661 2084 copias]
684 2044 892 2075 Pulcerrime
923 2053 1060 2084 expres-

373 2092 429 2127 sit,
443 2092 522 2132 qnid
534 2092 576 2122 sit
593 2092 729 2122 alterins
740 2091 897 2131 auspiciis
915 2093 1059 2123 vincere.

374 2139 636 2180 Notandnmque
657 2140 735 2179 jure
764 2139 901 2179 antiqno
925 2140 1058 2170 militari

372 2199 478 2232 penes
509 2190 614 2220 solum
644 2188 885 2228 Imperatorem
909 2188 1061 2228 auspicia

373 2239 490 2272 fuisse.
505 2239 618 2271 Quare
632 2242 669 2269 et
683 2238 756 2277 ejus
768 2236 938 2276 auspiciis,
948 2246 1062 2277 quam·

374 2298 473 2331 quam
501 2288 618 2319 absens
644 2292 744 2324 esset,
769 2286 856 2316 bella
876 2286 947 2324 geri
969 2285 1061 2316 dice-

371 2338 510 2373 bantur.
551 2337 649 2368 Bella
674 2344 755 2375 ergo
776 2335 895 2374 legatis
909 2335 1062 2366 commit-

371 2391 461 2425 tere,
475 2387 536 2417 hoc
558 2386 668 2423 ipsum
691 2389 743 2415 est
759 2383 838 2414 dare
854 2384 1011 2423 auspicia,
1025 2388 1062 2415 et

373 2435 534 2476 prebere
555 2435 646 2465 Deos
672 2443 761 2472 nuos,
777 2432 898 2473 quibus
923 2433 970 2463 illi
986 2442 1062 2464 aiic-

375 2484 505 2516 toribus
542 2483 706 2515 nitamur.
761 2481 878 2522 quue
915 2481 1061 2513 referen—

376 2533 453 2564 dum
470 2531 551 2564 illud
567 2541 608 2561 ex
624 2540 648 2562 1.
665 2530 733 2562 Od.
745 2533 775 2561 8.

417 2582 459 2611 34
493 2580 657 2612 Proebenie
684 2579 799 2619 Divos]
833 2580 880 2610 Te
907 2577 1063 2619 suppedi-

377 2632 473 2659 tante
500 2630 602 2662 Divos
633 2634 720 2667 tuos,
745 2629 778 2658 id
802 2633 866 2667 est,
881 2628 983 2661 Divos
1001 2627 1061 2658 tibi

377 2675 540 2708 faventes.
585 2679 654 2713 Quo
667 2677 734 2718 die]
756 2677 843 2708 Dion
859 2677 993 2708 Cassius
1005 2676 1061 2707 lib.

376 2734 427 2759 u.
449 2731 630 2766 pugnatum
660 2727 790 2768 quidem
826 2727 942 2758 scribit
972 2725 1060 2766 apud

1097 439 1214 470 andria
1235 445 1334 478 capta
1357 439 1491 477 sit,non
1505 439 1680 479 exprimit:
1705 445 1778 474 tum.

1098 492 1166 517 tum
1183 488 1288 522 addit,
1304 488 1390 518 inter
1411 488 1492 518 alios
1515 492 1589 527 post
1603 488 1776 520 victoriam

1098 535 1271 566 Actiacam
1286 535 1429 575 Augusti
1444 537 1598 572 honores,
1613 538 1776 569 sancitum

1098 583 1213 623 fuisse,
1229 591 1265 615 ut
1280 585 1364 623 dies,
1380 595 1445 625 quo
1471 590 1572 624 capta
1590 590 1661 616 erat
1677 585 1779 618 Alex*

1100 632 1228 672 andria,
1265 632 1370 664 festus
1407 634 1599 666 haberetur.
1637 635 1777 667 Torreat.

1101 681 1168 715 Quo
1195 681 1260 720 die]
1294 682 1430 718 Eodem,
1466 682 1558 722 quasi
1586 681 1682 714 fatali
1709 682 1781 724 oie„

1099 729 1304 760 Alexandria
1329 731 1371 761 ab
1396 731 1545 767 Augusto
1573 729 1638 762 fuit
1667 736 1780 772 capta,

1100 787 1166 818 quo
1206 780 1333 810 Drusus
1371 779 1561 810 Vindelicos
1596 781 1782 820 superavit,

1101 827 1200 858 tertio
1214 829 1316 859 lustro
1326 828 1378 869 (id
1390 832 1454 868 est,
1466 828 1655 869 quindecim
1669 829 1780 869 annis)

1101 876 1310 916 interposito.
1570 895 1575 904 ae
1708 911 1710 913 .

1142 928 1181 955 35
1204 915 1411 956 Alexandreia
1419 927 1559 966 supplex]
1579 927 1621 957 In
1636 927 1782 958 Alexan-

1103 972 1206 1009 driam
1222 972 1388 1003 Antonius
1413 977 1448 1003 et
1466 973 1647 1013 Cleopatra
1668 973 1780 1005 confu-

1103 1025 1234 1061 gerant.

1144 1072 1186 1100 36
1206 1069 1334 1111 Aulam]
1365 1070 1507 1101 Domum
1537 1069 1661 1109 regiam
1688 1070 1785 1109 horte

1101 1125 1254 1150 vacunam.
1301 1120 1384 1150 Nam
1399 1118 1534 1154 devicta
1553 1123 1627 1150 erut
1641 1119 1783 1159 Cleopa-

1105 1162 1170 1204 tra,
1185 1172 1220 1198 et
1237 1166 1401 1198 Antonius
1416 1167 1595 1198 extinctus.

1146 1218 1188 1246 39
1222 1215 1370 1255 Optatam
1393 1216 1539 1256 peractis]
1575 1217 1628 1247 De
1650 1215 1785 1248 Tiberio

1105 1264 1262 1304 loquitur,
1277 1271 1310 1296 et
1322 1261 1471 1305 quidem,
1486 1270 1523 1295 ut
1539 1265 1694 1305 arbitror,
1711 1274 1785 1305 per·
1823 1264 1826 1267 ’

1084 1317 1090 1322 ’
1105 1319 1181 1344 acto
1189 1314 1260 1353 jam
1277 1324 1342 1344 non
1357 1314 1624 1347 solum‘Rhaetico
1634 1313 1784 1345 Vindeli-

1105 1372 1223 1402 coque,
1239 1363 1296 1393 sed
1314 1368 1348 1394 et
1360 1363 1555 1394 Pannonico
1569 1362 1784 1402 bello,·tongo

1105 1415 1141 1441 et
1153 1409 1278 1454 difficili
1293 1420 1301 1439 :
1324 1420 1404 1451 quas
1419 1410 1461 1441 ob
1475 1419 1526 1441 res
1541 1419 1642 1441 ovans
1658 1409 1783 1440 Urbem

1103 1458 1269 1497 ingressus
1285 1463 1349 1489 est.
1372 1458 1419 1489 At
1434 1458 1477 1490 de
1491 1459 1668 1489 Germanis
1681 1458 1783 1488 etiam

1105 1506 1338 1545 triumphavit:
1362 1506 1409 1537 sic
1433 1507 1521 1538 enim
1541 1506 1584 1537 de
1609 1507 1682 1546 ipso
1703 1506 1784 1538 Sue-

1103 1559 1171 1586 ton.
1195 1561 1294 1595 atque
1324 1555 1385 1586 hoc
1407 1555 1511 1595 ipsum
1537 1559 1601 1595 est,
1622 1553 1710 1595 quod
1737 1554 1785 1586 ait

1105 1603 1227 1634 Horat.
1254 1603 1386 1643 peractis
1419 1603 1564 1643 imperiis.
1604 1603 1670 1635 Tot
1697 1603 1785 1634 enim

1103 1653 1202 1683 bellis
1217 1653 1284 1682 dux
1299 1652 1341 1682 ab
1359 1651 1510 1691 Augusto
1521 1652 1736 1692 constitutus,
1751 1656 1787 1683 et

1107 1711 1127 1731 a
1141 1701 1299 1731 militibus
1314 1701 1502 1741 Imperator
1512 1701 1553 1730 de
1569 1710 1658 1732 more
1670 1701 1786 1741 appel·
1832 1712 1834 1714 ’

1106 1750 1207 1788 latus,
1223 1748 1356 1780 tandem
1375 1749 1489 1789 quinto
1513 1753 1549 1780 et
1563 1749 1694 1780 decimo
1709 1754 1787 1790 post

1107 1804 1239 1838 captam
1254 1798 1491 1830 Alexandriam
1508 1807 1605 1836 anno,
1625 1806 1787 1829 summum

1107 1848 1210 1878 decus
1233 1853 1403 1879 assecutus
1425 1852 1488 1884 est,
1503 1857 1578 1878 cum
1604 1847 1701 1879 victis
1716 1847 1789 1878 hos-

1107 1897 1197 1928 tibus
1209 1897 1435 1936 triumphavit.
1459 1897 1602 1928 Torreat.

1147 1948 1190 1976 40
1212 1946 1398 1985 Arrogavil]
1422 1945 1569 1976 Fortuna
1591 1943 1726 1985 peperit
1740 1944 1790 1975 di-

1107 1993 1200 2024 vinos
1216 1994 1357 2023 honores
1373 1993 1439 2023 tuis
1456 1992 1603 2032 imperiis
1621 1991 1695 2030 jam
1715 1991 1789 2022 fini·

1109 2042 1151 2073 tis
1188 2041 1419 2072 attribuendus
1436 2051 1445 2071 ε
1483 2045 1520 2071 ut
1558 2038 1719 2071 Horatius
1753 2039 1788 2069 in

1108 2089 1218 2128 Epist.
1239 2090 1249 2106 ‘
1263 2088 1428 2119 Praesenti
1453 2087 1514 2118 tibi
1535 2092 1677 2118 maturos
1693 2087 1789 2126 largi·

1109 2146 1181 2167 mur
1209 2137 1348 2167 honores
1363 2146 1373 2174 ;
1407 2134 1659 2176 Jurandnmque
1695 2140 1787 2166 tuum

1109 2194 1168 2224 per
1182 2194 1301 2216 nomen
1317 2184 1468 2224 ponimus
1483 2182 1579 2214 aras!

1149 2235 1190 2264 41
1215 2233 1368 2264 Cantaber
1389 2243 1448 2263 mm
1470 2232 1557 2272 ante]
1578 2233 1625 2263 Te
1648 2232 1788 2264 miratur

1109 2281 1250 2321 populus
1278 2281 1452 2319 Hispaniae
1477 2290 1496 2310 a
1520 2280 1609 2310 nullo
1625 2284 1702 2311 ante
1717 2280 1793 2311 Cae-

1109 2339 1218 2360 sarem
1231 2329 1351 2360 victus.
1374 2328 1460 2360 Vide
1472 2337 1514 2360 ιι.
1525 2328 1593 2360 Od.
1607 2331 1640 2360 6.
1653 2337 1709 2360 ιιι.
1720 2329 1790 2361 Od-

1109 2382 1141 2411 8.

1150 2431 1192 2460 42
1214 2428 1374 2466 Prqrugm
1387 2426 1533 2468 Scythes]
1547 2426 1688 2468 Scythes
1703 2436 1791 2459 eam-

1109 2478 1231 2518 pestris
1247 2478 1309 2507 liuc
1327 2477 1404 2507 illuc
1431 2481 1582 2514 vagatur,
1605 2485 1668 2507 nec
1687 2476 1721 2507 in
1737 2486 1791 2508 eo·

1111 2527 1184 2557 dem
1202 2527 1277 2557 loco
1293 2530 1416 2556 nianet.
1458 2524 1548 2555 Vide
1563 2533 1588 2555 1.
1605 2524 1672 2556 od.
1686 2527 1740 2557 3⁵.
1755 2529 1790 2559 et

1111 2584 1164 2606 ιιι.
1179 2574 1245 2606 Od.
1261 2577 1312 2605 24.

1151 2625 1193 2654 43
1215 2622 1370 2662 Miratur]
1393 2621 1474 2652 Plus
1496 2620 1588 2659 dicit,
1603 2630 1700 2662 quam
1714 2620 1790 2652 'vul-

1110 2682 1171 2713 gus
1201 2671 1382 2702 existimet.
1425 2669 1435 2687 ‘
1454 2669 1569 2700 Mirari
1582 2668 1592 2682 ’
1627 2670 1726 2707 enim,
1752 2670 1789 2698 nt

1110 2723 1158 2754 ait
1172 2720 1313 2759 Nouius,
1328 2717 1494 2759 significat
1509 2726 1593 2748 novo
1607 2717 1716 2757 aliquo
1724 2715 1787 2748 oh-
