1916 3262
542 262 894 295 ssrrsromiaum
931 265 1024 296 mn.
1056 265 1106 296 ιι.
1136 254 1179 296 2.
1465 257 1600 299 1267’

135 356 238 398 Non
259 359 401 398 tamen
421 355 619 398 adversis
638 360 814 399 aetatem
834 358 1036 400 ducimus
1056 359 1241 410 austris;

132 423 330 472 Viribus,
350 423 539 476 ingenio,
559 424 726 477 specie,
747 425 922 475 virtute,
943 426 1058 475 loco,
1079 439 1138 476 re,

131 490 331 532 Extremi
350 491 599 544 primorum,
618 491 828 532 extremis
849 503 990 545 usque
1009 492 1197 545 priores.

131 557 235 599 Non
255 570 304 599 es
321 569 503 598 avarus:
534 557 620 598 abi.
678 556 801 608 Quid
816 560 835 599 ’Ξ
867 561 1014 600 cetera
1025 559 1122 613 Jam
1142 558 1272 601 simul
1286 559 1373 600 isto
1490 557 1575 599 205

130 623 243 666 Cum
264 623 373 664 vitio
393 623 572 677 fugere?
605 632 724 665 caret
741 625 819 666 tibi
840 629 999 678 pectus
1019 625 1138 666 inani

128 690 383 732 Ambitione
395 691 414 730 ¹?
445 695 566 731 caret
586 691 737 732 mortis
758 691 987 733 formidine
1008 696 1055 733 et
1075 692 1141 734 ira
1155 693 1174 732 ‘P

129 757 324 807 Somnia,
344 759 528 798 terrores
547 758 762 812 magicos,
782 759 1010 808 miracula,
1029 771 1178 813 sagas,

128 823 173 865 N
176 827 379 866 octurnos
398 823 587 866 lemures
607 828 898 879 portentaque
912 824 1126 867 Thessala
1137 825 1254 867 rides
1267 827 1286 866 'P

119 972 266 1003 prospero
294 962 464 1004 Aquilone.-
493 968 527 996 at
554 973 609 995 nec
637 964 765 996 Austris
793 963 962 996 contrariis
991 963 1117 997 victitoe
1152 964 1284 1006 viribus,
1306 964 1444 1004 ingenio.
1465 965 1571 996 decore

69 1040 74 1044 ⁴
123 1008 264 1043 externo,
277 1006 406 1046 virtute,
417 1007 534 1046 gradu,
548 1005 768 1047 facultalibus,
785 1007 955 1047 primorum
973 1007 1103 1038 ultimus
1116 1016 1183 1038 sum
1191 1017 1203 1044 ;
1226 1010 1260 1038 at
1274 1008 1398 1038 ultimos
1413 1007 1570 1038 antecede.

126 1047 200 1078 Non
221 1057 334 1079 auarus
355 1058 387 1080 es
398 1059 410 1086 ;
431 1058 530 1088 euge:
550 1049 678 1090 ecquid?
697 1059 738 1080 an
760 1053 861 1081 cetera
882 1059 999 1090 quoque
1012 1049 1091 1080 vitia
1104 1059 1172 1080 cum
1186 1050 1240 1080 illo
1254 1049 1384 1080 absunt?
1405 1058 1479 1079 mam
1493 1048 1571 1080 liber

123 1092 170 1119 est
184 1090 305 1120 anirnus
320 1093 392 1122 luas
405 1091 572 1122 ambitione
585 1101 677 1129 vana,
692 1092 800 1122 timore
823 1091 947 1129 mortis,
963 1095 994 1122 et
1015 1089 1204 1123 iracundia?
1227 1091 1374 1132 numquid
1388 1090 1508 1131 spernis
1521 1089 1570 1120 in-

121 1131 250 1171 mmai«,
261 1142 420 1172 magorum
434 1133 697 1174 terriculamenta,
715 1134 872 1174 prodigia,
886 1133 1046 1175 veneficas,
1059 1133 1182 1164 umbras
1197 1137 1374 1173 nocturnas,
1390 1137 1421 1165 et
1440 1133 1570 1164 Thessa-

728 1225 964 1238 eeeeeeeeeeee

122 1289 351 1323 schoenhorn.
366 1295 398 1324 2.
420 1293 495 1324 velis
507 1293 626 1324 aversis
637 1290 870 1323 Schoenborn.
885 1293 1026 1322 3.-202
1050 1290 1120 1321 Nec
1133 1293 1237 1321 tamen
1251 1289 1369 1320 aversis
1384 1293 1454 1332 tres
1469 1288 1569 1319 codd.

120 1332 411 1366 Torrentii.—203
435 1335 533 1366 Harl.
550 1337 579 1364 1.
595 1335 674 1365 Vat.
689 1337 720 1364 5.
735 1332 815 1363 Vat.
833 1332 932 1362 Rom.
944 1335 976 1363 2.
993 1341 1066 1362 am.
1084 1341 1135 1372 pr.
1152 1336 1189 1362 et
1206 1330 1285 1362 Vat.
1298 1331 1396 1362 Rom.
1412 1333 1444 1361 Δ.
1458 1331 1571 1369 colore,

119 1384 183 1414 pro
197 1376 274 1414 1000,
288 1378 440 1407 rea—204
462 1376 664 1416 Extremique
681 1373 822 1414 pn‘orum
837 1373 922 1404 Exc.
940 1374 1018 1404 Sax.
1034 1383 1092 1413 ap.
1106 1373 1320 1404 (ἥσω-205
1344 1372 1474 1403 Muret.
1494 1381 1569 1403 num

117 1416 222 1448 simul.
256 1417 398 1448 Chabot.
421 1418 496 1448 dum
521 1417 623 1448 simul.
657 1414 887 1448 Schoenborn.
910 1417 941 1446 3.
959 1414 1031 1453 jam
1051 1415 1144 1446 simul
1169 1416 1354 1446 enm-2⁰6
1378 1413 1568 1446 Duodecim

117 1458 218 1491 codd.
233 1459 433 1498 Feaefugere
445 1470 458 1496 ‚·
481 1463 517 1490 et
533 1459 582 1490 sic
597 1458 706 1490 Aldus
723 1459 817 1488 15⁰9.
835 1458 930 1487 1519.
951 1457 1109 1489 Britann.
1126 1459 1222 1488 1520.
1246 1455 1329 1488 edit.
1351 1455 1460 1487 Basil.
1473 1458 1569 1487 1527.

119 1502 214 1532 1531.
229 1503 325 1533 1580.
350 1501 443 1533 Frib.
457 1503 553 1533 1⁵36.
575 1501 679 1533 Dion.
694 1499 738 1532 ab
754 1499 880 1530 Harsio
893 1498 1001 1539 Lugd.
1019 1501 1113 1531 1538.
1132 1499 1219 1530 Ven.
1233 1500 1328 1529 1552.
1345 1497 1462 1529 Lamb.
1477 1498 1570 1531 Mur.

118 1541 166 1574 H.
180 1543 302 1584 Steph.
318 1543 426 1575 Chab.
448 1544 546 1575 Torr.
568 1543 611 1575 D.
627 1542 748 1575 Heius.
772 1541 895 1581 aliique
918 1541 1067 1581 plurimi,
1089 1546 1125 1573 et
1149 1541 1342 1581 praesertim
1358 1540 1569 1572 recentiores

118 1593 244 1618 omnes.
267 1586 365 1618 Harl.
379 1585 499 1626 2.fuge
513 1589 608 1618 recte.
630 1583 986 1625 Bambe1·g.sngerare.
1007 1583 1076 1616 Alii
1089 1584 1173 1615 Mss.
1190 1587 1226 1615 et
1243 1584 1365 1624 priscas
1382 1582 1568 1622 editiones,

773 1678 914 1712 NOTAE

866 1741 991 1776 wolon,
1007 1751 1111 1774 senex
1133 1741 1244 1773 macie
1258 1744 1294 1772 et
1310 1739 1466 1781 squalore
1487 1748 1568 1771 con·

866 1790 993 1830 fectus,
1015 1791 1180 1831 promissa
1202 1790 1320 1828 barba,
1335 1789 1488 1820 horrenti
1510 1798 1568 1821 ca·

868 1840 962 1880 pillo,
995 1840 1151 1871 cruribus
1185 1838 1379 1879 compedes,
1409 1837 1566 1869 manibus

867 1894 1006 1920 catenas
1023 1889 1165 1930 gerebat
1181 1887 1434 1930 quatiebatque.
1479 1886 1567 1918 Inde

867 1937 1132 1970 inhabitantibus
1150 1937 1266 1968 tristes
1282 1936 1433 1976 diraeque
1449 1940 1566 1968 noctes

866 1997 928 2029 per
943 1991 1070 2020 metum
1086 1984 1339 2027 vigilabantur‚’
1354 1986 1419 2016 &c-

119 1747 323 1783 paupertate
358 1742 548 1783 conflictor,
578 1753 643 1775 nec
676 1742 813 1774 sordido

118 1791 212 1823 victu
242 1792 446 1824 immundam
472 1797 532 1824 aut
552 1793 708 1824 miseram
732 1796 813 1823 aeta-

118 1844 186 1872 tem
203 1850 280 1881 ago.
557 1863 562 1867 -

160 1892 225 1921 208
253 1889 393 1927 Somnia,
418 1889 647 1930 terrores‚3,·c.]
685 1889 739 1920 An
761 1899 812 1920 sa-

117 1939 253 1980 pienter
282 1943 318 1971 et
348 1938 486 1972 fortiter
514 1939 701 1971 contemnis
728 1948 814 1970 vana

118 1997 263 2031 quaeque
286 1989 584 2022 terriculamenta?
616 1988 705 2020 Vide
727 1989 811 2020 Coel.

117 2039 262 2080 Rhodig.
279 2047 399 2071 nxvu.
414 2041 446 2070 9.
461 2043 497 2071 et
511 2049 584 2081 seq.

157 2090 222 2120 2⁰9
245 2087 408 2128 Lemures]
445 2088 543 2120 Pers.
567 2088 640 2119 Sat.
671 2096 707 2120 v,
735 2089 808 2119 185.

113 2140 123 2155 ‘
140 2137 256 2178 nigros
269 2137 412 2168 lemures
426 2139 434 2152 ’
458 2142 580 2170 vocat:
612 2137 647 2168 id
659 2141 724 2173 est,
739 2146 810 2167 um-

113 2187 192 2220 bras
215 2197 275 2219 seu
298 2188 420 2228 larvas,
435 2188 557 2231 quibus
580 2192 685 2220 noctu
707 2186 811 2219 infes-

113 2241 228 2270 tantur
252 2237 391 2270 domus:
417 2247 500 2279 quas
527 2237 729 2279 procurandi
751 2246 811 2269 seu

113 2287 277 2329 expiandi
307 2287 473 2320 rationem
502 2287 605 2319 docet
629 2287 741 2318 Varro
766 2286 810 2317 de

113 2337 198 2369 Vita
228 2337 317 2378 Pop.
347 2337 444 2370 Rom.
479 2337 540 2368 lib.
573 2345 598 2368 1.
634 2341 671 2368 et
706 2335 810 2368 Ovid.

114 2387 207 2418 Fast.
220 2395 256 2418 v.
279 2386 369 2418 Vide
383 2386 474 2418 Plin.
489 2386 602 2426 Epist.
618 2394 687 2417 vu.
702 2387 756 2417 27.
774 2385 809 2416 in

112 2444 180 2477 qua
188 2435 350 2476 pleraque
361 2433 467 2467 refert
477 2435 550 2475 ejus
561 2434 695 2475 generis
704 2434 809 2476 phan-

114 2486 259 2515 tasmata
274 2486 344 2514 tum
360 2483 428 2514 suis
451 2488 522 2515 turn
544 2483 684 2515 aliorum
701 2484 808 2515 oculis

113 2533 305 2566 obversata.
342 2533 351 2549 ‘
371 2532 456 2563 Erat
484 2531 651 2572 Athenis,'
681 2532 806 2574 inquit,

110 2583 120 2600 ‘
135 2583 286 2624 spatiosa
296 2580 428 2619 domus,
442 2580 500 2611 scd
513 2580 641 2612 infamis
656 2585 694 2612 et
706 2581 808 2621 pesti-

110 2633 196 2663 lens.
219 2631 290 2662 Per
305 2629 475 2662 silentium
490 2629 611 2666 noctis,
627 2638 727 2661 sonna
741 2629 808 2662 fer-

113 2681 154 2719 ri,
176 2685 225 2719 et,
240 2680 268 2711 si
289 2679 486 2711 attenderes
502 2678 624 2718 acrius,
644 2679 808 2719 strepitus

112 2731 320 2763 vinculorum
357 2729 488 2771 longius
525 2729 647 2770 primo,
685 2728 808 2761 deinde

112 2781 266 2822 proximo
281 2779 508 2812 reddebatur:
528 2788 603 2810 mox
619 2778 808 2820 apparebat

908 2038 1120 2078 Por-lentaque
1137 2036 1298 2075 Thessala,
1312 2034 1383 2076 ξα]
1399 2034 1566 2067 Miracnla

865 2091 1065 2127 perpetrata
1081 2097 1101 2118 a
1114 2086 1284 2118 Thessalis
1300 2094 1362 2126 per
1373 2090 1480 2117 artem
1495 2094 1564 2117 ma-

866 2137 973 2178 gicam
990 2141 1027 2169 et
1044 2136 1223 2176 veneficia,
1237 2135 1359 2178 quibus
1375 2135 1399 2166 ii
1417 2135 1564 2167 maxime

867 2186 1053 2226 pollebant,
1069 2196 1089 2217 a
1110 2185 1239 2218 Medea
1260 2185 1389 2226 edocti,
1404 2189 1442 2217 ut
1458 2185 1563 2218 aiunt.

867 2235 999 2267 Plinius
1017 2244 1108 2268 xxx.
1126 2238 1156 2267 1.
1178 2235 1323 2277 magiam
1347 2234 1439 2276 apud
1460 2235 1563 2267 Thes-

864 2285 952 2317 salos
981 2290 1204 2326 propagatam
1233 2284 1364 2317 scribit.
1409 2284 1500 2317 Hinc
1526 2290 1562 2316 et

863 2335 874 2353 ‘
887 2335 1009 2366 mulier
1022 2334 1204 2375 Thessala:
1220 2344 1281 2376 pro
1296 2343 1395 2376 maga
1410 2338 1447 2366 et
1461 2340 1562 2366 vene·

859 2385 940 2425 fica,
956 2386 991 2416 in
1008 2385 1226 2426 proverbium
1241 2385 1336 2417 abiit.

909 2436 1070 2476 Thessala]
1092 2435 1264 2467 Thessalia
1285 2444 1362 2476 pars
1378 2433 1444 2465 fuit
1466 2434 1562 2474 regni

863 2486 1077 2518 Macedonici
1091 2485 1279 2526 perampla,
1293 2493 1481 2526 quanquam
1495 2483 1561 2514 dis-

860 2535 969 2566 tincta
993 2534 1108 2574 regio:
1137 2534 1226 2565 inter
1247 2533 1401 2564 Peneum
1422 2530 1560 2562 fluvium

860 2585 902 2616 ad
918 2585 1075 2623 Boream,
1092 2588 1127 2614 et
1140 2582 1383 2622 Thermopylas
1406 2581 1448 2611 ad
1473 2579 1560 2612 Aus-

862 2638 971 2664 trum:
996 2633 1038 2664 ab
1062 2632 1256 2664 Occidente
1282 2630 1422 2671 Epirum
1443 2629 1560 2661 habet.

862 2681 945 2722 Ejus
968 2681 1143 2722 proecipua
1165 2679 1244 2710 urbs
1266 2678 1400 2712 Larissa
1416 2677 1494 2716 fuit.
1510 2678 1557 2711 A-

861 2731 972 2763 chillis
987 2729 1156 2763 natalibus
1168 2729 1310 2771 inclyta.
