1916 3262
481 321 690 356 HoRA‘ru
723 320 1002 352 mammon
1036 320 1132 350 Lis.
1167 321 1198 350 1.
1227 311 1297 351 35.

205 423 245 452 14
268 419 412 452 Stantem
430 416 615 457 columnam]
638 415 857 456 Porphyrion

161 470 216 501 hie
229 471 400 501 columnam
415 469 528 503 sumit,
542 475 604 508 pro
619 466 857 497 incolumitate

160 519 336 561 dignitatis
352 529 392 552 ae
408 519 526 551 donnus
541 517 658 558 regite.
690 516 758 548 Sed
777 526 856 557 qua-

160 579 198 600 re
223 579 291 602 non
320 569 516 611 Tyrannum
545 566 657 607 ipsum
686 567 858 597 columnam

159 619 284 651 vocet?
316 618 373 661 qui
398 617 476 649 dum
499 616 591 658 viget
615 616 710 647 velut
738 616 856 656 ingens

159 669 309 701 colossus
333 669 468 709 aliquis,
491 672 551 699 aut
579 667 745 706 inscripta
770 666 857 698 notis

158 719 303 759 publicis
316 719 482 757 columna,
491 716 707 748 admirationi
725 722 778 748 est
790 727 857 747 om-

158 768 276 801 nibus:
301 773 338 800 at
353 768 495 808 imperio
509 767 724 806 deturbatus,
742 773 780 798 ut
801 767 859 798 illa

157 822 264 850 aetate
278 824 488 859 consumpta,
504 818 744 850 contemnitur.
779 819 858 849 Tor-

155 871 237 900 rent-
258 867 328 899 Per
342 868 522 900 Columnam
535 871 672 899 stantem
687 868 857 909 Cruquius

154 921 255 958 putat
285 917 456 959 designari
496 919 681 956 Caesarem,
710 928 730 948 a
759 919 857 959 cujus

152 967 263 1000 salute
292 973 327 1000 et
358 969 593 1000 incolumitate
630 969 702 999 vult
733 968 860 1009 depen-

156 1017 240 1049 dere
255 1018 478 1060 sustinerique
494 1019 626 1050 culmen
642 1019 771 1059 imperii
792 1020 857 1051 Ro-

156 1069 259 1100 mani.
314 1069 459 1101 Stantem
498 1069 683 1109 columnam]
722 1070 856 1101 Statum

153 1119 291 1160 imperii
320 1129 363 1151 ne
393 1125 538 1151 evertas.
599 1120 671 1150 Neu
691 1121 854 1162 populus]

156 1168 256 1199 Neve
285 1170 429 1210 populus
455 1174 682 1210 congregatus
706 1170 857 1201 concitet

155 1217 292 1259 quietos
313 1219 356 1249 ad
388 1228 482 1250 arma
505 1223 540 1250 et
565 1219 721 1250 destruat
743 1219 874 1259 Impe-,

157 1277 256 1301 num.

201 1321 242 1350 17
265 1318 356 1350 Sara
373 1318 563 1359 Necessitas]
588 1318 701 1350 Acron
721 1324 756 1350 et
773 1320 857 1351 Por-

155 1369 301 1410 phyrion
326 1371 443 1410 legunt
467 1371 566 1401 Serva
589 1371 781 1410 Necessitas,
795 1371 856 1401 sed

151 1419 247 1450 nullo
271 1428 372 1450 sensu
396 1419 529 1450 idoneo.
575 1420 619 1450 Et
643 1421 760 1459 inepte
776 1429 856 1450 sane

153 1477 272 1500 sertam
302 1478 460 1500 vocemus
489 1470 594 1506 illam,
625 1479 700 1511 quae
729 1469 858 1509 clavos,

153 1526 294 1556 cuneos,
312 1527 429 1554 uncos,
445 1528 484 1549 ac
507 1518 683 1559 plumbum
708 1525 856 1559 gestans,

154 1567 239 1599 alios
251 1567 423 1608 coiirceat‚
435 1569 509 1609 ipsa
521 1568 771 1609 insuperabilis.
795 1570 855 1600 Vi-

150 1617 198 1649 de
211 1618 362 1650 Turneb.
378 1627 431 1651 lx.
447 1621 500 1650 14.
524 1619 667 1650 Torrent.
714 1620 855 1651 Necessi-

154 1669 219 1710 tas]
246 1669 378 1701 [dcirco
403 1670 599 1702 Necessitas
625 1670 751 1701 dicitur
773 1671 855 1702 For-

151 1724 269 1751 tunam
281 1720 490 1760 precedere.
500 1721 591 1762 quod
603 1722 752 1752 certiora
764 1726 855 1757 sunt,

154 1775 191 1802 et
219 1771 408 1810 stabiliora,
433 1781 510 1813 quae
536 1771 623 1802 fiunt
649 1773 855 1809 necessario,

153 1830 253 1862 quam
270 1831 347 1862 quae
364 1821 518 1853 fortuito.

201 1873 245 1902 18
267 1871 379 1901 Claros
394 1871 554 1910 trabaleis]
575 1871 611 1902 Si
626 1872 698 1902 liaec
714 1870 756 1901 de
774 1871 854 1901 For-

156 1925 240 1952 tuna
250 1921 410 1962 tanquam
418 1921 461 1952 dc
471 1923 622 1952 ministra
633 1921 855 1962 providentiae

156 1970 227 2001 sive
242 1970 371 2002 decre-ti
388 1971 608 2012 accipiamus,
628 1972 729 2002 clavos
748 1981 855 2002 uncos-

156 2030 216 2061 que
223 2031 260 2053 ec
267 2031 388 2057 amieos,
398 2022 606 2062 liquidumque
612 2022 781 2063 plumbum,
787 2032 854 2054 non

154 2079 218 2111 pro
238 2072 348 2112 poenis
364 2072 609 2112 tormentisque
625 2081 856 2112 exponemus3

151 2119 212 2152 aed
231 2129 292 2160 pro
311 2121 450 2152 vinculis
464 2122 542 2161 illis,
557 2122 676 2162 quibus
698 2123 856 2154 Necessi-

155 2174 210 2202 tas
220 2170 404 2202 Fortunam
417 2170 637 2212 antecedens,
649 2172 738 2213 quod
751 2172 855 2203 semel

153 2220 373 2253 constitutum
386 2228 452 2257 est,
463 2221 551 2253 nodo
566 2222 641 2263 pius
654 2232 752 2263 quam
766 2222 854 2253 Her-

154 2271 278 2302 culano
290 2270 404 2303 firmat
420 2281 460 2303 ac
476 2272 605 2303 munit:
627 2273 677 2304 sin
694 2282 774 2304 vero
788 2273 854 2314 ipsi

153 2321 316 2353 Fortuna
340 2322 550 2354 dominatum
567 2323 765 2362 tribuamus,
781 2329 854 2355 tum

155 2370 425 2412 Necessitatem,
444 2371 604 2414 tanquam
625 2373 754 2405 lictoris
777 2373 854 2404 fun-

157 2424 293 2459 gentem
300 2420 424 2458 officio,
433 2423 526 2454 bisce
537 2423 736 2454 instructam
748 2424 854 2454 veluti

155 2470 331 2502 securibus
355 2473 476 2512 praeire
491 2473 656 2511 dicemus,
669 2474 789 2514 quibus
805 2474 855 2504 in-

158 2519 221 2551 viti
233 2529 366 2561 quoque
381 2521 426 2552 ad
443 2523 627 2562 parendum
650 2524 855 2565 compellan-

157 2573 224 2600 tur.
267 2569 335 2600 Sed
363 2571 455 2610 prior
478 2573 569 2603 ratio
594 2573 699 2613 magis
727 2574 853 2614 placet.

163 2619 305 2652 Tou-rent.
356 2620 444 2651 Vide
469 2626 505 2652 et
528 2622 680 2653 Lambin.
705 2623 854 2654 Turneb.

160 2679 257 2703 xxn.
282 2673 335 2703 27.
381 2671 494 2702 CIavos
510 2671 672 2712 trabateis]
693 2672 855 2704 Trabales

157 2726 236 2752 sunt
251 2721 340 2752 clavi
356 2721 479 2762 magni,
496 2721 616 2762 quibus
637 2722 753 2753 trabes
775 2731 854 2753 con-

151 2769 319 2811 figuntur,
333 2771 446 2810 ve1,ut
461 2771 517 2802 alii
533 2772 664 2811 volunt,
679 2777 757 2803 sont
773 2782 854 2813 prae-

155 2820 306 2860 grandes
323 2820 389 2860 pali
405 2820 446 2851 ad
464 2821 572 2851 instar
591 2822 762 2852 clavorum
779 2831 854 2853 cns-

157 2870 271 2911 pidem
298 2872 475 2907 babentes,
502 2872 543 2902 ad
569 2872 793 2912 torquendum
819 2879 854 2903 et

1498 313 1612 356 1389

908 414 1128 446 cruciandum
1159 414 1279 446 noxios
1312 414 1434 454 parati.
1491 416 1612 448 euneos

907 464 1015 505 manu]
1037 465 1167 499 Quibus
1183 463 1322 495 insertis
1343 473 1410 495 non
1434 463 1541 494 solum
1558 475 1612 496 res

907 513 1092 553 finduntur,
1108 514 1168 545 sed
1187 515 1288 546 etiam
1306 512 1558 544 combinantur.

952 566 992 595 19
1021 564 1088 595 Nec
1116 572 1242 595 severus
1267 572 1374 602 uncus,
1403 561 1474 602 εμπ]
1519 562 1610 594 Vide

906 614 1055 645 Turneb.
1071 623 1122 646 rx.
1140 616 1192 646 14.
1210 619 1246 645 et
1263 621 1371 645 xxm.
1387 615 1440 645 27.

949 666 992 696 20
1026 665 1132 696 Uncus
1159 664 1260 704 abest]
1297 665 1395 696 Unco
1425 662 1612 695 utebantur

907 715 1038 757 antiqui
1061 716 1105 747 ad
1130 715 1371 747 maleficiorum
1399 725 1525 756 poenas,
1549 715 1611 747 sed

908 766 962 798 hic
991 766 1163 808 significat
1195 768 1330 798 hamum
1355 765 1518 804 ferreum,
1544 774 1611 807 quo

907 827 989 849 saxa
1007 822 1043 849 et
1059 822 1228 849 caementa
1250 817 1440 848 firmissime
1463 817 1554 848 inter
1577 827 1612 847 se

907 867 1160 905 devinciuntur,
1185 869 1376 909 praesertim
1403 867 1544 909 plumbo
1573 868 1610 898 li-

907 919 1010 960 quido
1025 918 1175 959 adjecto.

950 971 989 999 21
1018 968 1060 1000 Te
1089 969 1171 1010 spes]
1218 968 1266 999 Ut
1296 967 1466 1000 fortunam
1500 969 1611 999 anteit

909 1019 1099 1060 Necessitas,
1115 1020 1200 1050 dura
1222 1019 1319 1050 nimis
1338 1025 1441 1061 atque
1458 1019 1610 1059 immitis,

907 1068 958 1099 sic
973 1070 1126 1110 sequitur
1141 1069 1230 1109 Spes,
1243 1069 1398 1100 solatium
1411 1079 1451 1100 ac
1464 1069 1610 1100 lenimen

909 1119 1072 1151 laborum.
1116 1119 1217 1152 Quod
1241 1126 1277 1151 et
1299 1119 1469 1150 Pandorae
1494 1121 1612 1150 arcula

908 1168 1091 1209 significat.
1135 1169 1329 1200 Mirandum
1348 1178 1440 1208 vero,
1454 1169 1504 1200 ita
1518 1169 1612 1200 inna-

907 1223 977 1249 tam
1004 1228 1078 1249 esse
1099 1219 1254 1250 omnibus
1278 1218 1477 1250 mortalibus
1503 1229 1611 1260 spem,

907 1277 982 1298 cum
1001 1278 1112 1299 rei-um
1129 1270 1241 1299 exitus
1260 1269 1294 1299 in
1317 1268 1442 1299 nullius
1458 1274 1610 1300 nostrum

907 1319 948 1348 sit
965 1323 1152 1358 potestate,
1169 1323 1206 1348 ut
1217 1317 1419 1358 frequenter
1430 1318 1473 1349 ab
1488 1319 1611 1350 Home-

907 1376 942 1396 ro
959 1376 1145 1406 monemur,
1162 1377 1238 1398 cum
1253 1368 1323 1398 ait:
1352 1367 1403 1398 καὶ
1417 1369 1518 1398 ταῦτα
1535 1369 1612 1399 θεῶν

907 1417 941 1447 ἐν
954 1417 1086 1456 γούνασι
1096 1419 1213 1448 κεῖται.
1262 1417 1304 1449 Te
1318 1416 1402 1457 spes]
1420 1417 1518 1449 Ordo
1534 1423 1585 1448 est
1601 1429 1609 1448 :

905 1468 954 1498 Te
979 1468 1065 1508 Spes
1089 1469 1168 1500 albo
1191 1468 1305 1499 velata
1328 1477 1452 1508 panno,
1475 1472 1510 1499 et
1535 1477 1611 1498 rara

906 1517 1008 1549 Fides
1031 1518 1125 1549 colit.
1171 1517 1304 1550 Alludit
1327 1517 1368 1549 ad
1396 1518 1610 1557 candidatos,

906 1569 964 1609 qui
983 1573 1078 1599 veste
1095 1568 1241 1600 candida
1257 1568 1381 1608 induti,
1394 1578 1497 1609 quum
1517 1576 1610 1609 pete-

906 1623 983 1650 rcnt
1018 1619 1272 1659 Magistratum,
1300 1624 1359 1650 aut
1395 1619 1610 1660 dignitatem,

906 1669 1091 1710 sperabant
1118 1679 1154 1700 se
1179 1669 1323 1709 εὐτυχεῖς
1337 1667 1485 1700 futuros.
1530 1669 1611 1700 Albo

904 1719 1024 1759 panno]
1049 1719 1151 1750 Hunc
1168 1720 1280 1751 locum
1295 1719 1435 1750 Servius
1459 1720 1610 1759 explicat

907 1769 1042 1799 AEneid.
1058 1777 1095 1799 x.
1111 1770 1122 1786 ⁴
1137 1769 1232 1800 Cana
1245 1769 1331 1800 fides
1347 1772 1382 1800 et
1395 1768 1526 1799 Vesta!
1564 1770 1609 1800 Et

907 1827 1010 1858 supra
1025 1818 1092 1850 Od.
1108 1821 1161 1849 24.
1175 1819 1184 1836 ‘
1202 1819 1440 1859 Incorruptam
1456 1817 1608 1850 Justitiae

905 1867 1077 1898 sororem'
1106 1873 1228 1906 vocat;
1252 1868 1330 1899 ideo
1354 1868 1441 1899 stola
1462 1868 1538 1899 alba
1559 1868 1610 1898 in-

906 1917 1024 1948 dutam
1048 1927 1122 1948 esse
1144 1918 1318 1957 convenit,
1340 1927 1414 1958 quae
1436 1922 1508 1948 tota
1526 1927 1609 1957 pura

907 1969 952 1999 sit
977 1978 1017 2000 ac
1049 1968 1206 2007 candida,
1227 1977 1338 2009 neque
1362 1977 1382 1998 a
1412 1973 1506 1999 recto
1533 1968 1610 1998 ullis

905 2018 1071 2050 deterrita
1112 2019 1208 2049 minis
1247 2018 1414 2050 discedat.
1467 2018 1610 2050 Torrent-

907 2068 1013 2109 Κανᾶ]
1051 2068 1150 2100 Fides
1175 2069 1266 2099 nuda
1292 2074 1329 2099 et
1357 2068 1522 2109 simplex:
1555 2069 1607 2099 vel

907 2129 981 2160 quae
999 2129 1018 2149 a
1035 2119 1151 2159 paucis
1169 2118 1307 2150 colitur.

947 2164 992 2201 22'
1014 2170 1082 2201 Nec
1107 2169 1264 2210 comitem]
1289 2170 1366 2202 Nec
1388 2170 1463 2210 ipsa
1486 2169 1608 2211 (Fides

906 2221 1057 2262 scilicet)
1074 2222 1118 2253 ibi
1132 2231 1244 2253 comes
1261 2231 1336 2253 esse
1354 2226 1508 2260 recusat;
1525 2219 1607 2251 fide-

906 2273 945 2303 lis
968 2274 1059 2305 enim
1081 2275 1207 2306 amicus
1233 2284 1300 2306 non
1316 2274 1445 2306 deserit
1461 2276 1606 2306 amicum

905 2322 982 2353 oiim
991 2322 1182 2364 florentem,
1191 2334 1280 2356 nunc
1291 2325 1463 2356 miserum.
1476 2325 1607 2366 [Bentl.

905 2373 938 2404 in
951 2374 1051 2406 Curis
1065 2375 1181 2406 Postr.
1198 2385 1252 2406 nec
1266 2375 1406 2406 comitem
1417 2385 1450 2406 se
1461 2375 1608 2414 abnegat,

906 2428 995 2455 teste
1011 2419 1135 2463 Jae'ck,
1154 2424 1214 2454 sed
1232 2429 1353 2455 contra
1375 2429 1532 2455 metrum.
1566 2425 1607 2454 V.

905 2483 959 2504 nec
975 2474 1073 2505 deest
1088 2475 1121 2504 in
1136 2473 1191 2505 ed.
1208 2474 1401 2513 Schrevel]
1495 2470 1498 2472 ’

947 2526 988 2554 23
1022 2523 1198 2564 Utcunque]
1245 2524 1526 2563 Quandocumque
1555 2529 1606 2562 tu,

904 2572 999 2604 facta
1015 2573 1162 2611 inimica,
1178 2574 1303 2614 linquis
1319 2579 1354 2604 et
1368 2573 1606 2613 deseris,qnos

905 2627 1005 2653 antea
1022 2622 1195 2661 hemeras,
1212 2627 1305 2654 veste
1315 2629 1374 2653 tua
1390 2626 1533 2656 mutata,
1546 2629 1605 2653 aut

905 2674 998 2703 luctu
1023 2677 1082 2703 ant
1102 2672 1276 2712 pauperie.
1307 2671 1555 2711 [Schoenborn.
1572 2675 1605 2704 2.

900 2721 1063 2762 potentia]

946 2776 988 2804 24
1016 2774 1107 2805 Veste
1143 2771 1279 2812 mutata]
1324 2771 1490 2813 Intelligo
1523 2783 1603 2804 vero

905 2830 1034 2855 vestem
1051 2829 1215 2855 mutatam
1233 2833 1299 2854 uon
1322 2832 1342 2852 a
1358 2822 1522 2860 Fortuna,
1541 2824 1601 2854 sed

906 2874 949 2904 ab
975 2874 1024 2905 his
1052 2883 1133 2914 quos
1156 2872 1310 2911 afflictos,
1333 2881 1371 2903 ac
1399 2873 1540 2912 proinde
1568 2874 1601 2904 in
