1916 3262
558 276 909 309 neis'ronAnnM
943 277 1039 308 nni.
1069 276 1121 308 ιι.
1156 266 1194 307 1.
1223 287 1231 299 ·
1479 268 1592 310 1239

148 373 258 415 Cum
279 377 395 414 recte
415 374 602 414 tractent
615 370 708 419 alii,
723 369 902 412 laudare
922 370 1134 423 maligne3

146 439 232 481 Ille
250 451 328 493 per
347 443 566 480 extentum
586 436 730 478 funem
753 437 857 478 mihi
877 448 1011 491 posse
1036 437 1205 479 videtur
1506 436 1590 479 210

147 507 219 548 Ire
238 506 387 560 poeta,
405 516 548 546 meum
569 503 646 557 qui
666 508 825 556 pectus
844 503 1032 545 inaniter
1052 504 1190 557 angit,

145 572 309 622 Irritat,
329 571 504 620 mulcet,
524 569 649 611 falsis
670 570 906 611 terroribus
927 569 1083 623 implet

146 639 208 681 Ut
227 651 408 692 magus3
436 643 483 679 et
502 637 634 678 modo
654 650 724 678 me
744 637 927 687 Thebis,
948 636 1080 678 modo
1102 636 1230 691 ponit
1250 636 1456 680 Athenis.

145 705 313 747 Verum
332 718 415 758 age
435 710 479 746 et
496 704 579 755 his,
597 705 675 758 qui
694 717 741 745 se
763 704 912 747 lectori
931 703 1112 747 credere
1133 705 1315 755 malunt,

147 771 294 822 Quam
315 771 580 826 spectatoris
599 770 781 812 fastidia
801 771 909 813 ferre
927 771 1121 825 superbi,
1505 773 1592 815 215

78 936 82 940 ›
143 920 271 951 &nudare
287 930 324 952 ea
338 931 407 962 ‹111oe
414 921 522 960 facere
537 923 715 958 detrectem,
728 922 849 962 quando
863 921 940 953 scite
958 923 1113 962 peragunt
1128 922 1239 952 ceteri.-
1265 921 1293 952 is
1306 919 1398 961 poeta
1411 920 1491 951 mihi
1505 919 1591 951 vide-

145 966 296 1002 turpasse
316 964 475 995 ambulare
498 973 553 1004 per
561 964 673 1003 funem
690 967 863 1002 extentum,
877 964 930 1004 qui
952 973 1052 995 meum
1072 973 1125 994 cor
1138 963 1229 1005 fictis
1254 962 1443 995 sermonibus
1457 966 1592 1002 torquet,

143 1004 299 1044 stimulat,
326 1007 443 1046 placat,
469 1006 568 1043 salsis
591 1006 761 1037 terroribus
787 1006 933 1041 concutit,
955 1006 1039 1037 velut
1062 1015 1175 1045 magus
1186 1017 1199 1043 ‚·
1235 1016 1271 1037 ac
1297 1006 1384 1036 modo
1405 1015 1453 1036 me
1467 1004 1593 1043 Thebis,

143 1047 234 1078 nodo
257 1048 390 1080 Athenis
403 1049 576 1080 constituit.
621 1049 692 1088 Age
711 1058 784 1080 vero
795 1048 942 1080 imminue
955 1048 1167 1080 solicitudines
1180 1058 1284 1080 eorum
1298 1047 1391 1079 etiam
1401 1048 1455 1089 qui
1473 1047 1594 1078 malunt

144 1097 179 1120 ee
192 1088 317 1122 Lectori
331 1091 536 1131 committere,
551 1101 641 1132 quam
662 1091 792 1123 tolerare
818 1094 1004 1122 contemtum
1026 1090 1209 1131 spectatoris
1221 1090 1407 1128 fastidiosi,-
1429 1089 1593 1130 siquidem

751 1197 769 1208 e
773 1195 947 1209 eeeeeeeee
951 1197 989 1208 re

143 1273 227 1302 recte
239 1275 390 1303 notatum
404 1281 447 1303 ex
463 1272 538 1304 cod.
555 1273 588 1304 in
603 1283 663 1305 ora
677 1272 758 1305 ΑΜ.
772 1276 868 1306 1501.
891 1273 926 1304 iu
941 1272 1106 1304 Biblioth.
1121 1271 1275 1303 Vatican.
1298 1274 1437 1302 tractant
1444 1269 1591 1301 Schoen-

144 1310 239 1344 born.
254 1316 286 1345 4.
309 1314 435 1355 aliique
451 1315 549 1346 codd.
567 1324 622 1355 ap.
638 1316 860 1346 Feam.—210
884 1315 955 1354 lpse
974 1324 1033 1354 per
1046 1317 1205 1345 extentum
1219 1313 1376 1344 Vallicel.
1393 1315 1424 1343 1.
1460 1311 1514 1342 Ire
1535 1321 1592 1351 per

141 1357 323 1386 externum.
343 1378 373 1387 ..
389 1356 448 1386 Ine
472 1355 562 1395 poeta
586 1356 740 1396 Angeiic.
767 1358 799 1387 8.
822 1359 982 1386 extensum
1007 1354 1185 1386 Barberin.
1203 1357 1234 1385 1.
1259 1363 1344 1385 unus
1370 1353 1482 1384 Puim.
1507 1361 1591 1383 unus

140 1396 225 1427 item
242 1397 370 1428 Vatari.
386 1402 422 1429 et
437 1402 590 1428 notatum
607 1398 641 1428 in
658 1406 765 1437 marg.
781 1396 859 1428 ΑΜ.
877 1399 971 1428 1509.
985 1397 1018 1427 in
1034 1396 1200 1428 Biblioth.
1218 1395 1398 1427 Barberin.
1430 1397 1592 1425 extentum

131 1437 234 1479 *nm
258 1439 440 1480 Bamberg.
474 1439 551 1470 milti
565 1438 679 1478 sunem
703 1440 782 1471 Vat.
799 1441 973 1470 19.-—212.
996 1440 1060 1469 213
1084 1436 1222 1470 Wakef.
1245 1438 1350 1479 legit:
1375 1437 1482 1477 implet
1497 1447 1510 1473 ‚·
1536 1436 1592 1475 Et,

139 1487 250 1519 uragu
268 1484 318 1520 ut,
345 1482 444 1513 modo.
487 1481 567 1513 Vid.
583 1482 676 1524 Sylv.
694 1482 778 1514 Crit.
794 1491 843 1513 w.
861 1491 896 1522 p.
913 1483 944 1512 3.
989 1485 1020 1512 et
1034 1481 1146 1512 mulcet
1160 1479 1391 1512 Schoenborn.
1408 1483 1440 1511 3.
1477 1479 1523 1511 Ut
1544 1488 1592 1509 me

141 1520 243 1562 Argis
252 1525 342 1556 modo
354 1534 402 1557 me
418 1523 531 1556 Thebis
550 1526 637 1556 modo
657 1528 752 1565 ponat
771 1524 905 1556 Athenis
930 1524 1020 1565 conj.
1037 1523 1307 1564 Rutgers.—214
1330 1523 1410 1555 Vat.
1427 1522 1542 1554 Palat.
1561 1523 1590 1551 1.

787 1631 929 1664 NOTAE

139 1706 216 1736 teor
234 1713 288 1736 me
312 1703 402 1745 illos,
422 1705 450 1736 si
476 1705 586 1747 perite
609 1714 679 1737 rem
694 1704 837 1737 molian-

141 1758 209 1794 tur,
223 1763 359 1798 prorsus
375 1754 545 1787 admirari.

183 1806 248 1836 2⁰9
269 1804 414 1837 Laudare
424 1804 575 1845 maligne]
597 1804 744 1845 Exigue,
756 1813 838 1845 qua·

142 1852 172 1884 si
198 1853 383 1900 invidendo
408 1854 487 1885 illis.
520 1854 644 1894 Virgit.
673 1853 745 1884 AEn.
771 1862 838 1884 vu.

141 1903 152 1919 ‘
170 1902 281 1936 Quale
304 1913 365 1944 per
379 1904 542 1935 incertam
558 1904 671 1934 lunam
687 1903 748 1934 sub
762 1903 839 1934 luce

143 1951 316 1993 maligna.¹

186 2002 250 2032 210
273 2001 339 2033 Per
359 2004 520 2033 extentum
531 2001 653 2039 sunem,
668 2000 738 2041 δῖα]
762 2002 838 2033 Μο-

141 2050 197 2082 liri
223 2055 260 2082 et
288 2050 456 2092 perficere
485 2051 574 2093 quod
604 2049 838 2083 difficillimum

140 2104 206 2132 eet.

184 2152 246 2183 211
273 2151 337 2187 Qui
360 2154 466 2192 pectus
489 2151 627 2183 inaniter·
651 2152 754 2192 angit,
769 2151 838 2193 astu]

139 2202 210 2236 Qui
237 2211 300 2244 pro
325 2201 466 2234 arbitrio
486 2207 600 2234 movet
621 2203 783 2243 animum,
804 2207 840 2235 et

138 2251 175 2283 in
188 2251 377 2294 quamlibet
391 2257 524 2294 partem
539 2251 698 2294 inflectit,
714 2261 774 2284 seu
795 2253 838 2284 ad

140 2301 336 2343 dolendum,
352 2312 410 2334 seu
427 2302 470 2334 ad
494 2303 700 2342 iaetandum3
724 2304 778 2335 vel
794 2303 837 2335 ad

138 2351 238 2390 iram,
261 2353 315 2384 vei
344 2354 386 2384 ad
412 2354 672 2394 miserationem,
698 2354 740 2386 ad
769 2364 837 2385 me-

141 2404 344 2444 tum‚apem,
358 2405 422 2435 ὅτε.
454 2404 565 2445 Epist.
581 2403 624 2435 ad
639 2403 711 2436 Pis.
725 2405 735 2422 ⁴
747 2404 838 2437 Quo·

141 2459 287 2492 cumque
329 2453 443 2485 volent
482 2454 628 2487 animum
673 2453 837 2486 auditoris

141 2500 298 2543 agunto)

183 2555 248 2585 213
274 2552 410 2593 Magus]
446 2553 693 2596 praestigiator,
721 2557 837 2588 oeulos

139 2601 324 2635 fascinans.
362 2602 450 2634 Vide
463 2603 544 2635 Caei.
560 2603 706 2645 Rhodig.
722 2614 773 2638 ix.
784 2607 839 2638 2³.

141 2652 233 2685 Ptin.
248 2654 314 2685 ὅτε.

187 2702 284 2734 Modo
300 2712 346 2734 me
363 2701 488 2743 Thebis,
503 2700 576 2743 ξω]
599 2702 690 2735 Dum
710 2702 761 2735 ita
781 2703 841 2736 de·

144 2752 336 2785 scribuntur
352 2757 388 2784 et
404 2756 583 2784 narrantur
598 2753 632 2784 in
648 2762 752 2786 scena
761 2764 839 2796 quae

137 2803 266 2837 Thebis
279 2804 332 2836 vei
345 2803 488 2836 Athenis
502 2808 599 2845 gesta
612 2808 703 2846 sunt,
719 2808 758 2837 ut
772 2805 839 2837 inic

889 1704 1053 1736 interesse
1089 1703 1243 1736 videatur
1276 1702 1340 1735 sibi
1373 1701 1519 1743 auditor,
1554 1708 1590 1735 et

891 1764 961 1787 rem
975 1755 1081 1787 oculis
1103 1758 1273 1795 spectare.
1317 1753 1464 1785 Aristot.
1488 1753 1590 1785 Poet.

890 1803 901 1820 ‘
918 1808 1078 1846 tanquam
1093 1804 1232 1836 intersit
1253 1803 1355 1835 rebus
1380 1803 1464 1845 ipsis
1487 1813 1591 1845 agen-

891 1853 966 1885 dis.’
1010 1853 1120 1886 Porro
1133 1853 1200 1885 inae
1224 1853 1324 1884 urbes
1341 1853 1516 1894 praecipue
1531 1863 1591 1885 no—

891 1904 1075 1943 minantur,
1094 1902 1188 1944 quod
1213 1901 1293 1934 inde
1318 1902 1494 1935 materiam
1519 1903 1590 1944 pie-

893 1963 1034 1995 rumque
1067 1953 1202 1994 Tragici
1241 1952 1479 1985 desumserint.
1538 1953 1589 1984 De

891 2004 1014 2036 Thebis
1048 2013 1090 2036 ιι.
1128 2004 1200 2036 Sat.
1229 2007 1260 2036 6.
1291 2004 1332 2035 de
1363 2003 1510 2036 Athenis
1546 2013 1589 2035 n.

893 2055 965 2087 Sat.
983 2058 1015 2086 7.

935 2106 998 2136 214
1028 2103 1144 2136 Verum
1156 2103 1230 2145 age]
1254 2102 1444 2144 Augustum
1458 2105 1589 2137 Comoe-

893 2153 951 2186 dia
980 2153 1014 2185 in
1046 2154 1165 2195 primis
1194 2153 1400 2195 gaudentem
1428 2154 1589 2186 hortatur

893 2204 1016 2244 Poeta,
1030 2209 1068 2236 ut
1083 2203 1201 2237 faveat
1216 2213 1282 2236 non
1293 2205 1400 2237 solum
1415 2204 1590 2236 Dramati-

895 2255 944 2287 cie
959 2254 1020 2286 sed
1038 2259 1073 2286 et
1088 2254 1221 2295 Epicis:
1247 2253 1521 2296 quandoquidem
1539 2255 1590 2286 his

891 2307 999 2347 magis
1022 2315 1123 2347 quam
1146 2305 1212 2336 iilis
1234 2306 1374 2338 heroum
1399 2311 1520 2336 nomen
1546 2306 1589 2336 ad

891 2362 1047 2397 posteros
1064 2355 1323 2388 transmittitur:
1352 2360 1459 2397 utque
1474 2364 1590 2386 omnes

892 2415 990 2448 aeque
1012 2406 1161 2447 praemiis
1184 2405 1337 2437 stimulet
1361 2405 1404 2436 ad
1431 2409 1526 2436 recte
1554 2408 1590 2435 et

891 2456 1024 2488 naviter
1039 2455 1268 2488 scribendum.

937 2506 1002 2542 Qui
1022 2515 1056 2538 se
1080 2506 1203 2545 lectori,
1230 2505 1299 2546 εμπ]
1323 2505 1391 2539 Qui
1417 2504 1512 2535 Odas
1537 2504 1590 2533 vel

891 2556 986 2597 Epos
1014 2557 1146 2587 malunt
1171 2565 1376 2595 componere
1401 2564 1421 2584 a
1443 2554 1590 2594 posteris

892 2606 1053 2647 legenda,
1076 2615 1175 2646 quam
1191 2605 1310 2636 drama
1328 2602 1554 2643 spectandum
1569 2612 1590 2634 a

893 2657 1022 2697 populo
1051 2665 1144 2695 saepe
1176 2655 1218 2686 ad
1255 2654 1420 2694 optimum
1450 2662 1588 2685 carmen

891 2705 1100 2745 fastidiente,
1115 2703 1157 2735 ad
1179 2703 1331 2743 ineptam
1348 2712 1428 2735 vero
1443 2703 1522 2744 ursi,
1534 2696 1587 2734 'fu-

893 2756 1054 2790 nambuli‚
1078 2763 1258 2795 purpureae
1285 2754 1386 2786 vestis
1407 2754 1588 2796 spectatio—

893 2815 969 2837 nem
986 2805 1166 2846 gestiente.
1190 2802 1276 2835 Vide
1290 2813 1404 2845 supra.
