1982 3230
533 302 886 334 Epls'ronARUM
922 303 1019 334 mn.
1052 302 1084 338 ι.
1113 291 1184 334 20.
1474 293 1588 336 1203

131 399 285 441 Ludus
306 398 421 439 enim
441 397 590 450 genuit
610 396 834 450 trepidum
854 400 1075 438 certamen
1092 400 1135 438 et
1153 396 1289 447 iram;

132 467 208 508 Ira
227 469 373 508 truces
394 464 653 506 inimicitias
674 468 717 506 et
735 462 919 505 funebre
940 463 1128 506 bellum.

127 602 244 685 &a
250 601 482 642 trepidationes,
496 609 630 641 pugnos,
647 599 901 640 indignationes.-
921 597 1101 638 indignatio
1126 610 1196 632 vero
1206 599 1318 632 acerbo
1333 600 1415 640 odiu,
1429 603 1458 632 el
1476 599 1588 631 bellum

244 653 271 676 e.

733 715 750 727 0
757 714 979 729 Omnnu‘

131 811 186 842 ap.
210 801 344 832 Valart.
369 799 504 842 recepit
530 800 656 833 Sanad.
683 800 894 841 auctoribus,
916 805 955 832 nt
981 801 1042 839 ait,
1069 801 1203 840 Vossio,
1229 805 1264 832 et
1288 800 1476 840 Salmasio;
1510 801 1590 833 inde

130 843 276 885 Dorigli.
299 845 308 861 ‘
321 843 464 884 Ignorat
479 846 639 885 uterque,
651 844 926 885 praepositionem
948 844 958 861 ‘
975 843 1009 874 di
1022 843 1029 855 '
1047 844 1173 885 apponi
1195 844 1310 875 verbis
1326 843 1536 885 compositis,
1554 849 1593 875 ut

129 887 323 927 exprimant
338 887 604 927 separationem,
619 887 880 927 sejunctionem,
895 886 1097 918 divisionem
1116 886 1149 917 in
1168 887 1251 918 duas
1269 892 1394 927 partes.
1441 886 1489 918 At
1504 896 1593 927 prae-

131 929 256 970 positio
278 929 292 946 ‘'
302 929 347 961 de
359 928 370 943 ’
394 930 429 960 in
445 929 645 970 compositis
661 929 791 961 indicat
807 929 1064 961 derivationem.
1089 929 1166 960 Vid.
1183 938 1209 961 ι.
1227 930 1294 961 Od.
1310 932 1363 960 35.
1379 931 1432 960 39.
1447 929 1491 960 de
1503 928 1591 960 Arte

130 970 230 1004 Ροὸῑ.
247 974 320 1004 129.
336 974 413 1004 326.
458 971 551 1003 Hinc
567 972 688 1003 diludia
713 977 792 1004 sunt
806 972 989 1003 divisiones
1011 971 1168 1002 ludorum
1192 973 1226 1002 in
1253 972 1367 1010 plures
1383 972 1482 1010 dies3
1505 972 1591 1012 sive,

130 1019 168 1046 ut
182 1014 325 1055 exponit
342 1014 544 1055 Porpliyrio.
560 1015 569 1031 ⁴
588 1015 886 1052 intermissionem,
899 1015 954 1045 vel
970 1013 1169 1045 dilationem
1184 1014 1365 1046 ludorum!
1387 1013 1474 1044 Vide
1486 1014 1592 1045 etiam

130 1055 224 1089 Guil.
240 1056 380 1088 Cauter.
396 1057 483 1088 Nov.
503 1058 602 1088 Lect.
619 1057 641 1089 1.
655 1065 706 1089 vr.
723 1067 754 1089 c.
764 1059 798 1089 4.
809 1061 818 1076 ⁸
831 1057 999 1089 Deludia'
1012 1066 1176 1097 nusquam
1194 1057 1311 1088 extat!
1331 1056 1496 1088 fem—48
1513 1057 1593 1087 Vat.

128 1102 161 1130 4.
173 1103 306 1139 generat
323 1100 489 1140 trepidum.
514 1100 662 1139 Cuning.
679 1109 772 1131 more
789 1109 861 1138 suo,
883 1100 1036 1140 trepidum
1055 1100 1189 1138 genum
1213 1100 1291 1130 inde
1306 1098 1429 1131 Sanad.
1446 1104 1480 1130 et
1497 1099 1591 1130 Mer-

132 1141 200 1173 vill.
234 1142 346 1181 genuit
361 1142 510 1182 trepitum
523 1143 605 1173 Vat.
623 1143 719 1173 Rom.
734 1145 767 1174 9.
784 1142 873 1174 unde
886 1143 956 1174 Fea
969 1142 1060 1182 conj.
1076 1142 1340 1182 strepitum—49
1356 1142 1484 1173 Venet.
1500 1143 1595 1173 1481.

129 1183 296 1224 bellumque
301 1184 448 1223 funebre.
484 1184 631 1225 Cuning.
648 1184 774 1217 Sanad.
790 1185 944 1216 Mervill.
961 1190 997 1216 et
1017 1184 1157 1225 Dorigh.
1173 1195 1208 1215 uc
1214 1184 1362 1222 funebre.

792 1301 935 1334 NOTAE

132 1386 324 1420 accuratius
353 1385 570 1417 emendanda
593 1395 669 1427 quae
695 1385 833 1425 scripsi,
885 1384 970 1414 simo
993 1383 1159 1414 Salmasio
1181 1382 1297 1423 legere
1326 1382 1464 1424 deludio,
1486 1386 1521 1414 et
1543 1384 1594 1415 lu·

131 1442 310 1478 antequam
337 1434 540 1474 vulgentur:
567 1433 659 1476 quod
683 1434 834 1465 luculen-
885 1431 990 1464 dendi
1018 1431 1245 1464 cessationem
1274 1436 1311 1463 et
1341 1431 1458 1474 finem,
1487 1432 1592 1465 inter-

131 1495 186 1520 ter
213 1486 374 1520 admonet
406 1487 564 1528 Epistola
597 1485 642 1519 ad
674 1486 832 1518 Pisones.
887 1483 1027 1525 pretari.

129 1537 338 1579 Metaphora
367 1540 422 1568 est
449 1546 470 1568 a
501 1536 708 1578 gladiatorio
738 1535 832 1569 ludo.
927 1536 971 1566 48
993 1534 1102 1566 Ludus
1128 1533 1223 1573 enim,
1250 1531 1319 1573 Bra]
1355 1532 1487 1564 Climax
1512 1538 1586 1564 est:

130 1589 221 1622 Nam
247 1587 340 1619 intra
369 1586 442 1619 dies
472 1597 596 1628 pugnae
628 1586 834 1628 destinatos,
887 1585 1004 1617 Ludus
1031 1589 1218 1624 certamen,
1243 1588 1420 1615 certamen
1447 1582 1594 1622 iras,ira

129 1639 277 1680 spatium
299 1636 552 1669 concedebatur
574 1637 835 1678 gladiatoribus,
888 1635 1094 1674 inimicitias,
1110 1635 1162 1667 hae
1188 1635 1314 1666 bellum
1343 1638 1512 1674 generant
1533 1633 1593 1665 ali·

131 1693 170 1721 ut
183 1698 219 1720 se
238 1687 283 1721 ad
298 1686 498 1719 certandum
521 1687 642 1718 melius
657 1696 834 1728 compara·
888 1687 1022 1729 quando
1038 1685 1182 1719 funebre
1198 1691 1233 1718 et
1249 1686 1452 1718 luctuosum.

130 1743 218 1772 rent.
259 1737 377 1770 Malim
393 1746 459 1779 ego
477 1741 592 1770 tamen
614 1747 692 1770 cum
711 1736 834 1769 doctis-

626 1921 942 1967 EPISTOLA
973 1923 1100 1965 XX.

619 2048 688 2079 AD
722 2046 917 2077 LIBRUM
950 2045 1108 2078 SUUM.

135 2138 294 2172 Carmina
305 2147 366 2170 sua
381 2136 482 2178 vulgo
504 2135 666 2178 prostitui
681 2134 789 2166 dolet.
813 2134 915 2165 Baxt.
958 2132 1104 2174 (Severe
1120 2130 1220 2163 nimis
1237 2134 1445 2172 conceptum
1461 2129 1597 2170 lemma,

175 2193 300 2225 Monet
320 2190 445 2223 librum
463 2190 499 2222 ln
519 2189 587 2221 fine
610 2190 683 2230 ipso
699 2187 890 2227 voluminis,
903 2196 977 2229 quae
1001 2185 1074 2218 fata
1096 2186 1190 2217 illum
1214 2187 1388 2216 maneant.
1434 2183 1597 2216 Jucunda

178 2245 399 2288 apostrophe,
415 2253 481 2286 qua
495 2243 560 2275 sibi
584 2243 759 2275 blanditur
782 2242 907 2283 potius,
921 2245 958 2272 et
973 2239 1126 2271 delatum
1150 2238 1192 2270 iri
1210 2239 1243 2269 in
1263 2237 1395 2269 scholas
1410 2241 1447 2268 et
1462 2236 1496 2267 in
1519 2244 1598 2276 pro-

178 2298 308 2331 vincias
330 2297 484 2330 carmina
506 2306 567 2328 sua
590 2296 785 2337 pollicetur,
798 2303 899 2336 quam
923 2297 963 2325 ut
984 2293 1025 2324 iis
1041 2295 1186 2324 metuat.
1229 2290 1300 2322 Sub
1325 2289 1462 2321 satirica
1483 2292 1519 2320 et
1537 2288 1598 2319 liu·

179 2351 251 2383 mili
264 2350 378 2392 specie
394 2349 480 2382 dicit
504 2349 559 2381 hic
573 2358 640 2380 non
655 2348 788 2379 minora
810 2356 911 2389 quam
934 2346 1048 2378 Carm.
1076 2354 1135 2377 111.
1157 2347 1210 2376 30.
1255 2342 1406 2375 Pulchre
1429 2342 1496 2373 ista
1513 2340 1599 2372 vidit

179 2411 218 2438 et
231 2407 382 2439 imitatus
396 2410 451 2438 est
466 2405 643 2438 Gallorum
661 2403 826 2436 Horatius
842 2402 955 2443 Epist.
976 2409 1032 2434 xi.
1047 2401 1102 2442 qui
1119 2400 1224 2432 etiam
1240 2399 1365 2431 docere
1379 2396 1598 2429 Sanadonnm

181 2463 331 2500 poterat,
345 2469 412 2491 non
428 2468 570 2491 necesse
584 2467 672 2497 esse,
686 2461 726 2489 nt
749 2457 785 2488 in
801 2455 916 2487 fronte
932 2454 1111 2487 voluminis
1135 2457 1282 2495 ponatur
1298 2452 1370 2484 tale
1385 2450 1598 2492 opusculum.

185 2510 301 2552 Gen.)
346 2511 522 2553 Allegoria
537 2510 717 2543 admodum
724 2510 845 2551 jocosa
856 2509 977 2544 utitur.
989 2517 1057 2550 qua
1074 2506 1304 2548 Epistolarum
1319 2504 1491 2541 volumen,
1507 2499 1597 2542 quod

183 2563 227 2596 ad
242 2563 357 2596 Sosios
379 2563 581 2605 bibliopolas
603 2564 724 2604 mittit,
739 2566 918 2603 comparat
940 2571 1019 2593 cum
1033 2560 1102 2592 filia
1125 2560 1270 2598 lasciva,
1285 2567 1362 2599 quae
1385 2565 1451 2587 non
1469 2552 1598 2586 diutius

185 2619 220 2651 in
237 2617 367 2649 aedibus
383 2617 535 2657 paternis
551 2620 680 2648 restare
696 2616 783 2654 vult,
798 2614 871 2652 sed,
886 2614 993 2645 invito
1010 2618 1123 2654 patre,
1137 2613 1169 2643 in
1191 2611 1363 2652 publicum
1382 2606 1519 2649 prodire
1534 2604 1599 2635 ibi·

185 2679 252 2712 que
269 2674 426 2711 prostare
441 2668 548 2710 cupit.
593 2668 710 2699 Romae
726 2667 863 2709 quidem
881 2666 942 2702 ait,
955 2665 1114 2707 quamdiu
1127 2663 1172 2695 sit
1187 2670 1319 2700 recens„
1337 2663 1507 2690 amatores
1525 2665 1600 2688 esso

186 2728 417 2764 reperturum,
433 2722 492 2754 sed
509 2721 648 2754 tandem
667 2724 727 2752 aut
749 2720 942 2760 neglectum
963 2719 1076 2760 plane,
1091 2721 1150 2747 aut
1173 2716 1209 2746 in
1229 2712 1369 2745 exilium
1384 2711 1521 2743 Uticam
1544 2708 1600 2740 vei

186 2776 337 2811 Ilerdam
354 2775 492 2808 missum
506 2775 560 2816 iri,
575 2778 633 2807 aut
654 2772 770 2815 pueris
793 2771 836 2803 ad
858 2771 1036 2803 literarum
1054 2769 1227 2800 elementa
1250 2765 1331 2797 inde
1346 2762 1510 2796 discenda
1525 2770 1600 2795 ene

187 2829 403 2862 serviturum.
