1916 3262
372 280 482 321 1:322

834 296 878 330 Q.
910 294 1117 325 Ho-RATH
1151 297 1318 328 FLACCI

371 383 581 424 Versibus
601 385 801 434 exacuit3
831 384 962 425 dictae
984 397 1062 437 per
1081 388 1269 429 carmina
1287 396 1451 443 sortes;

371 447 428 489 Et
447 450 551 490 vitae
572 454 805 490 monstrata
825 450 897 490 via
917 454 1009 501 θεῖς
1037 454 1080 491 et
1098 454 1235 503 gratia
1253 468 1396 508 regum

371 513 526 555 Pieriis
546 518 711 556 tentata
729 515 895 566 modis;
924 516 1139 570 ludusque
1157 525 1364 571 repertus,

1703 525 1787 566 405

372 579 430 619 Et
451 581 671 632 longorum
693 594 875 635 operum
895 582 1015 625 finis:
1045 597 1098 624 ne
1115 584 1228 625 sorte
1244 586 1400 639 pudori

372 644 441 685 Sit
458 646 536 686 tibi
558 645 689 686 Musa
707 646 814 699 lyrae
832 647 985 697 solers,
1006 653 1051 689 et
1071 652 1220 691 cantor
1241 653 1421 705 Apollo.

373 710 543 751 Natura
561 712 682 752 fieret
699 713 918 754 laudabile
939 727 1121 764 carmen,
1139 728 1194 756 an
1214 721 1320 767 arte,

373 775 619 825 Quaesitum
640 781 730 818 est:
762 791 841 830 ego
862 791 942 819 nec
963 779 1157 821 studium
1173 781 1267 822 sine
1287 783 1420 825 divite
1442 797 1565 834 vena,

373 909 470 941 tiata:
493 916 521 943 el
537 913 658 945 vivendi
672 915 817 947 instituta
832 916 951 947 tradita
965 919 1057 947 sunt.-
1079 926 1132 947 nec
1152 926 1213 947 non
1231 917 1338 956 gratia
1360 917 1540 958 Principum
1560 921 1691 957 captata.
1735 917 1790 949 In·

372 952 456 982 venti
470 954 562 985 etiam
581 957 657 994 ludi,
670 960 722 996 atq
725 967 761 988 ue
775 957 888 988 laboris
902 958 1041 988 diuturni
1055 958 1217 989 solatium.-
1239 968 1277 989 ne
1289 959 1426 995 fortasse
1440 958 1721 991 verecundamini
1735 958 1791 996 fa-

370 991 453 1023 ciant
470 995 570 1026 Musae
584 998 746 1037 lyricorum
758 999 868 1038 peritae
880 1003 910 1030 et
921 999 1054 1030 Phoebus
1067 1009 1191 1030 canens.
1213 1000 1417 1040 Disceptatur
1423 1000 1618 1038 Jamdudum.
1629 1011 1669 1032 an
1683 1000 1792 1031 bonum

369 1034 475 1072 po'e'ma
489 1037 531 1067 sit
546 1048 564 1068 ιι
580 1043 703 1079 natura,
716 1050 756 1071 an
773 1041 809 1071 ab
823 1044 900 1072 arte.
930 1042 1000 1080 Ego
1014 1042 1134 1081 quidem
1147 1051 1207 1073 non
1220 1042 1305 1074 video
1320 1043 1394 1083 quid
1406 1043 1506 1074 valeat
1520 1052 1571 1073 ars
1584 1041 1793 1082 absquefelim'

971 1131 1204 1147 eeeeaeeeeeeee

375 1195 468 1224 1492.
483 1193 585 1224 Aldd.
604 1197 633 1225 l.
650 1197 680 1225 2.
693 1197 723 1225 3.
737 1195 832 1228 Junt.
851 1198 945 1227 1503.
961 1199 996 1227 et
1009 1196 1086 1228 edd.
1099 1200 1353 1229 recentt.—40‹1
1375 1198 1417 1230 Ut
1431 1199 1503 1229 vitoe
1519 1197 1597 1229 vat.
1613 1198 1708 1229 Rom.
1721 1198 1752 1226 8.
1773 1204 1793 1226 a

373 1244 416 1265 m.
433 1245 484 1275 pr.

515 1236 622 1274 gratia
635 1246 738 1267 rerum
759 1237 838 1268 Vat.
855 1242 886 1269 4.
901 1237 1047 1270 Chisian.
1060 1241 1091 1270 1.
1107 1248 1126 1269 a
1142 1249 1186 1270 m.
1203 1243 1362 1280 pr.—409
1384 1239 1528 1273 Quidam
1553 1238 1650 1271 codd.
1671 1236 1792 1269 Achill-

1017 1342 1048 1373 N
1054 1342 1155 1374 01*AE

373 1401 548 1442 proferens
564 1413 573 1431 :
596 1403 750 1435 ,Iustinus
786 1403 954 1434 historiam
983 1402 1057 1434 fuse

374 1461 513 1483 narrans
526 1452 612 1483 Lm.
629 1453 982 1491 Plutarchus,Snidas,
992 1454 1055 1484 διο.

414 1503 475 1531 403
498 1501 602 1531 Dictae
625 1510 679 1540 per
707 1502 841 1532 carmina
865 1499 978 1539 sortes]
1011 1501 1055 1532 Α-

373 1549 463 1588 pollo
488 1548 637 1580 versibus
662 1550 794 1590 quidem
824 1549 977 1580 Heroicis
1005 1554 1057 1580 ut-

374 1597 551 1636 plurimum
569 1607 727 1637 responsa
739 1598 852 1629 dabat.
889 1598 978 1629 Ptin.
991 1607 1056 1630 vn.

372 1647 425 1676 56.
448 1645 610 1675 ‘Versum
638 1645 821 1676 Heroicum
839 1646 964 1686 Pythio
985 1655 1057 1677 ora-

374 1693 450 1724 culo
466 1693 649 1724 debemus:
678 1695 800 1734 Virgil.
815 1694 888 1725 AEu.
905 1703 955 1726 tv.
970 1696 980 1713 ‘
992 1703 1058 1726 sor-

375 1741 442 1772 tes’
468 1742 531 1772 hoc
560 1751 660 1773 sensu
689 1752 755 1773 non
784 1742 886 1773 semel
906 1747 1059 1783 usurpat.

373 1791 463 1822 Tull.
492 1791 534 1821 cle
563 1791 678 1822 Divin.
703 1800 743 1822 n.
772 1791 879 1823 ‘Cum
906 1801 978 1822 sors
1003 1792 1061 1822 illa

374 1841 466 1873 edita
494 1846 548 1872 est
574 1841 828 1881 opulentissimo
852 1842 924 1882 regi
948 1840 1058 1873 Asiae:

374 1892 383 1909 ‘
399 1891 533 1923 Croesus
557 1891 677 1931 Halym
703 1896 884 1932 penetrans
907 1900 1061 1932 magnam

376 1945 548 1981 pervertet
572 1951 672 1981 opum
699 1941 763 1972 vim
777 1941 799 1980 ;'
826 1942 971 1973 hostium
995 1943 1060 1972 vim

373 1999 449 2020 sese
478 1999 710 2030 perversurum
752 1991 894 2030 putavit,
925 2000 1061 2030 perver-

376 2039 418 2070 tit
434 2045 545 2070 autem
561 2039 676 2070 suam!
715 2039 803 2070 Vide
829 2039 1001 2070 Plutarch.
1026 2039 1060 2070 in

374 2087 515 2118 Theseo.

417 2138 480 2167 404
506 2136 587 2167 Vitae
612 2139 780 2167 monstrata
806 2136 857 2167 via
882 2137 943 2177 est]
978 2137 1060 2169 Qui-

376 2184 453 2215 dam
477 2184 670 2224 intelligunt
699 2189 873 2225 praecepta
900 2194 1026 2216 morum
1050 2195 1059 2216 :

376 2242 417 2264 eo
435 2233 522 2273 quod
539 2233 695 2264 libentius
712 2233 892 2264 audiuntur
904 2238 940 2264 et
954 2233 1061 2264 facili-

376 2291 415 2313 us
439 2282 626 2313 retinentur
640 2292 714 2323 quae
733 2283 852 2313 stricta
873 2291 969 2322 quam
985 2292 1060 2324 quae

375 2331 482 2362 soluta
513 2331 662 2362 oratione
688 2331 815 2371 scripta
836 2336 924 2362 sunt.
965 2331 1062 2362 Talia

376 2386 455 2411 sunt
482 2381 569 2421 apud
594 2380 791 2419 Hesiodum,
816 2380 1061 2421 Theognidem,

378 2429 610 2470 Phocylidem,
628 2429 869 2470 Epimenidem,
885 2432 949 2461 διο.
993 2429 1062 2461 Alii

376 2478 643 2518 interpretantur
656 2478 800 2509 carmina
812 2477 854 2508 de
864 2479 962 2509 rebus
974 2478 1062 2518 Phy-

378 2527 468 2566 sicis,
493 2532 530 2558 nt
555 2527 629 2558 υἱέα»
653 2527 696 2558 sit
721 2536 795 2567 pro,
817 2532 956 2566 naturae,
971 2527 1062 2567 cujus

379 2586 500 2607 arcana
516 2577 738 2616 explicantur.
782 2576 875 2607 Talia
900 2576 1061 2617 scripsere

379 2626 611 2666 Empedocles,
625 2626 813 2665 Lucretius,
826 2627 889 2658 διο.

423 2675 537 2705 Gratia
560 2684 666 2713 regum
682 2673 814 2713 tentata]
838 2674 955 2705 Poetae
977 2673 1062 2713 regi-

379 2722 440 2752 bus
470 2724 604 2761 gratiosi
627 2724 835 2754 extiterunt:
859 2723 908 2754 sic
935 2722 1064 2754 Aristo-

380 2771 503 2811 phanes
520 2771 716 2812 Ptolemaeo,
735 2772 907 2812 AEschylus
922 2778 958 2804 et
974 2771 1064 2803 Ana-

1109 1413 1210 1435 creon
1226 1404 1410 1444 Polycrati,
1423 1403 1600 1443 Euripides
1615 1402 1792 1442 Archelao,

1109 1452 1293 1484 Simonides
1309 1453 1462 1491 Hieroni‚
1478 1451 1600 1483 Aratus
1613 1450 1797 1492 Antigono,

1109 1501 1302 1533 Alexandro
1331 1502 1429 1532 etiam
1459 1500 1637 1539 Choerilus,
1666 1500 1793 1531 Ennius

1108 1551 1270 1591 Scipioni,
1297 1551 1436 1582 Archias
1453 1550 1608 1590 Lucullo,
1633 1549 1792 1589 Virgilius

1110 1603 1146 1629 et
1169 1599 1330 1630 Horatius
1360 1597 1513 1639 Augusto
1537 1608 1575 1628 ac
1599 1597 1794 1632 Maecenati.

1111 1647 1314 1679 Claudianus
1341 1647 1503 1682 Honorio,
1527 1645 1692 1677 Ausonius
1709 1646 1795 1678 Gra-

1112 1696 1213 1733 tiano,
1237 1699 1300 1727 διο.
1325 1695 1426 1727 Ovid.
1449 1700 1458 1714 ¹
1471 1696 1562 1726 Cura
1580 1694 1705 1726 ducum
1723 1695 1794 1726 fue-

1111 1749 1188 1774 rant
1203 1745 1280 1775 olim
1297 1753 1480 1785 regumque
1497 1743 1629 1784 poetaess

1154 1795 1215 1823 405
1238 1793 1401 1832 Liuiusque
1415 1791 1569 1832 repertus]
1591 1792 1727 1823 Fabulae
1745 1802 1797 1824 re·

1112 1841 1263 1871 laxandis
1281 1844 1317 1871 et
1336 1841 1545 1871 oblectandis
1561 1841 1679 1871 animis
1695 1846 1797 1881 aptae,

1113 1889 1310 1929 Comoediae,
1333 1892 1396 1921 &c.
1433 1893 1524 1921 certe
1552 1894 1629 1930 post
1655 1890 1665 1906 ‘
1680 1889 1796 1930 longos

1112 1939 1260 1970 labores’
1275 1938 1435 1979 versibus,
1445 1942 1559 1978 cantu,
1569 1938 1731 1979 dramate,
1741 1939 1799 1970 mi-

1113 1997 1183 2018 rum
1200 1988 1232 2018 in
1249 1987 1382 2019 modurn
1398 1988 1523 2018 animus
1538 1992 1722 2020 recreatur.

1154 2038 1218 2067 406
1241 2037 1290 2067 Ne
1306 2036 1393 2073 sorte
1414 2036 1536 2075 pudori,
1548 2035 1615 2075 ξω]
1641 2036 1726 2067 Haec
1740 2045 1796 2067 au·

1113 2090 1179 2116 tem
1195 2094 1372 2115 recensere
1387 2085 1488 2122 volui,
1504 2085 1595 2123 Piso,
1617 2093 1658 2115 ne
1681 2089 1714 2115 te
1737 2093 1796 2125 pu-

1111 2133 1193 2164 deat
1206 2132 1293 2164 forte
1310 2132 1442 2172 poetam
1459 2133 1577 2163 videri.

1154 2183 1215 2212 407
1242 2182 1358 2212 Cantor
1372 2181 1500 2221 Apollo]
1516 2181 1706 2213 Cat-minum
1721 2191 1796 2214 auc-

1115 2233 1178 2270 tor,
1194 2239 1330 2270 praeses,
1346 2230 1451 2260 Deus.

1154 2281 1217 2315 408
1240 2279 1364 2309 Natura
1375 2278 1484 2319 fieret,
1503 2278 1573 2318 ξω]
1599 2278 1704 2310 Vetus
1720 2288 1796 2310 con—

1115 2328 1277 2359 troversia
1291 2333 1340 2358 est
1354 2339 1361 2357 ε
1388 2332 1498 2358 utrum
1515 2327 1615 2367 po‘eta
1629 2333 1798 2367 nascatur,

1115 2386 1156 2408 an
1171 2376 1242 2408 fiat.

1158 2429 1220 2458 409
1236 2427 1300 2466 Ego
1314 2436 1367 2456 nec
1381 2427 1516 2457 studium
1526 2426 1590 2457 aine
1600 2426 1695 2458 divite
1705 2427 1797 2467 vena]

1117 2476 1188 2506 Cic.
1207 2485 1266 2515 pro
1283 2476 1418 2506 Archia.
1446 2478 1455 2494 ‘
1470 2475 1525 2506 Sic
1548 2485 1566 2506 a
1586 2476 1719 2506 summis
1740 2476 1797 2506 ho-

1116 2524 1258 2554 minibus
1272 2523 1476 2564 eruditisque
1493 2524 1692 2564 accepimus,
1707 2528 1797 2555 cete-

1117 2582 1226 2603 rarum
1249 2581 1358 2602 rerum
1385 2572 1495 2603 studia
1522 2577 1557 2603 et
1583 2572 1737 2604 doctrina
1762 2576 1798 2604 et

1117 2622 1296 2661 praeceptis
1317 2626 1352 2651 et
1375 2625 1449 2651 arte
1465 2626 1640 2659 constare3
1664 2619 1795 2660 poetam

1116 2679 1234 2705 natura
1248 2673 1321 2713 ipsa
1337 2672 1459 2711 valere,
1475 2675 1509 2702 et
1529 2671 1650 2702 mentis
1673 2669 1795 2701 viribus

1117 2723 1270 2760 excitari,
1287 2726 1322 2752 et
1337 2719 1430 2761 quasi
1446 2720 1558 2751 divino
1573 2718 1715 2760 quodam
1730 2715 1797 2756 spi·

1117 2771 1182 2802 ritu
1199 2769 1327 2802 afflari.'
