1982 3230
421 275 533 318 1202
889 287 930 322 Q.
963 281 1165 312 uouArn
1201 281 1371 312 nacci

423 376 747 419 Grammaticas
765 374 929 416 ambire
949 373 1084 413 tribus
1102 375 1145 411 et
1163 371 1334 424 pulpita
1354 371 1530 423 dignor:

424 443 543 485 {Hinc
563 443 649 484 illae
669 443 888 493 lacrymae.
947 438 1113 491 Spissis
1133 436 1307 489 indigna
1325 438 1499 478 theatris

423 509 597 562 Scripta
616 509 751 562 pudet
770 506 971 554 recitare,
993 507 1034 545 et
1052 504 1176 556 nugis
1197 502 1351 543 addere
1372 503 1553 556 pondus,

423 577 473 618 Si
494 575 613 625 dixi;
645 574 799 622 Rides,
817 574 892 622 ait,
911 577 956 612 et
973 571 1001 613 J
1007 572 1103 612 ovis
1121 570 1298 611 auribus
1317 569 1401 611 ista

424 641 611 682 Servas:
635 639 730 680 fidis
750 639 866 679 enim
884 649 1057 678 manare
1076 634 1250 688 poetica
1270 635 1398 675 mella

422 707 489 748 Te
510 706 664 753 solum,
685 705 766 745 tibi
787 702 982 756 pulcher.
1041 700 1113 742 Ad
1133 699 1228 740 haec
1247 712 1326 752 ego
1348 701 1528 741 naribus
1547 701 1610 742 uti

425 771 659 814 Formido:
689 774 745 820 et,
764 769 972 810 luctantis
992 770 1124 808 acuto
1145 779 1200 806 ne
1221 778 1341 806 secer
1356 767 1503 818 ungui,

427 836 649 890 Displicet
666 836 748 877 iste
766 836 906 884 locus,
926 835 1082 882 clamo,
1102 836 1148 873 et
1167 830 1335 872 diludia
1353 844 1501 884 posco.

425 982 530 1004 censor
554 983 614 1004 non
639 974 753 1012 dig-nor
768 981 915 1013 prensare
931 972 1211 1003 Grammaticorum
1226 970 1369 1008 familias
1389 973 1418 1002 et
1433 973 1589 1010 suggesta.
1634 969 1711 1000 Inde
1725 966 1850 1014 veniunt

425 1015 496 1045 istoe
509 1015 717 1055 querimonioe.
762 1015 799 1046 Si
826 1016 944 1046 dicam:
968 1015 1073 1046 Pudet
1093 1013 1224 1044 recitare
1245 1013 1383 1043 carmina
1406 1021 1472 1043 mea
1488 1010 1707 1052 frequentibus
1721 1009 1851 1056 theatris

425 1056 567 1095 indigna,
580 1060 610 1088 et
631 1066 731 1095 nugas
751 1060 930 1092 ostentare5
951 1065 1021 1086 mox
1045 1053 1156 1095 aliquis
1180 1054 1320 1094 inquiet.-
1343 1054 1475 1084 Derisor
1499 1063 1544 1090 es,
1564 1056 1593 1084 et
1615 1051 1706 1083 ,lovis
1726 1048 1851 1082 auribus

427 1098 493 1127 haec
508 1107 655 1128 reservas.
700 1098 819 1137 Quippe
835 1101 864 1128 te
876 1107 969 1128 unum
982 1098 1145 1137 producere
1165 1097 1281 1126 mellita
1295 1095 1430 1126 carmina
1444 1094 1581 1137 confidis,
1594 1094 1714 1124 tibimet
1723 1091 1853 1131 precla-

426 1147 489 1169 rus.
532 1138 584 1170 Aa
600 1139 661 1169 ista
674 1148 730 1177 ego
745 1139 836 1170 timeo
860 1139 1002 1170 exhibere
1023 1147 1168 1169 sannam:
1196 1147 1233 1168 ac
1247 1147 1285 1167 ne
1306 1137 1486 1176 proscindar
1499 1135 1603 1167 acerbo
1617 1143 1718 1173 ungue
1731 1135 1853 1164 conten·

427 1180 541 1218 dentis,
570 1181 668 1210 locum
693 1181 785 1211 istum
812 1180 914 1211 deuito
929 1191 939 1211 .-
968 1179 1134 1218 eociferor,
1162 1182 1193 1210 et
1221 1178 1397 1210 dilationem
1431 1179 1562 1218 postulo.
1607 1175 1734 1207 Etenim
1765 1174 1854 1204 ludus

1026 1269 1259 1283 eeeeeeeeeee

428 1335 460 1364 2.
483 1340 502 1362 a
523 1342 567 1363 m.
590 1341 643 1373 pr.
662 1331 816 1372 Angelie.
831 1335 861 1363 l.
886 1342 905 1362 a
927 1342 971 1364 m.
990 1342 1057 1364 sec.
1072 1338 1106 1364 et
1126 1333 1283 1365 vallicel,
1302 1335 1413 1365 1.-41
1437 1334 1549 1372 Spexis
1563 1333 1689 1371 indigne
1709 1331 1855 1363 Schoen-

430 1374 524 1406 born.
540 1376 657 1404 2.-45
681 1373 786 1405 Solum
800 1377 830 1405 te
844 1374 924 1405 Vat.
941 1376 1076 1404 19.—46
1102 1374 1249 1405 Formido
1263 1374 1410 1405 luctantis
1422 1375 1501 1404 Vat.
1518 1376 1548 1404 1.
1564 1378 1600 1404 et
1614 1374 1692 1404 Vnt.
1713 1373 1807 1404 Rom.
1823 1375 1854 1403 4.

427 1424 529 1454 ungue
542 1414 768 1446 Schoenborn.
780 1417 813 1447 4.
837 1415 918 1446 Vat.
934 1416 1030 1446 Rom.
1046 1417 1077 1446 3.
1093 1425 1114 1446 a
1128 1425 1170 1446 m.
1188 1425 1238 1455 pr.
1254 1416 1332 1446 Vat.
1349 1415 1459 1446 Palat.
1478 1418 1506 1445 1.
1523 1425 1542 1445 a
1555 1423 1599 1445 m.
1611 1423 1678 1445 sec.
1701 1413 1855 1445 vallicel.

430 1459 460 1487 1.
486 1457 624 1488 Venett.
640 1459 733 1487 1481.
749 1459 842 1488 1486.
857 1459 950 1488 1490.
967 1461 1002 1487 et
1016 1456 1113 1488 Junt.
1130 1459 1257 1488 1503.-
1265 1459 1304 1488 47
1327 1457 1480 1496 Displicet
1495 1456 1547 1486 iue
1562 1455 1740 1494 Bamberg.
1759 1455 1855 1486 Vatt.

433 1501 464 1529 l.
479 1500 511 1529 2.
525 1500 556 1529 7.
574 1501 625 1529 15.
641 1500 692 1529 16.
707 1497 801 1529 Vatt.
817 1498 911 1529 Rom.
926 1500 960 1528 2.
974 1500 1006 1528 4.
1020 1501 1051 1528 5.
1073 1498 1152 1530 Vat.
1175 1499 1269 1529 Rom.
1284 1501 1316 1529 6.
1339 1507 1357 1528 a
1371 1508 1416 1529 m.
1433 1507 1483 1537 pr.
1504 1497 1581 1528 Vnt.
1597 1497 1706 1528 Palut.
1722 1499 1754 1527 3.
1779 1494 1856 1527 Chi-

432 1539 513 1570 sinn.
527 1543 559 1570 6.
581 1539 636 1570 alii
651 1539 749 1571 codd.
769 1549 823 1580 ap.
837 1540 991 1571 Torrent.
1014 1539 1093 1570 Ald.
1104 1542 1198 1571 1601.
1219 1540 1314 1572 Junt.
1327 1542 1421 1570 1503.
1437 1538 1551 1570 anb.
1566 1542 1601 1569 et
1617 1539 1719 1578 Cruq.
1735 1542 1771 1568 et
1784 1537 1855 1568 lau—

431 1580 502 1612 dat.
518 1581 672 1612 Torrent.
686 1581 721 1612 in
735 1585 825 1613 nota.
860 1591 897 1612 ac
911 1581 1032 1613 diludia
1047 1581 1191 1621 Coning.
1217 1586 1252 1612 et
1274 1581 1422 1612 Mervill.
1452 1591 1488 1612 ac
1503 1580 1624 1612 deludio
1648 1589 1731 1611 unus
1746 1578 1855 1611 codex

1074 1663 1215 1696 NOTAE

433 1734 494 1768 per
508 1735 571 1765 ego
587 1724 719 1757 auditor
735 1729 864 1757 tantum
874 1725 886 1756 ?
896 1724 906 1741 ¹

478 1772 585 1813 Ultor]
610 1773 826 1814 Optimorum
843 1778 1015 1805 auctorum
1031 1783 1120 1805 erra-

434 1827 470 1854 ta
487 1821 635 1853 notando
657 1826 693 1853 et
715 1822 936 1862 castigando;
958 1822 1041 1854 nulli
1059 1832 1121 1864 per

434 1872 658 1904 adulationem
681 1872 862 1912 parcendo.
904 1873 1048 1905 Quidam
1072 1873 1121 1904 in-

431 1925 688 1961 terpretantur:
721 1921 801 1951 Mea
825 1921 951 1962 scripta
976 1922 1121 1953 vicissim

434 1969 615 2000 recitando.
640 1968 794 2000 Juvenal.
809 1969 868 2000 cit.
884 1973 893 1987 ¹
910 1979 1120 2010 nunquamne

433 2016 633 2057 reponam?
663 2016 763 2047 Prior
789 2017 1028 2057 interpretatio
1051 2027 1119 2049 ma-

434 2068 483 2108 gis
499 2066 541 2097 ad
557 2075 638 2096 rem.
671 2065 759 2096 Nam
775 2074 852 2096 mox
866 2066 932 2097 ait:
949 2067 958 2083 ‘
972 2075 1038 2098 non
1052 2075 1119 2097 am-

435 2115 507 2147 bire
523 2114 652 2155 pulpita
667 2113 811 2154 dignor:

477 2166 518 2195 40
542 2163 770 2194 Grammaticos
794 2163 910 2194 ambire
936 2163 1050 2204 tribus]
1073 2164 1122 2195 Ut

436 2213 564 2253 scripta
579 2221 652 2243 mea
667 2211 842 2252 discipulis
861 2212 929 2243 suis
946 2212 1075 2244 dictent
1090 2218 1124 2244 et

436 2266 627 2304 proponant
651 2262 845 2294 ediscenda.
880 2263 977 2294 Pera.
1003 2263 1073 2294 Sat.
1099 2271 1124 2294 1.

435 2314 488 2344 29.
513 2315 522 2329 ‘
532 2309 618 2342 Ten’
632 2310 830 2342 cirratorum
846 2315 980 2342 centum
995 2311 1126 2343 dictata

434 2362 550 2402 fuisse,
564 2362 632 2393 Pro
647 2361 750 2392 nihilo
767 2360 914 2400 pendas?
925 2360 933 2374 ¹

479 2410 626 2451 Pulpita]
648 2410 678 2441 E
700 2409 820 2451 quibus
845 2409 1030 2441 recitentur
1054 2420 1125 2442 car-

439 2460 527 2492 mina
541 2469 616 2490 mea
637 2468 657 2490 a
674 2458 925 2497 Grammaticis,
942 2459 994 2489 vel
1014 2469 1034 2490 a
1056 2469 1124 2491 me-

437 2510 523 2550 ipso.
557 2508 614 2540 De
628 2507 690 2538 hac
706 2506 933 2538 Romanorum
945 2507 1125 2539 ambitiosa

438 2557 638 2590 recitatione
650 2556 787 2588 Persius
801 2555 860 2587 cit.
877 2561 912 2588 et
925 2565 984 2588 nos
999 2557 1123 2588 ibidem

439 2615 505 2637 non
521 2614 641 2647 pauca.

480 2658 519 2686 41
546 2654 634 2686 Hinc
647 2654 711 2685 illoe
725 2653 881 2694 lacrymae]
903 2654 1124 2687 Terentianus

440 2704 504 2735 iste
522 2703 627 2743 locus,
644 2712 687 2734 ex
707 2702 846 2744 Andria,
862 2704 895 2735 in
911 2705 1124 2745 proverbium

441 2752 544 2785 abiit:
561 2761 667 2792 eoque
684 2753 790 2784 utitur
804 2753 906 2785 etiam
921 2754 1050 2787 Tullius
1065 2764 1126 2796 pro

1173 1727 1222 1759 M.
1241 1727 1362 1758 Coelio:
1392 1727 1507 1759 ‘Hine
1533 1725 1598 1757 illae
1622 1726 1796 1766 lacrymoe:
1821 1726 1857 1754 et

1171 1775 1246 1806 haec
1261 1785 1360 1807 causa
1375 1780 1427 1807 est
1443 1775 1588 1807 omnium
1604 1772 1790 1806 scelerum:

1213 1826 1256 1855 42
1282 1825 1384 1864 Nugis
1397 1825 1507 1855 addere
1519 1823 1650 1863 pondus]
1672 1823 1776 1854 Velut
1789 1821 1858 1854 exi-

1173 1872 1274 1903 mium
1289 1872 1446 1914 quiddam
1466 1872 1533 1903 alte
1558 1877 1593 1903 et
1618 1871 1767 1912 graviter
1783 1880 1857 1911 pro-

1173 1921 1358 1952 nuntiando
1375 1930 1427 1952 res
1444 1921 1614 1952 leviculas.

1213 1971 1255 1999 43
1278 1969 1351 2008 Ait]
1375 1969 1549 2008 Quispiam
1565 1967 1708 2000 invidus.

1213 2018 1316 2057 Jovis]
1339 2018 1493 2058 Augusti.
1525 2018 1642 2058 Virgil.
1665 2018 1739 2049 Eel.
1764 2026 1789 2050 1.
1814 2018 1858 2048 de

1173 2066 1289 2097 eodem
1303 2077 1311 2097 :
1329 2068 1338 2084 ‘
1356 2067 1450 2098 Deus
1466 2066 1560 2098 nobis
1577 2066 1728 2098 haeeotia
1741 2065 1848 2099 fecit.’

1180 2131 1185 2134 -
1215 2118 1257 2147 44
1280 2116 1371 2147 Fidis
1393 2118 1474 2147 em’m
1501 2125 1636 2152 manare,
1653 2115 1722 2155 ma]
1745 2116 1857 2147 Unum

1175 2168 1207 2195 te
1223 2165 1334 2196 credis
1349 2165 1448 2196 edere
1465 2166 1577 2196 suavia
1593 2164 1757 2206 poemata.

1214 2217 1255 2245 45
1283 2214 1354 2246 Tibi
1372 2213 1509 2255 pulcher]
1545 2214 1625 2255 Ipse
1646 2214 1708 2245 tibi
1734 2213 1857 2245 videris

1175 2267 1335 2304 praestare
1361 2264 1482 2295 ceteris
1513 2263 1685 2295 omnibus:
1716 2263 1857 2294 nullum-

1172 2321 1236 2354 que
1252 2312 1311 2343 tibi
1328 2322 1442 2352 parem
1458 2311 1640 2344 existimas·

1218 2361 1355 2393 Naribus
1369 2361 1431 2401 uti]
1451 2362 1599 2393 Naribus
1611 2361 1794 2401 corrugatis
1810 2361 1858 2391 in-

1174 2410 1402 2452 dignationem
1431 2411 1485 2442 vel
1513 2411 1710 2442 derisionem
1735 2409 1858 2450 signifi-

1174 2469 1251 2491 care
1266 2460 1378 2499 timeo,
1388 2469 1429 2490 ne
1445 2459 1609 2500 ejusmodi
1620 2459 1763 2491 hominis
1775 2459 1858 2491 iram

1174 2508 1208 2539 in
1222 2518 1274 2540 me
1287 2509 1464 2540 concitem.
1486 2509 1582 2539 Pers.
1596 2509 1666 2540 Sat.
1679 2517 1704 2540 ι.
1719 2506 1860 2548 (Rides,

1174 2561 1210 2589 et
1222 2557 1320 2589 nimis
1335 2557 1427 2589 uncis
1442 2557 1578 2588 naribus
1591 2555 1766 2598 indulgen:
1801 2557 1859 2588 Vi-

1175 2606 1217 2638 de
1229 2616 1331 2646 supra
1346 2616 1370 2637 1.
1383 2606 1455 2637 Sat.
1471 2610 1502 2638 6.
1518 2610 1553 2637 et
1568 2615 1607 2638 ιι.
1621 2606 1694 2638 Sat.
1709 2609 1740 2638 8.

1215 2658 1256 2687 47
1281 2656 1347 2687 Iste
1360 2655 1455 2695 locus]
1475 2655 1667 2695 Theatrum,
1682 2654 1823 2695 pulpita.

1218 2705 1364 2744 Diludia]
1393 2703 1559 2735 Ludorum
1585 2702 1798 2734 dilationem:
1821 2703 1857 2733 id

1178 2759 1243 2794 est,
1265 2753 1409 2795 spatium
1433 2752 1787 2792 intermissionemque,
1812 2751 1856 2785 ad
