1916 3262
415 295 526 338 1298
878 311 919 346 Q.

950 308 1012 338 ΗΟ
1021 308 1155 339 RA'rn
1188 311 1357 343 FLAGCI

413 399 488 440 Sic
507 399 637 441 etiam
656 401 813 442 fidibus
833 413 970 442 voces
990 414 1162 444 crevere
1181 406 1361 455 severis,

411 463 470 505 Et
489 465 587 507 tulit
607 467 827 520 eloquium
846 467 1066 509 insolitum
1083 469 1285 512 facundia
1304 485 1521 526 praeceps3

413 529 680 585 Utiliumque
701 545 840 584 sagax
859 546 1012 583 rerum,
1031 537 1075 575 et
1095 534 1243 576 divina
1259 536 1404 586 futuri,

412 597 639 648 Sortilegis
659 611 745 638 non
764 598 1004 652 discrepuit
1022 602 1238 642 sententia
1259 603 1455 656 Delphis.
1747 603 1775 647 lt

412 662 613 702 Carmine
634 663 709 715 qui
729 665 892 716 tragico
912 666 1036 706 vilem
1059 667 1242 708 certavit
1261 669 1318 708 ob
1337 669 1516 717 hircum,

410 727 524 767 Mox
543 728 673 768 etiam
695 733 884 780 agrestes
904 731 1084 785 Satyros
1100 731 1294 782 nudavit,
1314 737 1357 774 et
1376 746 1505 786 asper

411 791 625 832 Incolumi
645 795 855 846 gravitate
867 796 1021 850 jocum
1041 798 1239 848 tentavit,
1259 811 1310 839 eo
1329 799 1450 853 quod

407 909 438 936 et
449 916 507 955 per
518 908 638 956 theatra
657 913 789 952 amplum
809 923 911 954 syrma
930 913 1042 945 traxit.
1085 913 1140 944 Sic
1161 916 1192 945 et
1207 914 1278 945 olim
1302 916 1428 947 modesti
1452 918 1528 958 lyroe
1553 916 1620 947 mi
1641 925 1697 957 per
1719 917 1827 947 luxum

406 949 603 988 multzplwati
614 957 686 984 sunt
695 964 705 984 .·
719 958 810 994 atque
823 956 949 988 elocutio
963 956 1071 995 rapida
1083 956 1202 986 invexit
1217 956 1378 988 dictionem
1390 961 1480 989 antea
1496 958 1664 989 inauditam
1674 968 1686 988 .·
1711 964 1827 988 nemon

405 998 503 1020 sermo
515 993 609 1038 utilia
622 995 798 1027 documenta
821 997 978 1028 continens
999 1000 1030 1027 et
1045 997 1192 1034 futurum
1210 998 1400 1037 proesagiens
1424 1000 1478 1030 cix
1498 999 1659 1030 discrimen
1679 998 1784 1031 tabiit
1805 1008 1826 1029 a

406 1030 537 1080 Delpltzs
558 1037 681 1067 oracula
705 1038 939 1076 proferentibuS.
982 1038 1083 1069 Paulo
1104 1039 1214 1078 postis
1226 1039 1278 1078 qui
1297 1044 1423 1080 propter
1435 1041 1526 1072 vilem
1537 1041 1656 1072 hircum
1668 1040 1824 1071 contendit

406 1081 540 1105 carmme
553 1077 684 1118 tragico,
699 1081 792 1110 nudos
805 1079 978 1111 introduxit
993 1079 1123 1120 Satyros
1136 1079 1264 1111 rusticos
1274 1078 1291 1112 ζ’
1304 1085 1335 1112 et
1349 1081 1471 1113 acerbus
1482 1082 1611 1122 protulit
1624 1081 1714 1121 sales,
1727 1081 1826 1112 illam

993 1171 1011 1184 O
1015 1172 1227 1185 aeeeeeaeOOO-oe

398 1236 536 1268 Heller.
559 1236 717 1267 insolitum
739 1235 1005 1276 eloquium-219
1025 1236 1105 1268 Vat.
1133 1237 1230 1269 Rom.
1254 1240 1286 1269 9.
1311 1238 1481 1277 sortilega.
1524 1236 1670 1269 Chisian.
1685 1238 1716 1268 1.
1740 1244 1760 1268 a
1781 1245 1825 1268 m.

404 1288 472 1310 sec·
485 1278 758 1317 sortilegia—220
783 1278 867 1309 Exc.
883 1278 961 1308 Sax.
976 1281 1012 1308 et
1027 1277 1124 1309 Harl.
1138 1282 1170 1310 6.
1191 1279 1441 1311 cantavit.-—22l
1466 1277 1597 1310 Hener.
1615 1277 1746 1310 mutavit
1756 1286 1826 1318 per·

403 1329 493 1353 tonas
515 1320 815 1360 Satyrorum—222
837 1319 931 1350 Idem
953 1318 1075 1359 codex,
1101 1321 1233 1352 tentavit
1256 1322 1476 1353 eodem—226
1500 1321 1667 1358 Conveniat
1687 1320 1826 1351 Venett.

1045 1413 1187 1445 NOTAE

438 1477 503 1506 216
523 1474 577 1505 Sic
590 1473 823 1515 etiamfidibus]
848 1475 894 1506 Ut
910 1475 943 1505 in
959 1475 1091 1507 Comoe-

404 1524 461 1555 dia
477 1523 568 1555 tibiae
582 1532 680 1554 sonos
693 1527 727 1553 et
738 1522 912 1562 foramina,
924 1524 972 1554 ita
988 1524 1090 1555 etiam

403 1573 438 1604 in
461 1572 639 1612 Tragoedia
664 1573 746 1612 lyrae
769 1572 909 1604 chordas
925 1577 960 1604 et
976 1573 1090 1604 modos

404 1621 500 1653 auxit
527 1621 637 1650 luxus.
679 1620 719 1650 In
746 1619 808 1651 hac
839 1624 907 1651 tres
935 1621 1090 1661 primum,

404 1668 527 1699 deinde
558 1672 702 1708 septem,
731 1672 808 1707 post
836 1667 954 1699 decem
985 1668 1089 1700 fuisse

405 1717 511 1747 aiunt.

446 1765 584 1804 Seuer-is]
607 1764 677 1797 Cic.
690 1765 771 1805 Leg·
781 1772 822 1796 11.
837 1763 848 1782 ‘
861 1765 1007 1806 autiquae
1021 1775 1090 1796 mu·

404 1815 483 1846 sicae
501 1814 685 1846 severitas!

448 1867 510 1895 217
534 1865 693 1896 Facundia
702 1864 853 1905 proeceps]
865 1865 989 1895 Versus
1001 1872 1090 1904 mag·

403 1913 542 1954 niloqui,
573 1913 709 1954 turgidi,
733 1913 850 1954 rapide
876 1913 1030 1950 fluentes,
1053 1917 1091 1944 ut

405 1968 551 1994 torrens.

445 2014 507 2042 218
534 2012 665 2042 Utilium
691 2021 792 2052 sagax
814 2012 932 2052 rerum]
954 2013 1088 2051 Tragoe-

403 2059 469 2091 diae
486 2060 612 2091 Chorus
630 2061 814 2092 sententias
835 2061 977 2100 protulit
991 2059 1089 2092 affec-

403 2109 556 2149 tavitque
590 2109 726 2140 nimium
760 2112 886 2148 acutas,
914 2108 1088 2140 obscuras·

406 2166 483 2197 que,
498 2156 620 2187 similes
637 2157 794 2188 oraculis.

444 2205 565 2236 Divina
579 2205 702 2245 futuri]
721 2205 878 2236 Ventura
904 2203 1086 2246 praenunti·

404 2263 463 2286 aus
480 2254 521 2285 ad
539 2254 641 2285 instar
656 2253 819 2294 Apollinis
833 2253 1003 2294 Delphici.

442 2306 505 2334 219
527 2302 706 2343 Sortilegis]
740 2302 828 2334 Vide
850 2301 937 2334 infra
957 2301 1000 2334 ad
1016 2310 1088 2333 ver·

403 2361 474 2383 sum
490 2355 564 2383 403.

445 2400 592 2441 Delphis]
631 2400 754 2440 Apollo
777 2399 960 2438 colebatur,
983 2403 1018 2431 et
1037 2409 1087 2430 re-

399 2459 522 2490 sponsa
537 2450 639 2480 dabat
653 2449 741 2490 apud
757 2450 921 2490 Delphos.
958 2449 1048 2481 Vide
1062 2457 1087 2481 1.

405 2497 473 2529 Od.
488 2500 520 2528 7.

444 2549 507 2578 220
532 2546 674 2578 Carmine
688 2546 742 2586 qui
756 2546 890 2588 tragico]
919 2545 1001 2586 Agit
1017 2545 1086 2577 Ho-

400 2597 506 2628 ratius
538 2597 579 2627 de
608 2597 763 2637 Satyrico
793 2597 985 2628 Graecorum
1010 2596 1085 2627 dra-

401 2650 509 2678 mate:
537 2645 632 2685 cujus
658 2645 762 2686 aliqui
790 2645 910 2677 dicunt
934 2645 1086 2676 invento-

400 2702 470 2724 rem
502 2694 676 2725 Cratinum
698 2693 732 2724 iu
758 2693 942 2734 Dionysiis,
967 2693 1085 2725 Suidas

401 2746 513 2773 autem
539 2743 711 2774 Pratinam
737 2743 862 2784 Thespi
883 2753 949 2775 non
971 2744 1084 2776 multis

401 2791 493 2823 annis
508 2791 739 2831 posteriorem.
782 2792 891 2824 Unum
915 2792 1009 2824 istius
1029 2802 1086 2834 ge·

1143 1476 1231 1506 neris
1254 1475 1369 1507 drama
1390 1478 1544 1516 superest
1566 1474 1661 1506 nobis
1681 1474 1825 1515 Cyclops

1142 1524 1325 1564 Euripidis.
1348 1524 1456 1555 Porro
1467 1524 1533 1555 ista
1545 1523 1740 1554 Graecorum
1750 1523 1826 1553 dra-

1142 1577 1230 1604 mata
1258 1573 1368 1604 Latini
1391 1577 1572 1613 utcumque
1599 1571 1722 1603 imitati
1749 1575 1828 1602 suut

1142 1622 1175 1652 in
1190 1621 1354 1653 Atellanis
1368 1621 1488 1654 fabulis
1503 1633 1511 1652 :
1537 1631 1617 1662 quas
1628 1622 1638 1638 ‘
1651 1630 1825 1660 argumen·

1143 1671 1184 1701 tis
1200 1670 1364 1712 dictisque
1377 1671 1581 1711 jocularibus
1597 1669 1720 1700 similes
1732 1669 1742 1682 '
1763 1669 1827 1699 Di-

1142 1718 1275 1750 omedes
1300 1720 1429 1750 scribit.
1471 1719 1560 1750 Vide
1582 1719 1656 1750 Liv.
1681 1719 1738 1750 lib.
1763 1726 1827 1750 vn.

1142 1765 1215 1797 init.

1187 1816 1328 1847 Cer-tavit
1341 1817 1377 1847 ob
1397 1815 1530 1856 hircum]
1551 1815 1690 1847 Scilicet
1713 1815 1826 1856 poiitae

1143 1873 1235 1894 suum
1251 1866 1389 1906 quisque
1408 1865 1597 1905 Satyricum
1618 1863 1739 1904 po'e’ma
1759 1873 1828 1896 cer·

1143 1912 1242 1943 tatim
1259 1913 1414 1944 edebant.
1457 1914 1503 1944 Et
1516 1914 1574 1953 qui
1586 1913 1697 1944 victor
1709 1922 1827 1945 cense-

1143 1962 1240 1992 batur
1265 1962 1454 1993 mercedem
1478 1954 1667 2002 accipiebat
1685 1963 1827 2003 hircum,

1143 2019 1241 2050 quem
1257 2011 1391 2042 Baccho
1401 2010 1622 2042 sacrificabat·
1664 2010 1756 2042 Hinc
1767 2021 1826 2043 no-

1142 2067 1217 2089 men
1245 2059 1431 2099 tragoediae,
1455 2068 1475 2090 a
1499 2057 1625 2099 τράγος,
1651 2059 1767 2099 hircus,
1791 2065 1827 2092 et

1141 2106 1213 2145 ᾠδὴ,
1226 2109 1344 2138 cantus.
1388 2107 1456 2138 Alii
1473 2111 1586 2138 tamen
1601 2107 1695 2148 quasi
1708 2118 1824 2148 τρυγω.

1140 2154 1206 2186 δίαν
1220 2155 1286 2186 dici
1301 2156 1417 2187 volunt
1432 2164 1450 2185 a
1463 2155 1586 2196 τρύγες,
1604 2155 1714 2195 soeces,
1734 2156 1825 2197 quod

1139 2204 1318 2235 histriones
1335 2205 1474 2245 primum
1501 2205 1511 2222 ‘
1525 2213 1582 2235 ore
1597 2203 1735 2236 faecibus
1752 2214 1827 2245 per·

1141 2253 1260 2285 uncto'
1276 2253 1311 2284 in
1327 2262 1458 2284 scenam
1470 2254 1656 2294 prodirent,
1670 2258 1825 2293 agerent-

1141 2312 1207 2343 que
1223 2302 1436 2342 tragoediam,
1460 2307 1537 2334 ante
1555 2302 1727 2333 inventum
1748 2311 1825 2343 per-

1139 2360 1230 2382 sonae
1247 2361 1351 2382 usum.
1387 2351 1476 2382 Vide
1492 2355 1609 2391 postea
1624 2360 1670 2382 vs.
1684 2353 1759 2382 2⁷7.

1180 2403 1241 2431 221
1265 2400 1394 2440 Satyros
1411 2400 1556 2440 nudavit]
1578 2399 1733 2440 Satyrica
1747 2399 1823 2432 dra-

1139 2454 1229 2480 mata
1244 2449 1364 2488 edidit,
1380 2450 1415 2482 iu
1430 2450 1551 2490 quibus
1572 2454 1646 2480 erat
1659 2449 1788 2481 Chorus
1803 2459 1824 2480 e

1139 2499 1266 2539 Satyris
1279 2510 1288 2538 ;
1301 2499 1571 2540 Coryphaeusque
1582 2498 1726 2530 silenus.
1745 2498 1824 2530 His-

1140 2548 1266 2579 triones
1282 2548 1435 2579 nimirum
1460 2547 1684 2588 perizomatis,
1707 2547 1823 2579 villosa

1139 2597 1266 2637 tunica,
1287 2597 1426 2628 hircinis
1447 2596 1603 2638 pellibus,
1626 2596 1820 2636 Satyrorum

1138 2645 1289 2677 habitum
1309 2649 1344 2677 et
1359 2646 1507 2686 speciem
1522 2644 1720 2684 referentes,
1734 2644 1821 2676 iuter

1137 2695 1258 2736 Actus,
1284 2699 1320 2726 et
1345 2699 1420 2736 post
1441 2694 1652 2735 tragoediam,
1675 2694 1761 2726 sales
1783 2695 1820 2722 et

1138 2743 1282 2775 dicteria
1295 2743 1471 2784 jactabant
1483 2753 1494 2781 3
1508 2743 1620 2783 sicque
1633 2741 1734 2772 risum
1749 2749 1818 2771 mo-

1139 2796 1252 2825 ventes
1260 2792 1423 2833 >populum
1434 2789 1660 2824 delectabant.
