1904 3216
430 292 541 336 1684

429 395 518 427 mido
534 397 644 425 vestro
656 392 765 423 calore
781 389 997 430 putrefacite.

470 446 512 474 ⁴2
534 444 630 473 Putet
655 450 727 479 aper
752 438 963 477 rhombusque]
998 437 1110 470 Quan-

431 502 529 532 quam
553 499 634 530 aper
656 497 811 519 nauseam
837 490 950 517 movet
974 490 1010 517 et
1033 495 1110 517 con-

430 539 600 571 temnitur.
645 535 791 575 Quando]
813 534 911 568 Quia.

470 589 511 616 43
534 587 666 624 AEgrum
693 583 854 622 sollicitat]
883 582 989 622 Copia
1017 581 1110 612 fasti·

430 634 577 665 dientem
599 636 718 672 gravat
740 631 956 663 stomachum.
985 630 1113 670 Plenus]

430 684 553 715 Helluo
568 685 792 713 exsaturatus.

483 734 525 763 44
560 731 676 762 Acidas
703 729 820 760 mavult
844 728 956 767 inulas]
997 727 1112 758 Acidas

430 785 529 813 vocat
539 780 649 814 inum,
667 788 747 820 quas
762 779 772 796 ‘
788 786 916 808 amaras
929 775 937 789 '
949 776 1021 807 Sat.
1031 784 1112 807 vin.

429 828 568 859 Amaras
583 832 676 858 certe
691 835 763 858 esse
775 824 921 856 ostendit
930 824 1112 855 Columella

431 885 499 908 xu-
515 878 567 907 46.
584 878 619 906 et
643 875 734 906 Plin.
753 882 831 904 xix.
857 876 889 903 5.
932 872 987 903 An
1009 871 1111 911 igitur

429 924 484 955 hic
513 924 616 954 acidas
643 922 803 962 appellat,
830 920 930 960 quod,
959 924 996 950 ut
1016 919 1112 950 acida

432 974 555 1010 omnia,
571 971 735 1012 proritaut
749 969 954 1000 stomachum
976 973 1012 999 et
1032 977 1111 999 nau·

430 1031 520 1052 seam
545 1020 704 1052 eximunt.
749 1019 809 1049 Est
830 1021 940 1048 autem
957 1016 1111 1048 Romanis

428 1070 514 1100 inula
535 1077 608 1109 quae
629 1067 758 1099 Graecis
780 1064 906 1102 ἑλένιον,
923 1065 1023 1104 vulgo
1040 1074 1112 1095 enu-

429 1121 491 1150 lam
505 1118 724 1149 nominamus.
749 1117 889 1147 Torreat.
919 1113 1035 1145 Acidas
1049 1123 1112 1144 ma-

427 1168 495 1198 vult
508 1166 622 1206 inulas]
639 1165 746 1196 Inulae
769 1167 847 1194 sunt
867 1162 967 1193 utiles
989 1161 1031 1192 ad
1054 1170 1112 1201 ap-

429 1215 572 1255 petitum
597 1212 824 1247 excitandum,
849 1211 924 1251 quia
951 1210 1112 1241 viscosam

432 1264 588 1303 pituitam
616 1262 779 1293 incidunt.
823 1259 919 1300 [Vat.
951 1259 1045 1290 Rom.
1080 1260 1111 1288 9.

431 1312 538 1342 abacta
552 1310 624 1350 est.]

474 1363 513 1391 45
540 1358 722 1398 Pauperies]
752 1356 869 1387 Victus
892 1354 1013 1386 tenuis.
1051 1354 1112 1384 Re-

427 1408 517 1447 gum]
538 1407 703 1446 Major-um
721 1406 863 1436 virorum
881 1404 997 1444 epulis.
1036 1403 1113 1433 Vita·-

431 1456 501 1496 bus]
523 1456 626 1486 Parvi
643 1454 753 1495 pretii.

471 1507 514 1535 46
537 1504 706 1542 Nigr-isque
719 1505 765 1533 est
785 1501 874 1541 oleis]
899 1500 991 1531 Oleis
1008 1503 1112 1530 matu-

431 1552 475 1583 ris
489 1555 524 1582 et
539 1550 670 1582 amaris.
713 1549 809 1580 Haud
834 1549 881 1578 ita
904 1546 1036 1587 pridem]
1059 1546 1112 1576 Ab

431 1599 586 1639 exemplo
616 1602 653 1629 et
681 1597 773 1628 facto
805 1595 950 1626 Gallonii
978 1594 1113 1625 demon-

431 1651 530 1681 strat,
545 1646 657 1676 luxum
681 1654 747 1675 non
772 1643 906 1674 officere
929 1642 1026 1673 modo
1048 1646 1112 1672 sto-

431 1694 562 1732 macho,
579 1691 872 1731 valetudinemque
896 1694 1041 1727 teutare,
1056 1698 1113 1720 ve-

430 1751 502 1772 rum
519 1741 620 1772 etiam
636 1739 801 1770 infamiam
817 1742 929 1769 notam
952 1737 1019 1767 suis
1045 1746 1114 1767 sec-

432 1789 596 1820 tatoribus
612 1789 757 1827 inurere,
774 1786 891 1827 quibus
906 1786 978 1816 sine
990 1785 1114 1816 invidia

432 1838 576 1878 publica,
601 1837 705 1868 minus
730 1839 782 1867 est
810 1835 993 1874 integrum,
1022 1833 1114 1864 nobi-

429 1887 531 1917 liores
545 1885 635 1916 cibos
650 1884 784 1925 esitare..
812 1883 906 1922 Cruq.

471 1937 511 1966 47
537 1933 663 1965 Galloni
690 1931 854 1973 prm-onis]
891 1931 997 1961 Vetus
1025 1930 1113 1961 haud

431 1983 532 2015 dubie
544 1983 722 2023 scriptura,
734 1990 800 2013 nou
817 1980 970 2011 Gallonis.
992 1980 1111 2012 Quam-

430 2042 528 2073 quam
544 2032 630 2063 enim
655 2031 766 2062 Gallio
792 2030 976 2062 Romanum
991 2037 1112 2068 cogno-

429 2088 505 2110 men
529 2084 593 2117 est,
617 2079 727 2110 notior
743 2082 852 2108 tamen
867 2077 923 2106 ille
940 2075 981 2106 P.
998 2074 1112 2106 Gallo-

429 2128 502 2158 nius
528 2137 547 2157 a
575 2126 703 2157 Lucilio
725 2124 976 2164 cognominatus
1003 2122 1113 2153 ‘Gur-

429 2175 513 2216 ges,’
532 2180 567 2206 et
581 2174 798 2205 acerbissimis
813 2171 959 2203 versibus
971 2171 1113 2210 proscis-

429 2233 497 2262 sus,
519 2224 552 2254 in
573 2222 692 2263 quibus
715 2221 724 2238 ‘
738 2218 941 2260 acipenseris
955 2217 964 2231 ’
979 2218 1112 2248 mentio.

430 2274 507 2305 Fuit
533 2277 643 2303 autem
668 2271 806 2311 piscium
829 2269 974 2300 omnium
995 2268 1110 2299 Romae

429 2321 664 2357 nobilissimus,
679 2323 772 2350 tanto
787 2317 919 2348 habitus
931 2317 964 2347 in
976 2316 1111 2353 honore,

430 2375 502 2401 uta
515 2368 683 2400 coronatis
703 2366 883 2398 inferretur
905 2373 980 2395 cum
1003 2364 1112 2395 tibici-

430 2418 481 2448 nis
493 2421 606 2454 cantu,
622 2415 716 2456 quasi
733 2413 885 2455 quaedam
898 2421 963 2444 non
977 2411 1112 2443 delicia-

432 2474 516 2503 rum,
538 2463 596 2495 sed
622 2463 763 2494 numinis
795 2470 936 2502 pompa3
962 2459 1050 2501 quod
1076 2465 1113 2491 et

432 2512 615 2543 Athenaeus
641 2511 767 2542 tradit:
802 2513 902 2549 atque
930 2508 1007 2539 huic
1030 2507 1113 2548 pisci

430 2559 587 2600 pretium,
618 2563 656 2589 ut
686 2557 795 2588 nullus
818 2561 886 2587 tam
916 2555 1054 2595 exiguus
1079 2555 1112 2586 in

432 2607 606 2639 macellum
624 2606 765 2645 venerit,
777 2605 832 2646 qui
845 2614 909 2636 non
920 2604 1009 2635 mille
1019 2612 1112 2634 num-

429 2658 494 2688 mis
509 2656 720 2687 venderetur.
763 2654 888 2685 Merito
905 2654 1007 2693 igitur
1022 2653 1111 2683 Mar-

430 2705 537 2734 tialis:
562 2704 571 2721 ‘
590 2703 642 2734 Ad
656 2704 825 2735 Palatinas
837 2704 1028 2742 acipensere
1037 2702 1111 2733 mit-

430 2750 493 2780 tito
507 2760 644 2790 mensas,
661 2751 850 2783 Ambrosias
867 2754 985 2782 ornent
1001 2758 1110 2781 mune-

884 298 1022 329 No'rAE
1053 296 1309 327 VARmRUM
1344 297 1390 327 m

1159 398 1196 420 ra
1219 392 1295 420 'rara
1318 388 1442 427 dapes)
1477 387 1566 419 Illud
1592 396 1671 419 vero
1697 389 1833 428 ambigi-

1159 442 1224 476 tur,
1251 437 1336 478 qnod
1365 437 1411 467 illi
1438 436 1526 476 apud
1556 435 1696 467 Groecos
1716 445 1835 468 nornen

1158 485 1271 516 fuerit.
1312 485 1497 516 Gulielmus
1527 483 1752 519 Rondeletius,
1779 484 1835 525 qui

1159 539 1262 565 aetate
1289 532 1569 564 nostra'omnium
1592 532 1836 564 accuratissime

1158 583 1200 613 de
1215 582 1358 622 piscibus
1370 581 1518 621 scripsit,
1532 580 1629 612 docet
1640 590 1712 612 esse
1726 589 1768 610 ex
1779 589 1836 620 ga·

1159 631 1285 662 leorum
1301 639 1423 670 genere
1434 639 1521 669 eum,
1535 629 1591 670 qni
1607 628 1740 669 proprie
1761 628 1835 668 ‘ga-

1158 678 1280 710 laxias’
1307 679 1496 719 appellatur
1520 688 1540 709 a
1570 678 1713 715 Galeno,
1739 686 1836 718 quem

1158 728 1257 767 vulgo
1281 732 1290 746 ⁸
1304 727 1484 758 sturionem
1496 730 1504 743 '
1520 726 1736 758 nominamus.
1761 726 1836 756 Tor-

1158 779 1237 806 reat.
1285 775 1410 806 Galloni
1421 775 1570 815 pra-conis
1587 778 1652 806 erat
1668 774 1838 813 acipensere

1158 823 1272 863 mensa]
1294 824 1469 855 Gallonius
1490 832 1601 864 praeco
1615 822 1679 853 fuit
1693 827 1729 853 et
1742 822 1837 853 obso-

1159 871 1283 901 niorum
1307 880 1438 911 gurges,
1462 871 1518 912 qui
1539 871 1665 911 primus
1686 870 1838 902 convivio

1159 920 1271 958 posuit
1286 919 1524 958 acipenserem,
1539 920 1679 959 piscium
1694 919 1838 951 omnium

1159 966 1308 997 habitum
1323 967 1574 998 nobilissimum.

1199 1017 1240 1046 48
1264 1013 1370 1050 Quid?
1392 1019 1456 1046 tum
1475 1015 1628 1056 rhombos]
1659 1017 1778 1056 Pergit
1804 1016 1839 1047 in
1853 1041 1861 1047 ,

1160 1065 1340 1104 proposito,
1362 1065 1505 1104 pretium
1524 1065 1670 1096 obsoniis
1693 1070 1759 1096 non
1781 1074 1838 1096 na-

1161 1116 1247 1151 tura,
1267 1113 1326 1144 sed
1351 1113 1506 1154 opinione
1534 1114 1631 1154 poni:
1665 1118 1839 1154 postquam

1161 1163 1320 1202 exemplis
1333 1166 1479 1203 constat,
1494 1163 1634 1203 ignorari
1651 1163 1703 1194 vel
1715 1162 1840 1203 pretio-

1159 1210 1301 1249 sissima,
1311 1211 1418 1242 donec
1430 1216 1584 1242 auctores
1597 1211 1768 1242 inveniant
1779 1220 1840 1251 per

1160 1268 1242 1299 quos
1258 1259 1468 1290 celebrentur
1481 1270 1490 1298 ;
1511 1264 1547 1291 ut
1561 1259 1761 1298 Gallonium,
1775 1260 1840 1291 aci-

1160 1317 1298 1347 penser3
1331 1308 1483 1339 rhombus
1508 1313 1544 1340 et
1569 1309 1708 1348 ciconia,
1733 1309 1839 1340 virum

1161 1356 1272 1387 nescio
1287 1366 1383 1396 quem
1400 1357 1604 1396 praetorium.
1635 1357 1722 1388 Nam
1738 1357 1838 1397 prisci

1160 1404 1370 1444 interpretes
1383 1405 1436 1436 alii
1449 1405 1694 1446 Sempronium,
1703 1406 1758 1436 alii
1773 1406 1839 1437 Ru-

1162 1453 1268 1484 tilium
1293 1452 1414 1485 Rufum
1441 1455 1621 1492 nominant,
1635 1454 1691 1494 qui
1716 1458 1840 1494 praetu-

1160 1510 1228 1531 ram
1245 1501 1375 1541 quidem
1401 1502 1588 1542 ambiverit,
1609 1503 1667 1533 sed
1681 1502 1724 1534 ob
1739 1503 1841 1533 inter-

1160 1548 1267 1579 fectas
1283 1549 1428 1579 ciconias
1444 1551 1566 1589 populo
1580 1550 1715 1588 invisus,
1731 1550 1839 1589 repul-

1159 1606 1227 1628 sam
1251 1597 1376 1636 tnlerit,
1399 1602 1437 1628 nt
1459 1602 1603 1628 testatur
1626 1598 1839 1637 Epigramma

1161 1646 1299 1676 relatum
1325 1655 1343 1675 a
1366 1645 1595 1684 Porphyrione
1624 1645 1742 1685 prisrae
1770 1645 1838 1676 ele-

1161 1693 1298 1731 gantiae:
1322 1696 1332 1709 ¹
1349 1692 1556 1723 Ciconiarum
1572 1691 1676 1722 Rufus
1685 1692 1748 1723 iste
1760 1702 1839 1724 con-

1161 1739 1250 1770 ditor
1265 1739 1332 1770 Hic
1344 1735 1535 1770 est'duobus
1544 1739 1728 1778 elegantior
1739 1740 1841 1771 Plan-

1162 1787 1223 1826 cis,
1249 1786 1484 1826 Suffragiorum
1514 1792 1637 1828 puncta
1667 1796 1731 1818 uon
1761 1788 1839 1819 tulit

1160 1841 1303 1876 septem,
1325 1835 1533 1866 Ciconiarum
1558 1835 1696 1876 populus
1718 1839 1771 1866 est
1791 1836 1841 1866 ul·

1162 1890 1215 1915 tus
1243 1883 1406 1916 mortem!
1448 1884 1589 1916 Rhombi
1617 1885 1839 1917 laudatissimi

1162 1934 1274 1965 Romae
1285 1933 1400 1970 habiti,
1416 1934 1471 1974 qui
1487 1934 1520 1964 in
1539 1933 1619 1964 mari
1641 1933 1839 1964 Hadriatico

1161 1983 1391 2023 capiebantur,
1415 1982 1553 2022 majores
1575 1982 1676 2012 etiam
1698 1982 1839 2012 ceteris:

1160 2037 1196 2063 et
1227 2032 1394 2073 praecipue
1431 2031 1563 2072 quidem
1593 2031 1772 2070 Ravennae,
1801 2034 1839 2061 ut

1161 2085 1304 2112 testatur
1324 2080 1453 2111 Plinius
1468 2089 1522 2111 xx.
1533 2082 1584 2111 54.
1599 2078 1688 2110 unde
1700 2083 1736 2111 et
1757 2079 1840 2110 Ovi-

1161 2128 1251 2159 dius:
1295 2129 1305 2146 ‘
1322 2127 1491 2158 Hadriaco
1520 2126 1702 2161 imitandus
1742 2127 1839 2158 litore

1160 2174 1335 2205 rhombus!
1370 2174 1459 2204 Galli
1478 2182 1566 2204 nunc
1591 2173 1693 2203 tur-bot
1707 2178 1838 2208 vocant,

1160 2231 1180 2252 a
1200 2221 1343 2258 turbine,
1358 2222 1391 2251 ni
1407 2220 1518 2251 fallor.
1542 2221 1681 2251 Torreat.
1725 2221 1838 2251 Rhom-

1160 2269 1211 2299 bos
1236 2269 1351 2308 minus]
1386 2268 1553 2299 Rhombus
1581 2268 1681 2308 piscis
1710 2277 1836 2299 summo

1160 2321 1232 2348 erat
1249 2317 1281 2347 in
1296 2318 1419 2347 honore
1433 2316 1520 2356 apud
1538 2316 1711 2347 Romanos.
1835 2332 1837 2335 .

1201 2367 1242 2395 49
1275 2365 1368 2394 Tutus
1396 2367 1463 2394 erat
1489 2362 1643 2402 rhombus]
1669 2363 1837 2395 Rhombus

1160 2411 1266 2443 adhuc
1281 2410 1351 2442 fere
1371 2411 1529 2442 Romanis
1541 2415 1612 2442 erat
1627 2411 1824 2452 incognitus.

1201 2462 1242 2490 50
1265 2459 1452 2499 Proeeorius]
1487 2459 1698 2499 Sempronius
1719 2458 1835 2499 Rufus,

1160 2508 1303 2548 gulosus,
1318 2512 1496 2547 praeturam
1511 2513 1672 2547 expetens
1686 2507 1763 2539 tulit
1784 2516 1834 2539 re·

1161 2557 1300 2597 pulsam.
1339 2555 1461 2595 [Donec
1474 2565 1527 2586 nos
1541 2554 1719 2586 Barbetiu.
1732 2555 1780 2595 2.]

1201 2608 1239 2635 51
1263 2604 1299 2635 Si
1313 2604 1382 2643 quis
1395 2614 1472 2634 nunc
1493 2612 1611 2642 mergos
1620 2603 1739 2634 naveis
1751 2604 1836 2634 edix-

1159 2654 1219 2684 erit
1233 2653 1329 2692 assos]
1354 2652 1515 2684 Ostendit
1536 2652 1615 2683 nihil
1635 2656 1702 2683 tam
1722 2651 1834 2683 absur-

1160 2702 1237 2732 dum
1259 2701 1381 2740 insigni
1396 2701 1507 2741 aliquo
1528 2700 1615 2731 inter
1637 2701 1771 2740 gulones
1795 2707 1832 2729 ac

1161 2750 1309 2790 gurgites
1328 2749 1401 2780 illos
1418 2753 1553 2780 auctore
1575 2748 1726 2790 proponi,
1746 2746 1833 2787 quod
