1982 3230
579 326 934 359 EPls'rohARUM
969 328 1066 359 nin.
1096 328 1149 360 ιι.
1181 317 1221 359 1.
1517 318 1628 362 1211

171 422 294 464 Infra
315 434 363 464 se
383 421 584 476 positas:
614 421 838 464 extinctus
858 423 1080 464 amabitur
1097 421 1228 464 idem.

169 488 388 531 Praesenti
406 488 489 530 tibi
508 493 705 530 maturos
725 489 931 543 largimur
948 489 1156 540 honores,
1575 492 1630 532 15

168 555 200 597 J
202 556 480 611 urendasque
501 559 624 597 tuum
642 568 725 609 per
737 568 896 597 nomen
918 556 1126 610 ponimus
1149 569 1266 606 araS,

169 622 250 664 Nil
263 623 474 665 oriturum
496 623 626 673 alias,
648 620 709 664 nil
726 627 872 664 ortum
892 623 980 666 tale
1001 623 1206 689 fatentes.

168 690 259 732 Sed
280 693 384 731 tuus
402 689 476 732 hic
491 690 699 744 populus,
719 691 902 745 sapiens
921 695 964 734 et
975 690 1128 745 justus
1149 691 1195 732 in
1214 704 1317 741 uno,

164 815 262 850 irim
276 817 425 858 opprimit
439 828 450 849 .·
473 818 538 859 ipse
551 828 623 851 vero
638 821 779 850 mortuus
804 818 967 859 diligetur.
1018 818 1145 851 Viventi
1164 818 1224 850 tibi
1237 819 1353 851 cultum
1367 818 1536 857 deferimus
1551 822 1627 851 tem-

163 859 330 900 peativum,
341 870 470 902 arasque
484 861 649 902 erigimus,
663 862 705 892 ud
715 861 957 902 qmjumln'tur
970 870 1025 902 per
1034 871 1145 893 nomeu·
1161 864 1262 900 tuum,
1275 862 1460 904 profitentes
1474 862 1555 894 nihi!
1566 873 1627 902 par

165 901 227 933 tibi
238 902 382 940 extitisse
397 904 535 945 nihilque
543 905 692 944 futurum
706 914 855 946 unquam-
905 903 1018 936 Verum
1033 907 1106 936 tuus
1124 904 1177 936 iue
1189 906 1323 946 populus
1344 906 1379 937 in
1394 915 1456 937 unu
1467 914 1503 937 re
1519 905 1627 943 justus

915 994 1014 1010 ”m

163 1061 397 1094 Seboenborn.
412 1065 444 1095 2.
461 1066 740 1104 praegmvet.—l4
764 1063 856 1103 Infra
868 1073 902 1095 se
919 1063 1040 1104 positos
1054 1062 1202 1095 Chisian.
1218 1066 1248 1095 1.
1275 1074 1295 1095 a
1316 1074 1362 1096 m.
1389 1074 1458 1097 sec.
1495 1065 1504 1083 ⁴
1524 1063 1625 1096 Hanc

164 1113 240 1136 ense
256 1114 369 1137 veram
386 1106 585 1146 lectionem,
602 1111 707 1148 atque
723 1107 773 1138 ita
788 1107 911 1148 legisse
927 1106 1216 1147 Porphyrionem,
1237 1106 1402 1148 liquidnm
1421 1112 1474 1139 est
1490 1117 1535 1139 ex
1550 1108 1625 1148 ejus

163 1146 440 1180 Commentario?
462 1149 541 1180 Fen.
597 1149 655 1180 Ita
679 1148 820 1181 edidere
849 1150 933 1189 Fen,
958 1149 1085 1188 Bothe,
1115 1154 1153 1180 et
1181 1148 1396 1182 Jaeck.-—1o
1416 1151 1511 1182 Vatt.
1537 1153 1569 1181 5.
1592 1153 1625 1182 7.

163 1189 262 1223 Vnt.
278 1190 378 1222 Rom.
394 1194 427 1222 5.
443 1193 474 1222 8.
496 1191 623 1223 Biand.
650 1191 897 1223 vetustissimus
930 1191 1087 1233 Cruquii,
1111 1191 1180 1222 duo
1198 1191 1416 1231 Bersmami,
1436 1197 1474 1224 et
1489 1192 1544 1224 ed.
1560 1192 1624 1224 Ca-

163 1231 256 1263 dom.
272 1233 370 1264 1480.
389 1243 446 1274 per
459 1243 591 1265 numen:
614 1233 739 1274 probat
763 1234 878 1265 Bentl.
902 1237 1110 1274 receperunt
1132 1233 1212 1264 inde
1229 1234 1374 1275 Cnning.
1391 1234 1516 1266 Sanad.
1530 1235 1625 1275 Traj.

163 1273 208 1305 ad
237 1274 349 1307 Rben.
375 1275 526 1307 Mervill.
554 1276 707 1316 Francis,
733 1276 824 1308 Phil.
848 1275 1000 1317 Sandby,
1029 1274 1176 1315 Dorigh.
1198 1275 1335 1309 Wakef.
1360 1276 1466 1308 Kidd.
1493 1277 1578 1315 Fea,
1591 1282 1627 1308 et

163 1315 378 1348 Bostra—17
401 1317 561 1350 Vallicel.
589 1321 621 1350 3.
643 1328 663 1349 a
689 1328 732 1349 m.
760 1328 830 1350 sec.
851 1319 955 1349 aliter.
1009 1317 1193 1359 Bamberg.
1222 1318 1455 1350 Schoenborn.
1479 1321 1512 1351 4.
1545 1319 1624 1350 Vat.

162 1357 263 1399 Rom.
279 1362 312 1391 2.
339 1369 360 1391 a
374 1369 418 1396 m.
445 1369 498 1399 pr.
520 1361 601 1391 Vat.
619 1361 714 1391 Rom.
729 1363 762 1391 4.
786 1360 867 1390 Vat.
883 1360 996 1390 Pelet.
1010 1361 1043 1389 3.
1067 1359 1219 1390 Chisian.
1237 1362 1267 1391 1.
1283 1363 1315 1391 6.
1339 1361 1422 1392 nihil
1442 1364 1566 1397 υνιιιηις
1588 1365 1626 1393 et

160 1400 213 1432 ite
227 1401 374 1442 Cuning.
389 1410 433 1432 ex
449 1401 608 1441 ingenim
634 1405 824 1442 sequuntur
844 1400 971 1432 Sanad.
993 1406 1029 1432 et
1054 1401 1206 1431 Mervili.
1229 1402 1292 1432 tate
1312 1402 1471 1442 loquentes
1494 1403 1575 1434 Vat.
1591 1406 1625 1435 2.

151 1443 297 1480 sermea
311 1442 392 1475 Vat.
408 1446 440 1475 9.
456 1453 478 1474 a
492 1453 537 1475 m.
554 1453 606 1484 pr.
617 1445 694 1475 -18
710 1443 827 1475 Bentl.
843 1452 886 1474 ex
900 1452 966 1474 uno
982 1441 1059 1474 cod.
1082 1446 1156 1475 tuus
1169 1443 1226 1474 hoc
1246 1444 1389 1484 populun,
1406 1445 1623 1486 improbante

159 1484 240 1517 Fen.
283 1485 480 1519 Bentleium
506 1492 694 1528 sequuntur
715 1485 811 1527 Traj.
835 1485 878 1517 ad
905 1486 1015 1517 Rhen.
1037 1487 1132 1517 1⁷13.
1165 1485 1309 1527 Cuning.
1327 1486 1452 1518 Sanad.
1470 1487 1624 1519 Mervill.

817 1594 960 1628 NOTAE

159 1669 264 1711 diem,
277 1670 358 1713 quia
373 1669 533 1703 videntur
544 1669 611 1702 sibi
625 1670 669 1703 ab
682 1679 725 1703 eo
743 1669 861 1712 depri-

159 1722 218 1753 mi.
262 1721 312 1754 At
339 1731 417 1754 cum
439 1721 514 1754 fato
543 1725 598 1753 est
618 1721 772 1762 functus,
787 1722 861 1762 jam

158 1771 269 1804 virtus
293 1771 368 1813 ejus
393 1771 436 1804 ab
461 1771 584 1803 invidis
601 1772 707 1803 etiem
722 1771 862 1810 colitur,

158 1821 304 1863 mplius
312 1830 380 1853 nou
389 1821 626 1852 metuentibus
640 1820 789 1852 viventis
797 1819 862 1852 ful-

159 1880 243 1912 gore
258 1871 443 1913 perstringi
457 1874 494 1902 et
508 1871 615 1902 obrui.

203 1923 244 1953 1⁶
268 1921 428 1954 Proeseuez·
453 1920 525 1960 tibi,
550 1919 620 1962 ξω]
642 1920 707 1960 Tu,
736 1920 865 1960 Caesar,

162 1972 260 2004 vivus
276 1972 379 2004 etiam
399 1971 434 2003 in
457 1971 590 2002 deliciis
612 1980 662 2012 es,
684 1970 862 2002 iuvidiam-

159 2031 227 2064 que
250 2022 385 2055 vicisti:
408 2021 498 2063 quod
520 2025 574 2053 est
590 2030 725 2062 prorsus
748 2020 862 2060 singu-

158 2071 245 2104 lare.
289 2071 425 2112 Nempe
441 2076 502 2102 tna
521 2070 720 2112 magnitudo
734 2074 861 2102 cuncta

157 2121 440 2164 supergreditur:
461 2120 590 2152 invidia
615 2130 697 2152 vero
713 2129 780 2152 non
808 2129 861 2152 re·

158 2172 294 2214 peritur
307 2171 370 2204 nisi
392 2171 481 2203 inter
503 2172 644 2203 aemnlos
667 2175 704 2203 et
726 2170 797 2203 fere
814 2181 861 2202 ιι»-

155 2222 286 2266 quales.
331 2221 497 2264 Adeoque
521 2222 613 2253 solus
642 2221 786 2253 honores
810 2221 861 2253 di-

155 2273 254 2306 vinos
269 2272 415 2315 adeptus
431 2273 485 2304 vel
510 2271 591 2304 dum
611 2272 668 2304 hic
690 2272 782 2304 inter
797 2281 859 2305 nos

154 2323 267 2365 degis.

198 2373 374 2415 Praeumi]
389 2374 519 2406 Noster
531 2382 588 2404 ιιι.
601 2372 670 2405 Od.
683 2375 716 2405 5.
737 2371 748 2390 ‘
762 2373 858 2404 Prae-

155 2432 236 2456 sens
251 2424 358 2456 Divus
371 2423 553 2455 habebitur
570 2422 769 2464 Augustus.’

202 2474 365 2514 Maturus]
377 2474 456 2507 Jam
469 2474 598 2506 viventi
610 2474 758 2506 debitos.
781 2474 859 2505 Ser-

156 2524 233 2556 vius
262 2523 305 2554 ad
340 2524 413 2555 Eel.
436 2533 462 2555 1.
496 2523 698 2565 ‘Augustus
728 2524 859 2564 templa

157 2575 256 2606 vivus
276 2573 425 2614 meruit:
445 2574 568 2615 inquit,
586 2574 743 2616 citatque
768 2575 858 2607 hunc

158 2624 298 2657 Horatii
314 2624 436 2655 loenm.
462 2623 622 2664 Propert.
638 2633 694 2656 ιιι.
710 2627 743 2656 4.
766 2626 776 2643 ‘
794 2625 858 2657 Ar-

156 2685 215 2708 ma
240 2675 335 2705 Dens
361 2674 478 2705 Caesar
501 2673 589 2704 dites
614 2674 801 2706 meditatur
815 2675 858 2708 ad

153 2724 286 2758 Indos)

203 2779 243 2808 16
264 2773 499 2815 Jumndasque]
516 2773 620 2806 Aram
637 2778 794 2806 tenentes
805 2775 859 2815 ju-

157 2826 280 2858 rabant
292 2825 384 2856 olim.

161 2878 186 2902 Γ
203 2877 301 2909 Tuum
328 2885 383 2917 per
410 2875 533 2916 nomen]
570 2875 698 2907 Theoti.
730 2875 855 2911 Marci-

915 1671 980 1702 lius
1005 1669 1093 1710 vult,
1117 1672 1205 1702 tuum
1223 1679 1282 1711 per
1295 1679 1422 1702 numen.
1459 1669 1526 1702 Sed
1545 1679 1623 1711 per-

915 1720 996 1752 inde
1013 1725 1077 1752 est.

958 1770 1110 1802 Potuimus
1120 1769 1209 1810 aras]
1232 1769 1324 1801 Vide
1340 1778 1391 1802 lv.
1409 1769 1477 1801 od.
1493 1773 1526 1801 5.
1538 1770 1620 1802 item

915 1821 1021 1853 Dion.
1038 1821 1098 1851 lib.
1114 1829 1161 1851 ι.ι.
1186 1819 1245 1851 ubi
1268 1819 1378 1851 refert
1392 1820 1542 1851 edictum
1559 1821 1623 1852 Se-

915 1874 1016 1901 natus
1039 1869 1082 1901 de
1106 1869 1232 1900 divinis
1253 1869 1439 1901 honoribus
1466 1869 1622 1910 Augusto

917 1920 1117 1953 tribuendis.
1163 1921 1269 1953 Ovid.
1286 1922 1381 1953 Faat.
1398 1930 1424 1952 1.
1446 1925 1455 1939 ⁸
1473 1921 1621 1954 Caesaris

916 1980 1008 2002 arma
1021 1975 1148 2003 canant
1160 1971 1240 2010 nlii3
1264 1980 1326 2003 nos
1353 1971 1499 2003 Caesaris
1521 1972 1623 2004 ιιι-383

914 2021 1045 2053 Tamen
1069 2025 1205 2053 constat
1226 2021 1336 2052 nullus
1363 2021 1480 2053 Romae
1502 2020 1621 2063 fuisse,

914 2071 977 2103 sed
993 2076 1125 2103 tantum
1152 2072 1187 2103 in
1213 2070 1413 2112 provinciis,
1438 2071 1502 2102 nisi
1528 2070 1619 2103 sorte

912 2123 1078 2164 privatas.
1110 2123 1254 2155 Suetou.
1278 2122 1405 2154 Octav.
1422 2130 1483 2153 ι.ιι.
1498 2125 1534 2153 et
1549 2122 1619 2154 Dio

909 2173 970 2205 lib.
985 2182 1058 2206 mv.
1074 2173 1235 2205 decretas
1251 2171 1318 2204 sibi
1332 2182 1375 2204 ex
1391 2172 1619 2205 Senatuscon-

912 2224 1002 2255 suito
1016 2223 1107 2255 haud
1132 2222 1321 2264 accepisse,
1338 2222 1618 2262 immoprohibu-

909 2273 992 2314 isse,
1008 2277 1162 2306 narrant.
1198 2273 1208 2291 ‘
1226 2272 1268 2304 In
1284 2271 1369 2304 urbe
1384 2272 1523 2313 quidem
1541 2283 1618 2314 per·

910 2324 1121 2356 tinacissime
1135 2323 1301 2356 abstinuit
1315 2322 1380 2355 hoe
1389 2323 1518 2355 honore
1532 2333 1542 2355 ε
1567 2329 1619 2355 at-

911 2384 977 2416 que
1012 2377 1196 2414 argenteas
1234 2373 1339 2404 etiam
1370 2377 1502 2404 statuas
1536 2374 1617 2406 olim

910 2425 976 2456 sibi
1003 2424 1131 2466 positas
1159 2422 1323 2455 conflavit
1344 2432 1478 2455 omnes:
1512 2428 1546 2456 et
1573 2433 1618 2455 ex

911 2475 952 2507 iis
969 2484 1091 2506 aureas
1116 2474 1266 2506 cortinas
1284 2472 1438 2514 Apollini
1455 2474 1617 2505 Palatino

911 2524 1114 2556 dedicavit!
1141 2525 1194 2556 De
1214 2523 1358 2564 privatis
1375 2523 1442 2554 aris
1459 2523 1618 2563 Angusto

912 2575 1038 2607 erectis
1059 2573 1305 2614 intelligendus
1329 2582 1411 2613 ergo
1434 2573 1488 2604 hic
1504 2573 1616 2604 Hora-

912 2625 990 2664 tius,
1006 2625 1088 2655 item
1104 2623 1209 2655 ovid.
1225 2627 1303 2653 ante
1320 2622 1380 2653 cit.
1397 2626 1432 2652 et
1444 2622 1486 2652 de
1504 2622 1617 2654 Ponto

913 2685 938 2708 1.
950 2679 979 2707 5.
992 2677 1068 2706 e13.
1081 2674 1179 2713 Eleg.
1193 2682 1219 2704 ι.
1229 2677 1264 2702 et
1272 2671 1398 2711 Virgil.
1411 2671 1483 2703 Ecl.
1503 2673 1540 2703 1.‘
1553 2673 1617 2704 illi.

912 2735 952 2756 us
968 2734 1059 2755 aram
1074 2724 1175 2763 Saepe
1192 2726 1289 2752 tener
1311 2720 1438 2753 nostris
1453 2721 1496 2753 ab
1518 2722 1616 2756 ovili-

914 2775 975 2806 bus
993 2774 1120 2805 imbuet
1137 2770 1268 2812 agnnsss

957 2827 999 2855 18
1022 2823 1085 2854 Sed
1114 2826 1187 2853 titus
1211 2821 1263 2853 hic
1283 2831 1354 2861 pop.
1381 2820 1451 2861 εμπ]
1476 2821 1614 2855 Transit

912 2875 1086 2916 ingeniose
1111 2879 1144 2906 et
1171 2873 1316 2904 solerter
1345 2871 1386 2903 ad
1415 2881 1472 2903 eos
1498 2881 1613 2914 repre-
