1916 3262
428 283 636 318 uonxrn
668 283 943 316 minumum
977 286 1075 317 mn.
1104 286 1178 318 ιιι.
1207 277 1281 320 22.

128 376 239 410 titiam
251 376 342 410 illam
353 377 476 411 sensim
486 387 526 411 sc
536 379 684 410 latenter
695 385 826 419 expug-

126 431 197 458 net·
243 428 357 462 Quare
371 427 542 460 interdum
557 427 659 458 etiam
677 426 720 457 ad
736 426 826 458 ebri-

126 482 254 511 etatem
271 488 308 511 se
327 479 470 511 invitare
489 478 662 519 sapientes
685 478 827 516 permit·

126 533 217 570 tunt,
239 539 305 562 non
327 539 402 572 quae
424 533 554 570 mergat
570 537 645 567 nos,
665 527 726 559 sed
748 537 825 569 quae

128 578 417 620 deprimntcuras.
442 580 532 611 Tm.
575 577 642 610 Sed
656 577 826 619 Cruquius

126 633 314 663 tomentum
326 630 397 662 dici
407 629 457 662 sit
476 628 543 661 κατ’
563 627 749 669 anappum:
762 637 826 669 pro

126 679 323 721 lenimento,
334 684 472 722 sumpta
482 678 689 720 Metsphora
705 688 724 710 a
733 687 826 720 quae·

126 728 304 761 stionibus.
345 727 524 770 Significat
550 736 632 769 ergo
658 728 827 760 Horatius

125 777 263 819 ingenis
283 778 455 810 severiora
479 777 557 810 vino
578 777 752 810 interdum
778 777 826 810 le·

125 826 189 858 niri
201 836 242 859 nc
257 827 443 868 temperari
457 837 466 859 ε
495 827 551 859 vel
566 827 646 859 vino
663 832 827 869 tanquam

125 880 295 909 tormento
323 877 469 919 quodam
498 878 682 919 explorari,
713 877 829 919 qualia

122 925 202 957 sint.
225 925 310 958 Leuc
323 930 438 959 autem
450 926 552 964 dixit,
567 927 647 969 quia
670 927 736 959 alia
757 931 827 958 tor-

123 978 240 1007 menta
275 985 409 1017 aspera,
434 993 439 997 .
461 976 590 1016 gravia,
618 978 684 1008 ὅτε.
716 974 828 1007 Lamb.
869 979 877 983 ‘

125 1023 330 1057 Celebratur
373 1026 552 1068 cujusdam
582 1025 700 1057 Persae
735 1024 830 1066 Apo-

125 1074 320 1116 phthegms,
330 1076 386 1118 qui
399 1076 538 1117 negavit
551 1074 731 1108 tormentis
742 1083 828 1115 opus

126 1132 202 1155 esse
231 1124 274 1156 sd
303 1125 550 1166 exquirendum
588 1133 719 1164 verum,
749 1123 828 1155 vino

125 1173 214 1205 enim
237 1175 367 1206 rectius
381 1174 472 1206 elici.
494 1173 584 1206 Vide
598 1173 777 1205 Erasmum
793 1173 828 1205 iu

127 1223 293 1256 Proverb.
314 1225 324 1242 ‘
337 1223 380 1255 1n
396 1223 474 1255 vino
489 1222 637 1255 veritas!

168 1277 208 1306 15
224 1273 339 1314 Caras,
350 1277 381 1305 et
392 1283 539 1305 arcanum
542 1272 664 1313 jocoso]
685 1271 830 1304 Gravio-

125 1332 179 1354 res
201 1323 437 1364 cogitationes,
451 1328 488 1354 et
510 1322 687 1354 consilium
710 1329 830 1353 recon-

124 1374 233 1405 ditum
248 1375 327 1404 vino
347 1373 446 1404 hilari
467 1372 597 1413 prodis,
619 1371 703 1403 etin
719 1371 830 1402 lucem

123 1423 270 1464 profers.
314 1423 418 1464 [Cum
433 1422 579 1464 Guelpb.
603 1425 639 1454 et
655 1421 698 1453 nb
716 1421 760 1454 al.
782 1430 829 1452 m.

126 1473 272 1515 Curam]

166 1524 208 1554 16
230 1520 343 1564 Lyco]
363 1521 466 1554 Vino.
495 1520 620 1562 Lyaeus
645 1528 750 1552 unum
778 1522 831 1550 est

123 1580 166 1603 ex
181 1571 374 1603 nominibus
387 1570 525 1603 Bacchi.
549 1570 679 1612 [Lyeoeo
692 1569 715 1602 J
718 1568 831 1610 neck]

166 1624 208 1653 18
219 1621 345 1654 eornm
351 1619 499 1662 pauperi]
533 1619 642 1651 Addis
651 1618 829 1651 audaciam

124 1675 160 1703 et
172 1671 424 1704 confidentiam.
443 1670 580 1702 Baccho
595 1679 724 1701 cornua
734 1667 830 1700 affin-

125 1727 263 1763 guntur.
298 1721 389 1754 Vide
405 1730 446 1753 u.
467 1720 537 1752 Od.
554 1723 606 1752 19.
632 1719 729 1751 Ordo
754 1723 828 1750 est:

125 1771 180 1802 Tu
195 1771 294 1803 addis
309 1779 436 1802 cornus
453 1769 610 1810 pauperi,
625 1771 704 1808 post
723 1771 759 1798 te
775 1766 829 1807 (id

126 1825 194 1861 est,
207 1824 389 1862 postquam
405 1823 441 1850 te
456 1816 660 1858 sumpserit)
680 1825 744 1848 uec
760 1820 828 1848 tre-

126 1871 233 1902 menti
254 1870 372 1911 apices
394 1877 528 1909 regum,
550 1866 604 1909 (id
625 1871 690 1903 est,
710 1875 829 1907 regum

125 1917 362 1961 majestatem)
377 1927 442 1951 nee
456 1927 549 1950 erma
564 1917 722 1950 militum.

167 1971 210 2000 2⁰
233 1968 359 2008 Regum
383 1967 503 2009 apices]
534 1967 682 2009 Proprie
704 1966 715 1983 ⁸
729 1965 831 2008 npex'

127 2017 343 2051 sacerdotnm
358 2017 504 2058 insigne,
520 2020 611 2050 teste
625 2017 720 2049 Fest.
756 2016 830 2048 Ho-

125 2068 234 2100 ratius
257 2068 301 2100 ed
323 2076 444 2109 regum
465 2067 622 2100 diadema
645 2067 829 2100 transtulit.

130 2117 275 2150 Torreat.

166 2169 208 2199 21
227 2165 385 2207 Tel-ibor,
400 2169 445 2207 ee,
457 2167 486 2198 εἰ
499 2167 590 2208 loeta]
612 2166 645 2199 Ο
658 2166 716 2208 pia
726 2170 830 2202 testa.

123 2215 293 2256 Bacchus,
305 2216 434 2258 Venus,
457 2216 591 2249 Gratiae
614 2221 652 2249 et
677 2217 829 2248 lucernae

126 2265 319 2307 producent
334 2270 384 2307 te,
408 2266 443 2298 id
458 2271 527 2307 es„
543 2265 736 2308 producent
750 2274 832 2297 con·

95 2358 98 2361 .
126 2314 266 2353 vivium,
290 2315 328 2346 in
350 2324 417 2356 quo
439 2319 501 2348 tua
523 2316 646 2357 pocula
667 2316 832 2348 bibentur

128 2368 235 2397 totum
250 2369 400 2397 noctem.
452 2366 516 2406 [Te
529 2365 626 2397 Liber
639 2369 735 2406 testa,
745 2368 790 2406 et,
804 2366 834 2397 si

128 2414 203 2446 loetn
214 2414 328 2453 aderit,
341 2413 445 2446 Venus
455 2414 684 2446 Schoenboru.
696 2413 746 2455 2.]

170 2465 215 2494 22
236 2462 411 2504 Sag-»resque
439 2462 572 2503 solvere]
595 2462 638 2495 Id
660 2467 726 2504 est,
752 2473 829 2505 quae

130 2514 230 2554 plane
240 2512 439 2544 insolubiles
450 2512 520 2544 sint
531 2523 541 2544 ς
555 2516 595 2544 ut
602 2522 727 2554 parcus
736 2514 831 2546 Deo·

130 2571 205 2594 rum
219 2562 342 2601 cultor,
357 2561 414 2602 qui
426 2561 518 2592 Deos
533 2570 673 2603 prorsus
686 2570 755 2593 non
774 2570 831 2593 co-

130 2612 191 2643 lat.
227 2610 317 2642 Vide
335 2618 379 2642 n.
396 2610 464 2642 od.
479 2612 532 2642 80.
554 2610 656 2643 Turn.
682 2618 763 2643 xix.
777 2613 832 2642 29.

130 2666 167 2692 et
181 2667 270 2692 xxx.
293 2662 348 2691 11.
371 2659 462 2690 Torr-
502 2658 676 2700 Segnesque
702 2658 832 2699 nodum]

132 2710 235 2751 AEgre
251 2709 499 2751 distrahuntur,
510 2719 594 2752 quos
607 2709 738 2742 Gratim
753 2717 834 2742 con·

125 2760 291 2801 jungunt.

188 2813 230 2844 23
266 2811 354 2843 Vive
388 2810 537 2852 lucer-nee]
571 2809 702 2844 vivunt
730 2809 837 2849 enim,

1467 283 1581 327 1475

878 378 1040 420 quamdiu
1052 388 1204 412 uccensae
1216 381 1332 413 lumen
1345 380 1427 414 illud
1433 383 1580 428 jaciunt,

879 429 922 460 ad
938 439 1022 470 quos
1039 434 1130 462 totas
1144 440 1239 472 saepe
1254 436 1373 464 noctes
1393 434 1580 475 pervigiles

877 479 1084 520 potitnbnnt.
1126 479 1273 523 Vivceque
1295 482 1480 523 producent]
1516 483 1583 516 Ar-

878 527 1002 561 dentes
1037 530 1199 563 lucernae.
1263 531 1430 575 [Guelph.
1461 536 1578 575 produ-

878 577 982 619 ποιὰ]

919 631 963 661 24
987 630 1076 662 Dum
1100 631 1226 664 rediens
1238 631 1353 675 fugat]
1373 633 1467 666 Dum
1490 633 1583 667 redit

879 688 1012 711 aurora.

879 728 962 762 ona
978 739 1075 764 xxu.
1098 732 1320 772 Εὐχαριστική.
1346 733 1390 765 Iu
1409 735 1582 767 Dimum.

923 779 1061 820 Dhuae,
1083 781 1182 821 cujus
1205 781 1321 815 officia
1340 782 1507 823 celebrat,
1530 784 1582 824 pi·

922 838 1002 862 num
1017 830 1108 863 villae
1129 841 1198 863 suae
1215 831 1447 864 imminentem
1464 842 1581 864 couse-

923 883 1010 912 crat.
1038 879 1287 921 [Euenor-fistice.
1303 881 1452 923 Hymnus
1466 882 1500 914 in
1519 882 1583 915 Di·

920 938 1014 960 onam
1028 929 1229 972 Bnmberg]

925 982 943 1011 1
967 980 1128 1012 Montium
1141 983 1257 1020 custos,
1271 980 1343 1022 ξω]
1375 981 1433 1014 Sic
1450 982 1484 1013 in
1498 981 1582 1014 Car-

881 1031 972 1063 mine
983 1031 1148 1063 Saeculari
1161 1042 1171 1063 ι
1186 1034 1196 1050 ⁸
1208 1031 1444 1073 Silvarumque
1460 1037 1582 1073 potens

883 1079 1016 1112 Diana·’
1065 1081 1170 1113 Dicta
1195 1085 1309 1112 autem
1341 1081 1454 1113 Diana
1484 1082 1536 1113 vel
1564 1092 1584 1113 a

881 1129 1014 1170 duplici
1029 1130 1096 1170 via,
1117 1130 1214 1172 quasi
1235 1131 1246 1149 ‘
1260 1130 1412 1162 Divinus
1424 1129 1444 1170 ;’
1468 1131 1522 1162 vel
1538 1131 1583 1163 ab

883 1179 1010 1220 eundo,
1025 1179 1122 1221 quasi
1134 1181 1144 1198 ‘
1157 1179 1271 1212 Jann.'
1310 1180 1356 1213 Et
1369 1180 1501 1211 Lucina
1513 1180 1586 1213 dic·

884 1234 931 1270 ta,
954 1229 1046 1270 quod
1067 1229 1136 1261 luci
1160 1229 1299 1270 praesit:
1324 1229 1396 1260 sive
1418 1239 1438 1261 s
1458 1229 1585 1270 produ-

883 1277 995 1310 cendo
1009 1278 1044 1310 in
1059 1279 1171 1311 lucem
1186 1277 1270 1310 foetu
1285 1288 1294 1309 :
1317 1277 1463 1311 Junonis
1479 1279 1586 1310 etiam

883 1335 1004 1358 nomen
1031 1327 1064 1358 ei
1092 1336 1112 1358 e
1133 1326 1288 1367 juvando
1310 1326 1487 1358 tribuitur.
1539 1328 1587 1359 Et

884 1380 893 1393 ⁸
906 1374 1103 1415 Opifernm'
1118 1379 1154 1406 et
1168 1374 1179 1392 ‘
1189 1373 1402 1415 opigenam’
1417 1378 1584 1406 matronae

881 1423 1055 1460 colebant,
1077 1423 1170 1465 quod
1197 1422 1290 1455 ferre
1309 1433 1410 1465 opem
1431 1424 1466 1454 in
1482 1428 1586 1464 partu

880 1473 1114 1506 laborantibus
1140 1472 1342 1513 credebant,
1370 1477 1463 1505 teste
1493 1473 1584 1505 Fest.

869 1523 928 1555 ·Et
948 1524 958 1540 ‘
969 1522 1114 1564 llitbya'
1130 1527 1266 1565 vocata,
1282 1523 1410 1556 Graece
1423 1522 1582 1561 stactem,

881 1572 943 1605 ἀπὸ
957 1573 1015 1605 τοῦ
1029 1572 1218 1614 {air-recem,
1239 1573 1331 1614 quod
1356 1574 1494 1606 evolvere
1518 1574 1585 1614 sig-

880 1622 1012 1660 nificat,
1034 1624 1089 1655 vel
1112 1622 1174 1655 ἀπὸ
1193 1624 1252 1654 τοῦ
1265 1622 1392 1660 ἐλεύθω,
1407 1623 1456 1655 ὅτι
1470 1623 1513 1656 εἷς
1525 1625 1584 1656 τὰς

879 1671 1048 1704 τικτούσας
1063 1672 1194 1712 enchon,
1209 1672 1243 1704 id
1259 1677 1326 1712 est,
1337 1674 1418 1713 quod
1431 1673 1584 1713 parienti-

882 1721 939 1753 bus
950 1722 1107 1761 adveniat,
1121 1726 1224 1762 atque
1241 1730 1341 1761 opem
1358 1720 1460 1753 ferat.
1505 1722 1584 1754 Qua

883 1770 1015 1802 ratione
1050 1770 1155 1801 etiam
1186 1768 1354 1809 λυσίζωνος
1386 1774 1585 1811 nuncupata

883 1823 951 1858 est,
973 1823 1062 1851 teste
1085 1818 1271 1860 Hesychim
1294 1818 1384 1861 quod
1400 1829 1509 1851 zonam
1522 1821 1583 1851 sol-

882 1871 980 1900 veret.
1001 1868 1100 1900 Torr.
1151 1867 1313 1899 Montium
1325 1868 1447 1910 custos]
1471 1868 1583 1901 Diana

883 1917 1041 1949 venatrix
1057 1926 1118 1958 per
1131 1922 1264 1949 montes
1279 1922 1435 1958 vagatur.

924 1970 945 1999 2
967 1967 1160 1999 Labor-antee
1181 1971 1269 2000 utero
1288 1966 1423 2008 puellas]
1457 1967 1584 2000 Partu-

882 2017 1009 2050 rieutes
1030 2017 1142 2058 audis,
1163 2017 1255 2049 unde
1274 2018 1468 2058 appellatur
1482 2019 1583 2051 Luci-

882 2076 939 2107 na,
962 2066 1053 2109 quod
1068 2067 1255 2099 infantibus
1269 2067 1305 2099 iu
1319 2068 1430 2100 lucem
1446 2068 1582 2100 venien-

881 2116 975 2149 tibus
991 2126 1091 2158 opem
1106 2116 1208 2149 ferat.

924 2170 944 2199 3
962 2167 1023 2199 Ter
1035 2170 1147 2199 vocata
1156 2165 1262 2207 nudis]
1286 2167 1457 2199 Numerus
1469 2171 1583 2199 terua-

880 2217 951 2249 rius
980 2217 1137 2259 religioni
1165 2217 1340 2250 tribuitur.
1401 2217 1584 2258 Adimisque

879 2267 977 2309 letho]
993 2269 1079 2302 Quae
1095 2272 1240 2310 praestss
1251 2272 1290 2300 ut
1304 2267 1464 2300 mulieres
1480 2269 1581 2300 salvae

882 2319 1031 2359 pariant,
1047 2322 1083 2350 et
1095 2318 1294 2350 incolumes.

926 2369 946 2398 4
979 2366 1068 2398 Dim
1102 2367 1272 2408 triformis]
1308 2367 1490 2409 Τρίμορφος,
1520 2379 1583 2408 τρι·

881 2414 1054 2456 orpham-⁰5.
1096 2415 1198 2447 Unde
1224 2420 1261 2447 et
1285 2416 1409 2456 Virgil.
1431 2417 1582 2456 ‘Terge-

882 2464 1075 2505 utinamque
1090 2463 1262 2503 Hecaten,
1278 2465 1348 2497 tria
1359 2464 1510 2504 Virginis
1524 2473 1583 2495 ora

883 2512 1036 2546 Dianae)
1091 2514 1172 2545 Sive
1206 2514 1298 2555 qnod
1328 2513 1396 2545 alia
1426 2512 1583 2544 videatur

883 2562 964 2594 dum
985 2561 1122 2603 crescit,
1143 2562 1211 2594 alia
1233 2572 1311 2594 cum
1334 2563 1435 2603 plena
1459 2565 1525 2600 est,
1547 2565 1583 2592 et

886 2612 1009 2644 iterum
1025 2611 1104 2642 dum
1120 2611 1302 2651 decrescit,
1322 2611 1394 2642 sive
1415 2609 1508 2651 quod
1523 2610 1584 2642 tri-

886 2661 968 2703 plici
993 2660 1039 2693 sit
1064 2664 1249 2702 potestate,
1270 2664 1307 2693 et
1332 2661 1367 2692 in
1387 2660 1484 2701 coelo,
1498 2660 1583 2692 etin

886 2716 990 2751 terra,
1004 2715 1040 2743 et
1053 2710 1143 2751 apud
1159 2709 1297 2742 inferos.
1328 2710 1422 2744 Quin
1432 2713 1471 2742 et
1483 2710 1493 2727 ⁸
1504 2709 1581 2741 'rri-

886 2761 974 2793 viam
985 2760 995 2775 ²
1011 2759 1178 2802 appellari
1191 2760 1322 2799 volunt,
1331 2767 1397 2791 non
1411 2762 1478 2790 tam
1490 2759 1582 2800 quod

888 2811 923 2842 iu
938 2810 1045 2843 triviis
1067 2810 1209 2848 colatur,
1235 2818 1335 2852 quam
1353 2808 1397 2840 ob
1413 2808 1583 2850 triplicem
