1916 3262
493 251 701 284 Hortxrn
734 251 1009 283 οΑιιΜιΝυΜ
1045 253 1141 282 mu.
1174 253 1249 283 111.
1279 243 1322 285 2.

168 357 229 380 suo
245 356 370 388 sponso
385 346 580 380 metuentis.
613 346 711 386 Cruq.
766 344 870 376 Rudis

168 398 343 440 agminum]
370 397 431 430 Rei
445 396 601 429 militaris
614 395 752 428 inscius.

214 452 254 481 10
278 449 400 489 Regius
423 447 565 490 sponsus]
596 447 748 489 Sponsus
777 444 872 488 regia

169 500 280 542 stirpe
296 499 506 541 progenitus.

213 553 252 583 n
275 547 536 591 Lacaenam]
558 546 705 579 Militem
723 548 822 580 Rom.
837 547 872 580 iu

170 599 333 633 conflictu
341 609 482 640 saevum,
491 603 546 631 est
557 596 746 638 Allegoria.
773 598 873 634 Quem

171 653 301 683 cruenta
314 650 382 692 im]
407 649 447 681 ld
463 651 528 686 est,
541 647 673 679 hostilis
696 647 799 679 animi
821 656 874 679 ra·

169 700 243 735 hies
263 710 327 742 per
343 700 472 732 medias
494 697 641 731 hostium
655 698 768 730 caedes
784 697 875 740 rapit

169 755 275 793 atque
289 750 448 792 impellit.
469 748 585 781 Lubin.

211 803 251 833 18
276 801 376 834 Dulce
398 803 432 832 et
454 800 599 832 decorum
623 798 686 840 est]
724 797 875 830 Perinde
895 816 897 818 -

167 859 208 884 ac
238 851 267 883 si
296 859 416 893 parum
442 855 550 890 esset,
572 851 716 882 decorum
735 848 877 889 dicere3

167 899 266 933 addit
281 899 388 933 etiam
411 901 498 932 dulce
525 909 565 932 ac
585 899 777 941 jucundum
798 907 876 930 esse

166 951 254 984 mori
277 960 339 993 pro
364 950 499 992 patria:
535 959 627 992 quae,
650 954 689 981 ut
712 948 877 990 praeclare

167 1001 218 1034 nit
234 1001 371 1041 Cicero,
381 1010 450 1032 una
465 1009 583 1032 omnes
595 999 743 1030 omnium
753 997 877 1031 carita·

168 1057 222 1086 tea
236 1052 418 1094 complexa
432 1056 500 1084 est.
531 1051 635 1085 Quod
651 1055 686 1082 et
705 1050 876 1083 Homerus

169 1107 317 1135 testatur
331 1107 414 1135 noto
431 1103 490 1134 illo
506 1112 605 1134 versu
623 1102 751 1144 Odyss.
765 1105 792 1132 1.
817 1100 877 1133 *Ως

168 1153 257 1187 οὐδὲν
278 1152 412 1194 ’γλύκιον
435 1152 473 1191 ἧς
495 1152 641 1194 πατρίδος
665 1152 736 1186 οῦδὲ
756 1151 877 1191 τοκήων

169 1204 326 1245 Γίγνεται.
348 1205 490 1237 Tot-rent.

213 1258 254 1288 14
272 1255 361 1287 Mon
374 1252 578 1294 etsugucem]
595 1251 782 1285 Confirmat
793 1256 875 1284 ante

169 1305 298 1339 dictam
329 1303 548 1336 sententiam.
594 1302 632 1333 Si
654 1301 744 1332 enim
769 1302 875 1333 omni-

167 1357 232 1388 bus
245 1354 461 1386 moriendum
477 1356 542 1392 est,
556 1352 701 1383 stultum
718 1355 773 1382 est
788 1360 875 1382 mor-

167 1406 211 1438 tis
227 1410 320 1438 metu
335 1404 438 1436 vitam
453 1411 556 1444 agere
573 1401 753 1442 ingloriam
770 1405 875 1442 atque

167 1456 340 1497 ignavam,
364 1453 499 1495 qualem
522 1461 615 1494 saepe
644 1451 749 1483 etiam
774 1451 876 1483 citius

167 1515 258 1540 mors
272 1508 436 1545 occupet,
459 1512 562 1546 quarn
578 1507 753 1534 strenuam
771 1505 876 1544 atque

167 1556 408 1595 exercitatam,
424 1559 462 1586 ut
483 1553 670 1586 Simonidis
687 1562 805 1585 versus
825 1554 876 1585 in-

167 1607 284 1640 dicat:
317 1605 360 1638 Ὃ
381 1606 407 1638 δ’
429 1603 469 1638 αὖ
482 1603 617 1638 θάνατος
638 1604 739 1645 ἐφῆκε
754 1602 876 1636 καὶτὸν

167 1656 368 1699 φυγομάχον.
426 1657 484 1689 De
521 1665 588 1697 quo
625 1655 758 1687 Muret.
795 1655 878 1687 Var.

167 1708 266 1741 Lect.
281 1716 335 1740 ιν.
349 1709 383 1738 9.
409 1705 553 1738 Torreat.
598 1705 758 1744 Fugacem
774 1714 877 1745 perse-

168 1757 294 1798 quitur]
338 1755 407 1790 Qut
433 1753 598 1795 fugiendo
624 1755 806 1786 consulunt
825 1763 877 1785 sa-

169 1801 247 1847 luti,
264 1806 391 1848 saepius
413 1804 672 1846 periclitantur,
693 1812 794 1846 quam
819 1803 878 1845 qui

169 1855 308 1890 fortiter
323 1858 491 1897 pugnant.

215 1910 258 1939 16
281 1904 472 1947 ΡορΙίιίὸιιε,
484 1901 671 1943 timidoque]
686 1901 708 1936 J
713 1902 879 1935 uvenibus

170 1957 313 1999 ignavis,
350 1963 493 1997 quorum
523 1953 687 1994 poplites,
719 1953 881 1995 quemad·

170 2005 308 2040 modurn
331 2010 369 2037 et
387 2010 498 2045 terga,
523 2008 711 2035 cernuntur
731 2003 811 2035 dum
828 2003 879 2035 fu-

170 2057 280 2099 giunt-

213 2111 254 2141 17
281 2108 388 2140 Virtus
403 2107 533 2148 repulsoe
550 2106 670 2147 nescia]
704 2107 737 2139 N
741 2116 783 2138 on
800 2107 879 2148 quia

168 2158 321 2191 homines
338 2158 468 2190 virtute
486 2161 709 2198 praestantes,
723 2162 758 2188 et
775 2157 878 2188 hono-

169 2219 225 2243 res
246 2213 382 2252 petant,
397 2213 434 2240 et
458 2217 553 2249 saepe
575 2208 679 2239 etiam
707 2209 878 2250 repulsam

170 2259 309 2300 ferant,
340 2259 399 2291 sed
426 2258 507 2301 quia
525 2258 654 2289 nullum
672 2258 752 2290 inde
770 2260 879 2291 virtus

170 2310 414 2343 detrimentum
439 2309 582 2350 patitur,
601 2319 679 2351 quae
706 2320 768 2342 suo
791 2321 879 2343 sem-

171 2368 235 2401 per
250 2359 364 2391 robori
377 2358 542 2397 innitens,
558 2359 679 2390 eadem
700 2365 754 2392 est
770 2361 803 2392 in
821 2361 879 2393 ad·

173 2409 281 2441 versis
298 2408 414 2448 rebus,
434 2417 510 2448 quae
531 2407 567 2438 in
589 2409 772 2448 secundis3
806 2410 880 2442 illas

175 2458 396 2498 super-amnas
408 2455 615 2489 moderatur.
632 2457 776 2491 Torreat.
813 2460 880 2492 Ne·

174 2508 239 2539 scia
250 2506 400 2547 aordidoe]
424 2506 560 2545 Virtus,
577 2508 720 2548 repulsae
736 2509 880 2549 ignomi-

175 2558 282 2590 niosae
299 2557 430 2598 ignara,
441 2556 537 2597 puris
548 2557 733 2590 bonoribus
748 2558 876 2601 fulget;

174 2618 254 2642 nam
269 2608 334 2639 viri
351 2607 479 2638 virtute
503 2611 708 2648 praestantes
730 2618 798 2641 non
820 2620 880 2652 pe-

181 2664 259 2692 tunt
275 2668 295 2690 a
310 2657 438 2699 populo
453 2657 610 2689 honores.

220 2712 261 2741 18
287 2706 507 2747 [acuminatis]
531 2706 642 2739 Nullis
664 2710 881 2751 corruptelae,

175 2759 384 2799 ambitionis,
398 2757 617 2799 largitionum
638 2759 780 2790 maculis
803 2769 882 2792 con.

175 2810 348 2854 spurcatis
378 2813 438 2842 aut
465 2807 678 2841 obscuratis:
711 2809 791 2851 quia
816 2809 880 2843 sibi

1512 246 1531 288 1
1541 245 1627 289 435

925 344 1014 376 bene
1029 344 1169 376 conscia
1183 344 1375 377 contemnit
1398 354 1502 377 vanos
1520 351 1555 379 et
1571 358 1628 389 po.

922 395 1060 437 pulares
1076 395 1233 428 honores.
1257 396 1355 437 Cruq.

967 448 1008 478 19
1032 446 1103 479 Nec
1116 446 1214 478 sumit
1237 448 1294 478 aut
1312 445 1421 487 ponit]
1453 445 1538 478 Vult
1557 446 1629 479 Ho-

923 498 1031 530 ratius
1047 498 1166 531 virtuti
1182 507 1279 530 suum
1307 507 1444 539 semper
1465 498 1629 530 honorem

922 553 1092 590 constare,
1116 549 1174 591 qui
1195 559 1260 582 nec
1284 549 1403 590 minui,
1430 558 1496 581 nec
1511 550 1629 590 augeri

922 598 1078 634 fortuitis
1103 601 1221 642 possit.
1265 599 1392 632 Omnia
1406 600 1440 632 in
1461 610 1500 632 se
1515 599 1630 642 posita

921 650 1039 691 habet,
1049 661 1112 684 nec
1123 661 1143 683 a
1156 651 1252 693 vulgi
1263 651 1424 692 opinione
1441 650 1630 692 dependet,

923 701 983 733 sed
1010 702 1076 735 sibi
1097 702 1174 744 ipsa
1196 702 1339 743 gloriam
1369 701 1557 734 concilians
1584 700 1628 732 ad

924 753 1047 784 coelum
1063 750 1206 784 affectat
1223 753 1323 784 viam.
1340 752 1432 784 Torr.
1483 750 1630 791 Secura]

925 802 1083 835 Honores
1120 807 1179 835 aut
1215 803 1450 844 magistratus,
1485 810 1629 843 quorum

926 852 1075 895 insignia
1087 859 1166 886 sunt
1179 862 1332 893 secures,
1342 857 1378 885 et
1388 851 1513 884 fasces.
1543 850 1630 892 [Nec

923 904 1011 946 ponit
1037 908 1093 937 aut
1130 905 1226 938 sumit
1266 904 1398 937 honores
1434 902 1536 936 codd.
1574 911 1630 943 ap.

926 954 1064 995 Jaeck.]

969 1008 1012 1038 20
1034 1004 1147 1047 Δια-α’]
1188 1005 1343 1046 Favoris,
1371 1004 1406 1037 id
1437 1008 1503 1044 est,
1528 1007 1630 1045 prout

926 1056 1056 1096 mobili,
1070 1061 1107 1088 et
1123 1055 1190 1088 levi
1206 1056 1332 1097 populo
1349 1055 1529 1097 placuerit.

969 1110 1009 1140 21
1042 1107 1153 1139 Virtus
1173 1105 1350 1148 recludens]
1380 1105 1498 1137 Virtus
1521 1103 1632 1145 aperi-

928 1167 988 1190 ens
1013 1157 1135 1189 coelum
1158 1156 1211 1197 iis,
1225 1156 1283 1198 qui
1305 1165 1373 1188 non
1399 1159 1556 1194 mortem,
1569 1153 1631 1186 sed

927 1206 1220 1240 immortalitatem
1243 1211 1322 1238 sunt
1337 1205 1464 1246 meriti,
1484 1205 1550 1240 iter
1572 1214 1631 1246 pa-

929 1257 1048 1289 tefacit
1063 1261 1100 1288 et
1122 1256 1186 1288 sibi
1209 1261 1246 1289 et
1265 1256 1334 1288 suis
1361 1266 1424 1298 per
1449 1257 1519 1288 vias
1543 1254 1633 1287 diffi-

926 1307 1009 1338 ciles
1022 1311 1058 1337 et
1074 1306 1287 1337 interclusas.

970 1359 1013 1388 22
1048 1356 1179 1395 Negata
1203 1359 1306 1387 tentat
1336 1355 1414 1395 iter]
1450 1355 1632 1395 Incognita

929 1407 1030 1447 vulgo
1045 1410 1082 1438 et
1106 1405 1267 1445 neglecta
1290 1410 1434 1446 propter
1450 1403 1632 1436 difficulta-

928 1459 997 1488 tem
1011 1460 1048 1487 et
1061 1455 1209 1487 labores.
1258 1455 1390 1496 Tentat]
1413 1455 1631 1496 Ingreditur:

926 1505 1112 1547 viliumque
1128 1504 1304 1536 hominnm
1327 1504 1361 1536 in
1380 1505 1480 1537 terris
1505 1504 1632 1546 ‹legen-

927 1556 1011 1588 tium
1028 1555 1185 1597 vulgares
1201 1560 1308 1587 caetus
1318 1560 1354 1588 et
1367 1559 1568 1597 conventus,
1586 1560 1635 1587 at-

926 1616 993 1649 que
1016 1606 1103 1638 adeo
1132 1606 1219 1638 hanc
1243 1615 1377 1638 omnem
1398 1607 1537 1638 humum
1562 1611 1633 1638 tur-

925 1657 1054 1693 bidam,
1070 1666 1255 1697 coenosam,
1266 1662 1303 1689 et
1319 1657 1434 1696 udam,
1445 1657 1557 1689 veloci
1573 1667 1634 1689 sua

927 1716 1042 1748 penna
1057 1716 1076 1738 e
1092 1706 1194 1738 rebus
1209 1707 1405 1739 mortalium
1428 1705 1583 1747 fugiente
1598 1712 1635 1738 et

929 1766 1035 1797 supra
1057 1761 1196 1788 terrena
1218 1756 1289 1788 alte
1313 1757 1348 1788 in
1370 1757 1493 1789 caelum
1519 1755 1634 1788 suble·

929 1810 1023 1844 vata,
1050 1805 1187 1848 spernit
1211 1810 1248 1838 et
1285 1815 1330 1838 ex
1366 1806 1437 1838 alto
1473 1805 1633 1846 despicit.

928 1855 1045 1888 Lubin.

972 1909 1015 1938 24
1039 1905 1182 1937 Humum
1198 1904 1364 1947 fugiente]
1394 1906 1463 1938 Res
1479 1910 1633 1938 terrenas

930 1957 1076 1998 spernit,
1093 1966 1253 1998 quaerens
1274 1956 1490 1988 immortalia.

972 2010 1013 2039 25
1039 2007 1101 2038 Est
1119 2010 1150 2038 et
1168 2006 1263 2047 fideli
1289 2006 1431 2047 silentio]
1456 2007 1634 2039 Commen-

929 2057 1010 2089 data
1032 2056 1136 2088 animi
1159 2056 1380 2096 fortitudine,
1400 2065 1492 2088 nunc
1517 2056 1634 2098 fidem,

929 2118 1005 2150 quae
1020 2107 1158 2139 silentio
1185 2107 1358 2148 praecipue
1375 2107 1543 2148 probatur
1565 2108 1635 2139 col-

929 2158 1060 2198 laudat,
1084 2162 1120 2190 et
1150 2157 1307 2199 perfidiae
1333 2167 1469 2198 poenam
1495 2159 1635 2190 commi-

929 2214 1046 2248 natur,
1061 2218 1100 2240 ac
1115 2208 1224 2240 veluti
1247 2207 1366 2240 divino
1383 2208 1522 2240 numine
1539 2206 1633 2239 affia-

930 2264 998 2299 tus,
1015 2258 1167 2291 diversas
1182 2259 1373 2291 sententias
1388 2260 1421 2291 iu
1438 2268 1542 2291 unum
1559 2268 1634 2291 cal·-

928 2319 1008 2341 men
1034 2309 1189 2350 conjicit.
1248 2309 1402 2342 Pulchre
1431 2313 1547 2341 autem
1573 2308 1633 2340 ‘fi-

929 2359 1008 2391 dele
1033 2357 1231 2395 silentium,’
1260 2358 1369 2390 dixit:
1394 2363 1444 2394 nt,
1475 2359 1485 2376 ‘
1501 2357 1570 2389 fida
1591 2357 1634 2388 si-

929 2408 1037 2440 lentia
1052 2406 1181 2443 saeris:
1197 2408 1375 2448 Virgilius.
1402 2408 1546 2440 Torrent.
1573 2408 1634 2438 Est

928 2456 1059 2499 etfideli
1070 2456 1156 2497 tuen]
1179 2456 1270 2488 Laus
1285 2456 1425 2488 silentii.

972 2509 1015 2538 26
1042 2505 1172 2545 Vetubo,
1186 2505 1255 2546 ξω]
1280 2505 1403 2546 Neque
1426 2515 1560 2536 mecum
1576 2505 1635 2537 ha-

930 2555 1065 2595 bitabit,
1080 2564 1192 2596 neque
1212 2564 1346 2586 mecum
1369 2555 1404 2586 in
1418 2555 1539 2586 eadem
1557 2557 1635 2588 navi

929 2606 1087 2645 vehetur,
1112 2605 1171 2646 qui
1200 2614 1299 2636 sacra
1329 2604 1478 2644 Cereris,
1508 2605 1542 2636 id
1569 2610 1634 2643 est.

930 2656 1073 2699 quodvis
1087 2664 1247 2686 arcanum
1259 2654 1440 2696 evulgarit,
1453 2655 1555 2687 homo
1571 2658 1636 2688 sei-

929 2708 1012 2739 licet
1042 2706 1200 2737 rimarum
1230 2705 1361 2746 plenus.
1408 2705 1473 2741 Qui
1509 2706 1634 2738 Cereris

928 2766 1050 2790 oacrum
1063 2752 1219 2794 vulgarit]
1233 2756 1244 2772 ⁶
1261 2753 1450 2787 Arcanam'
1461 2761 1560 2788 vocat
1567 2756 1632 2788 Ce-

929 2815 1054 2847 rerem,
1067 2805 1165 2846 cujus
1179 2813 1278 2838 sacra
1292 2804 1349 2838 illa
1368 2804 1539 2838 Eleusinia
1553 2806 1631 2839 reli-
