1930 3204
521 257 726 288 nonam
761 256 1040 288 SERMONUM
1078 256 1169 287 Lm.
1204 257 1232 288 1.
1266 246 1304 287 1.

180 351 283 382 semel
295 349 464 391 dedicata,
474 355 509 383 et
524 355 623 383 extra
637 351 875 383 commercium

179 400 300 440 posita,
317 401 350 432 in
366 401 488 433 nullius
511 401 652 433 hominis
667 405 744 432 sunt
762 405 875 441 potes·

179 454 262 483 tate.
281 451 422 483 Torreat.
470 452 593 493 Sam-is]
615 451 728 483 Sacris
742 452 788 482 nil
805 451 874 482 adi-

179 500 224 531 mi
241 504 335 532 vetat
351 501 481 542 religio.
823 515 825 517 ¹

221 553 263 583 72
291 551 439 592 Tabellr's]
471 551 652 591 laniendo,
675 560 742 582 uon
759 549 874 583 fruen-

178 600 222 632 do
238 602 401 642 pecuniis.

221 654 261 683 73
288 652 357 688 Quo
368 650 486 691 valeat]
522 651 580 683 Sic
608 655 644 682 et
666 651 743 682 libri
767 652 873 683 nostri

177 710 293 733 omnes
307 711 429 742 magno
443 710 628 740 consensu3
653 710 718 732 non
734 702 821 742 quid,
836 707 875 734 ut

175 750 211 782 in
227 751 384 792 vulgatis.
410 751 548 783 Torreat.
595 751 663 787 Quo
675 753 775 783 valeat
788 762 874 783 num-

175 802 256 843 mus]
280 803 400 835 Nescis
416 803 458 835 ad
471 803 550 845 quid
568 803 682 834 valeat
695 804 873 835 nummus?

216 855 259 884 74
285 854 380 895 ocus]
420 853 521 886 Holus
543 853 670 885 liabent
692 853 759 885 duo
786 854 875 885 anti-

173 902 336 944 quissimi,
357 907 396 935 ut
417 908 425 921 ¹
439 904 563 935 honus'
594 909 630 936 et
658 905 667 922 ‘
685 904 873 936 honustus.'

178 951 252 984 Vim·
265 953 439 994 sextarius]
462 955 517 985 De
530 954 651 986 Tacito
667 954 874 995 imperatore

173 1001 221 1032 sic
237 1002 374 1034 Flavius
388 1003 558 1043 Vopiscus
573 1014 581 1035 :
596 1003 605 1020 ‘
620 1003 701 1044 Ipse
713 1003 778 1036 fuit
794 1005 873 1036 vitae

175 1051 396 1093 parcissimae,
411 1052 460 1083 ita
476 1057 513 1084 ut
528 1054 713 1084 sextarium
731 1054 798 1087 vini
823 1061 874 1087 to-

176 1105 213 1132 ta
236 1101 291 1133 die
314 1111 495 1144 numquam
513 1104 696 1144 potaverit,
713 1114 807 1147 saepe
825 1107 875 1137 in-

174 1154 225 1182 tra
261 1151 450 1184 heminam?
513 1154 720 1186 Continebat
760 1159 874 1187 autem

175 1201 336 1242 amphora
366 1211 466 1235 urnas
496 1204 590 1243 duas,
616 1205 755 1244 congios
783 1210 873 1242 octo,

173 1253 341 1284 sextarios
371 1252 742 1295 duodeqmnquaginta,
769 1258 873 1287 sexta-

172 1302 241 1333 rius
257 1311 336 1334 vero
357 1303 497 1344 cyathos
521 1306 572 1335 12.
596 1314 680 1345 quos
704 1314 770 1336 una
791 1306 872 1336 liau-

173 1351 257 1383 sisse
271 1361 367 1384 coena
382 1352 525 1384 honeste
541 1353 673 1384 bibenti
687 1355 770 1386 satis
786 1359 871 1386 erat.

175 1400 266 1433 Tor-r.

215 1453 255 1483 75
282 1452 379 1488 Queis
404 1451 552 1494 humana]
589 1454 720 1487 Quibus
749 1460 873 1487 natura

170 1501 316 1533 humana
331 1503 406 1534 sine
429 1502 548 1534 dolore
571 1512 688 1535 carere
712 1514 778 1535 non
794 1515 870 1546 pos-

170 1551 226 1583 sit.

211 1600 254 1633 76
276 1602 328 1634 An
343 1603 476 1642 vigilare
488 1607 572 1635 metu
582 1604 770 1647 exanimem]
785 1605 872 1637 Ver-

168 1661 224 1684 sus
253 1653 462 1694 pulcerrimi.
518 1654 716 1696 Meritoque
745 1656 873 1688 Juven-

170 1701 181 1719 ‘
194 1702 324 1734 Misera
339 1708 392 1735 cst
408 1705 523 1745 magni
546 1705 703 1736 custodia
728 1705 873 1737 census)

170 1751 282 1783 Recte
297 1753 400 1783 etiam
417 1753 451 1783 in
472 1754 661 1794 proverbiis
679 1755 873 1786 celebratur

170 1800 409 1842 Aristophanis
431 1803 529 1843 illud,
558 1802 738 1836 δειλότατόν
760 1804 824 1836 ἐσθ’
855 1805 872 1835 ὁ

170 1852 319 1894 πλοῦτος,
342 1852 544 1884 timidissima
572 1864 621 1885 res
648 1855 794 1893 divium
826 1855 871 1887 ob

172 1906 226 1934 tot
246 1902 402 1934 nimirum
419 1903 570 1941 insidias,
594 1914 735 1946 quarum
752 1915 873 1937 caussa

171 1953 300 1994 pallere
326 1963 445 1985 aurum
470 1964 537 1986 non
559 1954 709 1987 infacete
735 1956 872 1998 quidam

170 2002 309 2036 dixerit.
335 2004 480 2036 Torrent-
524 2004 578 2038 An
589 2006 739 2048 vigilare]
765 2006 871 2038 Avari

169 2053 243 2084 haec
279 2054 392 2085 omnia
429 2054 614 2095 patiuntur.
670 2056 760 2096 Ergo
793 2061 872 2088 sunt

169 2103 376 2143 pauperrimi
391 2104 501 2145 quoad
518 2104 679 2136 bonorum
697 2115 806 2138 usum.

209 2155 252 2184 78
276 2153 328 2184 Ne
343 2156 374 2184 te
386 2153 566 2194 compilent]
590 2155 644 2186 Ne
661 2155 799 2196 fugituri
811 2160 869 2189 tua

167 2200 337 2236 furentur.
384 2204 574 2245 Compilent]
609 2205 706 2238 Bene
734 2205 778 2238 de
804 2207 868 2239 hoc

167 2251 336 2284 vocabulo
352 2252 496 2285 Pedian.
512 2254 596 2285 Ver.
617 2263 672 2286 ιιι.
707 2255 717 2272 ‘
729 2256 867 2297 Compi-

166 2301 266 2334 lsre’
297 2307 350 2334 est
379 2303 466 2343 pilos
496 2305 715 2343 convellere;
753 2311 789 2336 et
818 2307 868 2338 sic

166 2351 325 2384 fraudare
339 2351 445 2390 furto,
459 2357 497 2384 ut
523 2362 564 2383 ne
590 2353 650 2393 pili
675 2354 810 2394 quidem
833 2356 868 2387 in

167 2402 305 2443 spoliati
315 2411 458 2442 corpore
466 2402 714 2442 relinquantur.
727 2404 870 2438 Torreat.

169 2450 358 2490 Han-Juvat]
376 2451 534 2482 Hoccine
550 2452 725 2484 delectat?
746 2463 868 2495 nempe

170 2501 292 2532 timere
328 2506 364 2531 et
400 2509 535 2541 semper
571 2510 646 2532 esse
682 2503 867 2537 solicitum.

170 2550 260 2591 [Non
275 2553 307 2581 te
318 2550 484 2590 compilent
499 2550 676 2583 Barberin.
690 2552 741 2593 2.]

210 2601 254 2630 79
275 2599 500 2640 Pouperrimus
511 2609 576 2631 esse
591 2599 753 2642 bonorum]
779 2607 787 2620 ‘
802 2602 866 2634 Bo-

169 2649 230 2682 na’
246 2649 324 2680 inde
339 2649 434 2680 dicta
444 2649 534 2690 quod
547 2650 663 2690 beant,
674 2659 734 2682 seu
747 2650 867 2683 beatos

168 2699 311 2740 faciunt,
322 2703 359 2730 ut
374 2699 421 2730 ait
437 2699 614 2740 Ulpianus.
659 2700 758 2733 Quod
775 2701 802 2732 si
820 2702 868 2734 ita

170 2753 235 2785 est,
250 2749 340 2780 bona
354 2748 422 2780 dici
439 2752 612 2789 nequeunt
634 2759 710 2790 quae
728 2749 802 2790 plus
818 2751 868 2782 in-

169 2798 338 2833 commodi
359 2808 464 2841 ‹quam
488 2798 652 2833 commodi
680 2808 795 2833 secum
819 2799 868 2834 fe-

1517 248 1629 293 1593

928 356 1016 383 rant.
1061 351 1188 383 Carere
1205 350 1310 391 igitur
1326 359 1425 390 quam
1444 350 1569 384 habere
1585 354 1630 385 sit

926 401 1044 432 satius.
1076 400 1199 441 Neque
1215 409 1258 430 ex
1273 407 1428 430 sermone
1443 400 1535 440 vulgi
1551 401 1631 433 bea-

927 455 997 482 tum
1016 460 1077 491 pro
1093 449 1201 481 divite
1217 449 1332 481 dicere
1352 458 1524 490 possumus
1541 459 1629 487 eum,

925 501 984 541 qui
1011 505 1079 531 tam
1105 499 1229 531 misere
1253 503 1287 530 et
1309 498 1491 531 infeliciter
1510 499 1631 531 beatus

925 551 982 582 sit.
1014 550 1104 582 Tor-r.
1157 549 1395 590 pauperrimus]
1434 550 1508 590 Ego
1534 555 1632 591 opta-

925 611 997 632 rem
1014 610 1130 632 carere
1152 600 1202 631 his
1225 600 1335 639 bonis,
1352 609 1493 642 quorum
1518 605 1631 632 custo-

924 652 980 683 dia
995 661 1048 683 me
1065 651 1206 683 cruciat.

966 705 1008 733 80
1035 703 1202 734 Tentatum
1208 702 1336 741 frigore
1349 700 1478 743 corpus]
1496 701 1630 742 Corpus

924 753 1012 784 male
1029 752 1188 784 affectum
1207 753 1339 793 morbo,
1352 762 1394 784 ex
1407 752 1535 794 frigore
1550 762 1630 784 con-

926 807 1048 835 tracto.
1092 802 1158 844 [Ac
1171 803 1200 834 si
1216 803 1371 835 Vallicel.
1388 802 1436 842 3.]

967 856 1006 884 81
1030 852 1098 885 Aut
1113 852 1210 894 alius]
1237 852 1308 884 Aut
1325 854 1408 884 alius
1429 854 1567 885 morbus
1586 853 1628 885 ad

925 904 1054 935 lectum
1068 909 1102 935 te
1115 903 1255 944 dejecit.
1300 903 1431 946 Affixit]
1457 904 1629 946 Cruquius

925 953 1010 985 dicit
1035 963 1152 985 omnes
1181 953 1316 984 codices
1344 953 1470 985 habere
1500 954 1632 996 afflixit,

925 1008 1055 1044 praeter
1069 1004 1172 1035 Tons.
1188 1003 1247 1044 qui
1260 1003 1363 1035 babet
1376 1005 1491 1046 affixit.
1522 1004 1631 1036 Habes

924 1054 992 1094 qui]
1012 1052 1149 1084 Ironice
1165 1052 1238 1084 haec
1254 1057 1334 1084 sunt
1349 1052 1587 1093 intelligenda.

968 1105 1010 1134 82
1047 1102 1211 1142 Assideat]
1255 1102 1323 1135 Qui
1362 1113 1471 1145 prope
1503 1105 1630 1136 lectum

926 1157 1020 1185 tuum
1036 1152 1170 1185 sedeat.

967 1206 1008 1235 83
1032 1203 1186 1244 Suscitet]
1221 1203 1251 1234 E
1271 1203 1362 1235 lecto
1383 1203 1540 1236 suscitet.
1581 1204 1632 1236 Ac

922 1255 1034 1285 reddat
1045 1254 1144 1294 natis]
1165 1254 1211 1285 Et
1227 1258 1262 1285 te
1277 1263 1396 1285 sanum
1409 1254 1543 1286 reddat.

966 1306 1007 1335 84
1034 1305 1106 1334 Nou
1127 1303 1223 1344 uxor]
1259 1303 1380 1334 Invitis
1405 1303 1497 1334 enim
1523 1303 1630 1335 omni-

924 1353 987 1385 bus
1004 1363 1080 1384 eum
1097 1353 1214 1384 vivere
1229 1362 1367 1384 necesse
1383 1357 1448 1388 est,
1466 1353 1534 1394 qui,
1550 1363 1628 1384 cum

923 1403 1088 1444 prodesse
1106 1402 1260 1443 plurimis
1277 1403 1399 1443 possit,
1415 1402 1556 1442 prodest
1570 1411 1630 1434 ne-

922 1453 1016 1485 mini.
1063 1451 1226 1484 Amamus
1245 1453 1372 1493 qnippe
1395 1462 1452 1484 eos
1470 1461 1530 1492 per
1544 1462 1629 1493 quos

922 1503 1020 1534 nobis
1032 1502 1118 1535 bene
1131 1507 1194 1535 est.
1218 1503 1267 1534 At
1276 1512 1394 1534 avarus
1405 1512 1471 1534 non
1482 1502 1545 1534 nisi
1558 1512 1628 1534 mo-

922 1552 1013 1584 riens
1027 1553 1091 1584 hoc
1110 1557 1278 1594 praestare
1296 1554 1416 1594 possit.
1458 1553 1549 1584 Mori
1566 1553 1629 1585 ita-

922 1612 987 1644 que
1012 1612 1088 1634 eum
1116 1607 1240 1644 optant
1267 1612 1398 1643 omnes,
1419 1604 1513 1644 cnjus
1538 1612 1628 1635 mors

921 1653 1055 1684 heredis
1084 1652 1333 1694 quodaminodo
1359 1653 1431 1684 vita
1458 1653 1513 1685 sit.
1538 1654 1628 1685 Tor-r.

923 1702 998 1733 Non
1009 1711 1090 1733 uxor
1103 1702 1236 1742 salvum]
1255 1702 1286 1733 Ο
1301 1711 1411 1740 avare,
1425 1706 1461 1732 tu
1473 1702 1629 1733 omnibus

921 1751 1007 1783 adeo
1032 1761 1067 1783 es
1090 1751 1241 1791 odiosus,
1258 1756 1297 1783 ut
1315 1760 1415 1783 nemo
1438 1755 1472 1783 te
1496 1751 1628 1784 salvum

922 1810 996 1831 esse
1013 1801 1107 1832 velit.

965 1852 1008 1881 86
1044 1848 1196 1889 Miraris]
1233 1849 1374 1882 Miraris
1407 1855 1442 1883 te
1472 1851 1628 1884 omnibus

923 1908 998 1931 esse
1012 1899 1166 1932 invisum.
1212 1900 1315 1936 Quum
1330 1901 1379 1942 tu]
1403 1901 1488 1933 Cum
1506 1906 1543 1934 tu
1560 1912 1630 1934 om-

923 1949 979 1981 nia
993 1950 1132 1982 minoris
1147 1949 1254 1982 facias
1269 1961 1370 1993 quam
1388 1951 1583 1992 pecuniam.

966 1999 1023 2040 [87
1047 2001 1141 2032 Vatt.
1163 2005 1196 2032 5.
1216 2005 1253 2032 et
1278 2004 1333 2034 10.
1359 2011 1378 2033 a
1405 2012 1451 2033 m.
1475 2012 1544 2035 sec.
1567 2013 1629 2035 non

921 2050 1093 2088 mer-carin
1116 2050 1266 2083 Chisian.
1283 2054 1315 2083 2.
1338 2061 1358 2083 a
1378 2062 1422 2083 m.
1443 2063 1510 2084 sec.
1530 2053 1628 2085 mira-

920 2102 967 2133 ris
976 2113 989 2139 ;
1011 2103 1091 2134 Vat.
1107 2105 1140 2134 9.
1165 2112 1185 2133 a
1203 2112 1246 2134 m.
1266 2112 1317 2144 pr.
1331 2113 1394 2135 non
1408 2104 1557 2136 merearis
1569 2105 1625 2136 Ιιο-

919 2152 1054 2193 norem]

964 2205 1006 2234 88
1027 2203 1074 2234 At
1088 2203 1118 2234 si
1141 2202 1302 2244 cognatos]
1332 2203 1388 2235 An
1414 2214 1475 2246 pro
1500 2205 1548 2238 At
1569 2206 1626 2238 ha·

921 2253 1005 2285 beut
1019 2254 1150 2295 aliquot
1165 2253 1243 2285 libri
1260 2259 1408 2293 veteres,
1423 2265 1498 2287 cum
1520 2256 1625 2288 inter-

920 2304 1097 2344 rogatione
1119 2304 1152 2335 in
1176 2305 1242 2336 fine
1264 2307 1378 2346 quarti
1403 2317 1530 2349 versuS,
1547 2314 1626 2340 ante

921 2353 1063 2384 verbum
1088 2354 1246 2395 Denique.
1298 2356 1384 2388 Quae
1413 2357 1515 2389 lectio
1544 2359 1625 2390 mihi

921 2403 1057 2443 placet3
1091 2408 1128 2434 ut
1151 2414 1290 2436 avarum
1313 2410 1413 2445 roget
1428 2417 1469 2438 an
1486 2417 1625 2448 operam

921 2452 1019 2492 per'di
1048 2452 1238 2493 existimet,
1277 2454 1304 2485 si
1340 2454 1429 2486 forte
1465 2461 1625 2496 cognatos

920 2502 1012 2532 nullo
1027 2511 1086 2532 suo
1102 2501 1218 2532 labore
1234 2512 1255 2533 a
1279 2509 1401 2535 natura
1423 2504 1521 2536 datos
1538 2506 1625 2538 bene

920 2550 1083 2582 merendo
1106 2551 1170 2581 sibi
1193 2552 1356 2592 retineat,
1372 2558 1475 2594 atque
1498 2555 1624 2588 amicos

920 2606 1057 2638 servet3
1081 2600 1169 2631 haud
1187 2601 1391 2643 aliter-quam
1405 2603 1432 2633 si
1449 2604 1523 2644 quis
1537 2608 1624 2638 asel-

919 2652 987 2682 lum
1003 2659 1125 2691 parere
1141 2649 1256 2687 frenis,
1270 2652 1350 2683 etin
1364 2663 1484 2694 campo
1501 2655 1624 2687 decur-

919 2710 995 2732 rere
1021 2700 1167 2732 doceat:
1200 2710 1277 2732 nam
1302 2702 1363 2733 hoc
1391 2712 1511 2743 rogans
1536 2709 1622 2737 tam-

919 2760 1018 2792 quam
1036 2759 1107 2781 rem
1120 2749 1313 2791 absurdam,
1328 2752 1468 2792 perinde
1480 2753 1564 2787 facit
1579 2765 1620 2788 ae

920 2801 947 2832 si
963 2799 1164 2842 simpliciter
1188 2799 1262 2833 fieri
1279 2810 1379 2842 posse
1395 2809 1508 2844 neget.
1552 2805 1619 2837 Re-
