1904 3216
478 279 691 311 noRA‘ru
724 277 1000 310 salmonum
1036 277 1130 308 ωιι.
1162 277 1215 307 ιι.
1244 266 1285 308 1.

152 373 237 405 sitor
253 374 308 405 vel
331 377 518 405 accusator.
554 372 656 413 Leges
670 371 853 413 minitatur]

154 422 336 455 Minitatnr
369 422 597 454 conditionem
635 432 679 454 ex
717 422 852 462 legibus

149 473 243 521 lj-tia.
289 472 426 513 Urinam]
450 473 460 490 ‘
476 470 626 505 Urnam'
652 476 751 504 notat
779 477 788 490 '
795 473 852 512 ju-

151 521 356 562 dictoriam:
378 522 411 554 iu
435 532 535 563 quam
555 521 718 556 Judicum
744 521 852 554 tabel—

153 572 195 604 1ae
222 572 504 613 conjiciebantur.
545 571 669 605 Juvon.
695 571 769 604 Sat.
785 581 852 604 xu.

152 620 340 663 ‘Improba
379 622 531 663 quamvis
569 620 694 653 Gratia
719 620 853 654 fallacis

151 671 306 712 praitoria
321 672 442 706 vicerit
457 669 600 704 urnam!
627 671 721 703 Nota
737 676 852 704 autem

149 721 206 754 lex
227 722 348 754 Cassia
369 721 562 761 tabellaria,
577 720 620 752 de
643 721 758 753 tacitis
780 721 852 755 suf-

148 769 268 812 fragiis
285 780 347 812 pet·
362 771 505 804 tabellas
515 771 548 803 in
565 780 682 803 urnam
699 772 789 804 lata:
806 772 851 804 de

149 830 216 861 qua
228 820 300 853 Cic.
310 820 354 852 de
367 820 518 862 Legibus
531 821 589 853 lib.
603 830 661 854 ιιι.
677 826 713 853 et
725 821 852 854 Ancon.

147 868 182 902 in
209 869 328 903 Divina.
355 870 500 902 Torrent.
561 871 699 912 Urnom]
725 871 771 904 Et
792 872 852 903 mi-

152 919 282 952 nitatur
307 919 518 952 sortitionem
545 920 580 952 in
607 921 708 952 rebus
738 921 851 954 dubiis

153 973 231 1010 post
246 967 373 1002 factam
397 970 440 1002 ab
457 974 656 1003 accusatore
676 976 712 1004 et
732 980 790 1003 reo
797 972 852 1013 Ju-

149 1019 263 1053 dicum
279 1019 516 1061 rejectionem.

190 1070 234 1101 ⁴8
257 1069 396 1102 Canidia
410 1068 539 1111 Albuci]
560 1070 617 1104 Sic
628 1071 765 1112 quidem
777 1072 851 1113 plu-

150 1127 203 1150 res
220 1119 464 1160 uianuscripti;
491 1119 551 1152 sed
573 1119 688 1153 Albuti
703 1121 851 1162 mallem,

148 1174 186 1200 ιιι
216 1173 254 1200 et
278 1169 351 1201 Sat.
383 1170 549 1210 proxima,
581 1170 590 1188 ‘
610 1170 730 1203 Albuti
760 1173 851 1204 senis

148 1219 343 1262 exemplo;'
365 1230 475 1262 neque
501 1221 619 1262 ignota
635 1222 752 1255 Romae
769 1232 851 1264 gens

147 1269 304 1311 Albutia,
319 1280 340 1303 e
363 1281 431 1313 qua
454 1271 494 1304 Τ.
521 1270 681 1304 Albutius
705 1273 774 1312 ille,
794 1274 851 1316 qui

146 1329 238 1355 cum.
252 1327 291 1352 ut
306 1320 341 1353 in
357 1321 518 1354 Pisonem
534 1322 656 1354 scribit
672 1322 805 1363 Cicero,
817 1323 850 1355 in

145 1369 304 1403 Sardinia
337 1371 594 1412 triumphasset,
618 1371 736 1404 Romae
757 1372 851 1405 dam-

145 1425 248 1453 natus
265 1425 329 1453 est.
353 1421 487 1454 Canidia
503 1427 616 1454 autem
631 1422 768 1460 Albucii,
778 1423 850 1456 sive

145 1479 248 1510 uxor,
274 1471 346 1502 sive
371 1470 455 1511 filia,
476 1476 514 1503 ut
536 1472 697 1504 Hectoris
713 1472 849 1506 Andro·

146 1519 279 1560 mache,
302 1521 444 1562 insignis
458 1521 661 1561 habebatur,
685 1531 750 1554 non
766 1532 850 1563 saga

146 1573 292 1609 tantum,
306 1571 366 1602 sed
382 1575 419 1603 et
433 1571 639 1610 venenaria;
661 1572 770 1613 qualis
784 1572 848 1604 sub

142 1619 292 1653 Neronis
328 1621 473 1662 imperio
504 1621 666 1654 Locusta.
705 1622 848 1655 Torreat.

145 1670 279 1703 cnidi·
293 1670 420 1713 Albuti]
451 1671 582 1704 Albutii
599 1671 668 1704 filia
683 1672 847 1707 venefica.

147 1719 319 1761 Venenum]
343 1721 527 1753 Minitatnr
539 1731 718 1754 venenum.

183 1771 228 1801 49
253 1769 382 1811 Turius]
408 1770 542 1803 Nomen
557 1771 768 1810 Romanunm
785 1781 848 1805 un-

147 1818 190 1851 de
203 1825 406 1860 cognomen,
421 1819 580 1852 'rm-inus.
623 1820 752 1853 Errant.
767 1831 849 1862 ergo

69 1892 80 1899 ,
143 1868 200 1909 qui
217 1868 339 1901 Furius
355 1868 578 1901 substituunt.
624 1869 713 1902 Nam
732 1874 767 1903 et
782 1872 850 1912 syl-

147 1912 233 1952 labm
252 1919 340 1950 ratio
355 1925 539 1960 repugnat,
553 1925 590 1951 et
606 1919 782 1953 Orationis
798 1922 848 1954 M.

145 1970 286 2003 Catonis
304 1980 366 2012 pro
384 1971 423 2004 1..
439 1971 545 2003 Turio
561 1975 682 2004 contra
698 1972 761 2005 Cu.
777 1973 849 2005 Sel-

143 2019 224 2053 lium
244 2020 399 2053 meminit
423 2020 468 2054 A.
494 2021 627 2054 Gellius
651 2022 755 2055 Noct.
771 2023 846 2055 Att.

146 2078 222 2102 xw.
243 2072 276 2104 3.
321 2069 431 2104 Aiunt
455 2075 570 2103 antem
597 2072 686 2104 bunc
709 2073 847 2106 Turium

135 2119 290 2160 jndicem
320 2119 424 2153 fuisse
447 2121 691 2154 nummarium:
719 2132 794 2162 ego,
819 2124 847 2154 si

143 2170 352 2211 conjectura
375 2171 470 2203 locus
494 2171 552 2210 sit,
574 2177 610 2203 ut
628 2182 702 2204 esse
725 2173 760 2204 in
787 2174 846 2204 hu-

134 2219 284 2260 jusmodi
298 2220 400 2252 rebus
418 2220 536 2258 debet,
552 2222 770 2264 praerigidum
787 2233 846 2264 po-

142 2269 218 2302 tius
237 2278 279 2303 ac
307 2279 463 2303 severum
490 2271 636 2312 aliquem
674 2273 731 2315 qui
765 2283 846 2305 con-

141 2317 323 2352 demnaret
354 2329 485 2358 omnes,
514 2321 710 2353 absolveret
739 2324 846 2354 nemi·

142 2379 240 2403 uem:
278 2370 368 2412 quod
401 2375 516 2403 tamen
547 2372 575 2403 si
607 2381 759 2404 nummos
787 2383 846 2405 ex.

143 2419 327 2460 torquendi
360 2428 483 2453 caussa
513 2418 678 2460 faciebat,
714 2423 724 2441 ‘
750 2431 845 2456 num.

143 2467 304 2501 marium'
329 2477 391 2509 per
411 2477 466 2500 me
484 2470 635 2510 appelles
651 2471 745 2505 licet.
770 2473 846 2506 Tor.

142 2521 225 2549 rent.
275 2517 406 2559 Turius]
430 2518 545 2551 Judex
578 2522 781 2554 nummarius
808 2528 846 2555 et

145 2567 288 2600 venalis.

185 2620 228 2650 60
253 2617 323 2653 Quo
336 2616 479 2658 quiaque]
505 2617 686 2651 Quomodo
701 2621 846 2663 quisque

146 2668 324 2706 plurimum
354 2673 480 2708 potest.
526 2667 691 2709 Suspectus
713 2674 845 2714 terreat]

144 2719 192 2750 Ut
219 2721 348 2751 terreat
373 2727 456 2759 quos
478 2719 613 2750 metuit·
662 2720 765 2761 thue
780 2722 846 2755 Im.

138 2767 244 2808 peret]
278 2768 323 2800 Et
346 2767 629 2809 quemadmodum
647 2775 768 2802 natura
782 2772 846 2805 hoc

142 2819 300 2859 imperet.

1492 267 1604 309 1675

947 374 987 405 51
1013 370 1147 412 Potens]
1179 371 1358 404 Potenter.
1411 370 1469 402 Sic
1493 371 1605 410 collige

903 421 1038 462 mcum]
1075 419 1295 462 Apostrophe
1323 420 1366 452 ad
1394 419 1605 457 Trebatium,

903 480 1004 512 quem
1037 475 1164 510 monet,
1197 475 1235 503 ut
1263 479 1376 504 secum
1406 469 1604 511 diligentius

903 521 1112 562 perpendat,
1126 530 1205 552 num
1218 520 1263 552 sit
1274 525 1407 552 natura
1419 519 1607 559 adversari,

903 579 939 601 se
955 580 1023 602 nou
1041 571 1160 609 tutari,
1182 574 1426 611 acceptamque
1443 569 1603 611 injuriam

902 629 970 651 non
991 620 1129 652 ulcisci:
1159 619 1250 661 quod
1274 624 1312 651 ut
1334 619 1378 651 sit
1401 618 1606 657 evidentius,

903 669 1125 700 ratiocinatur
1147 679 1167 700 a
1189 668 1311 700 brutis.
1336 670 1434 710 Cruq.
1476 668 1531 701 Sic
1544 669 1607 700 col-

901 719 966 758 lige
990 719 1123 759 nucum]
1146 719 1201 750 Sic
1230 718 1437 751 ratiocinare
1462 727 1606 750 mecum.

900 768 1058 810 [Imperat
1073 768 1254 800 Barberin.
1271 768 1317 808 1.]

944 820 987 850 52
1010 817 1088 849 Nisi
1101 817 1203 858 intus]
1226 817 1304 849 Nisi
1319 826 1338 847 a
1355 822 1488 848 natura.

942 871 985 900 53
1017 867 1162 900 Vivat-em
1183 866 1290 907 crede]
1327 867 1459 898 Scaevae
1480 866 1605 908 longae-

901 926 977 950 vam
987 912 1137 950 'matrem
1151 918 1341 958 committe,
1352 926 1453 959 quam
1464 916 1603 948 nimium

901 967 1018 1002 vivere
1044 967 1189 999 moleste
1212 965 1332 999 refert.
1376 967 1605 1008 [monstratum

900 1024 945 1052 ert
958 1021 1038 1053 Vat.
1054 1021 1153 1052 Rom·
1170 1022 1200 1052 1.
1217 1018 1266 1059 7.]

943 1077 986 1107 54
1010 1071 1196 1112 Nilsaciet]
1220 1072 1296 1104 Non
1314 1070 1428 1112 gladio
1441 1079 1514 1102 eam
1529 1079 1605 1111 per-

901 1124 996 1163 imet,
1012 1122 1072 1157 sed
1088 1131 1232 1154 veneno.
1275 1121 1339 1152 Pia
1353 1121 1499 1163 dextera]
1518 1120 1605 1154 Quae

902 1174 960 1214 pia
975 1173 1124 1212 videtur,
1139 1181 1203 1203 nec
1219 1176 1334 1203 tamen
1349 1175 1413 1202 est.
1442 1170 1537 1211 [vat.
1553 1171 1606 1202 1³.

901 1223 1066 1262 nilsuciat.
1093 1223 1175 1254 Vat.
1194 1224 1226 1254 1.
1237 1220 1422 1262 Barberin.
1437 1224 1468 1252 l.
1485 1224 1522 1252 et
1536 1219 1606 1251 Ve-

901 1278 972 1304 net.
1003 1275 1098 1306 1509.
1123 1273 1253 1304 dextera
1274 1271 1388 1303 mirum
1413 1273 1470 1302 est.
1508 1269 1605 1301 vatt-

904 1323 999 1355 Rom.
1016 1325 1047 1354 3.
1058 1324 1090 1354 4.
1104 1322 1234 1353 dextera
1247 1321 1382 1361 verum-J

941 1370 997 1410 [55
1022 1371 1168 1412 Cuning.
1183 1380 1238 1402 nec
1253 1371 1373 1411 denia]

942 1425 985 1453 56
1010 1422 1108 1453 Touet
1133 1420 1244 1461 anum]
1281 1420 1428 1452 Occidet
1447 1423 1603 1452 matrem.

904 1474 1024 1506 Vitiata
1039 1473 1143 1514 meuc]
1180 1473 1395 1504 venenatam
1420 1472 1518 1503 mulsi
1544 1481 1602 1512 po-

899 1523 1027 1555 tionem
1054 1523 1248 1564 significan
1275 1531 1342 1564 qua
1366 1531 1468 1554 auum
1490 1521 1604 1553 dulcia

898 1579 1122 1616 appetentem
1151 1576 1208 1607 ille
1233 1576 1433 1608 sustulerat.
1459 1574 1603 1606 Torreat.

898 1625 1025 1658 Vitiata
1039 1625 1144 1666 melle]
1166 1626 1275 1658 Melle
1286 1629 1459 1666 corrupto.
1505 1624 1601 1666 [Vat-

897 1675 1041 1708 Rom.2.
1061 1685 1083 1707 a
1097 1685 1141 1707 m.
1157 1685 1208 1715 pr.
1225 1674 1344 1714 tollam]

941 1726 984 1755 57
1009 1724 1061 1755 Ne
1078 1725 1204 1764 longum
1215 1724 1354 1765 faciam]
1379 1724 1434 1756 Ne
1453 1724 1517 1756 sim
1532 1724 1604 1756 lon-

900 1782 988 1813 gior.

941 1825 984 1854 58
1007 1821 1070 1853 Seu
1085 1831 1167 1854 mors
1180 1821 1278 1863 atris]
1315 1821 1395 1854 Sive
1407 1831 1498 1854 mors
1513 1823 1604 1855 cele-

900 1872 946 1903 ris
963 1877 999 1904 et
1025 1873 1175 1904 violenta
1196 1872 1277 1904 mihi
1302 1872 1468 1905 imminet.
1511 1874 1603 1905 Mors

899 1922 979 1954 atris
993 1922 1192 1954 circumvolat
1208 1921 1282 1962 alis]
1306 1926 1315 1940 ‘
1327 1922 1424 1954 Alas’
1441 1923 1544 1956 morti
1558 1923 1602 1956 ob

900 1972 1113 2004 celeritatem
1126 1973 1302 2013 appingit;
1318 1973 1327 1990 ‘
1339 1978 1432 2005 atras
1442 1972 1452 1986 ’
1467 1983 1604 2014 vocans,

900 2021 942 2053 ob
966 2022 1159 2062 horrorem3
1191 2027 1230 2054 ut
1253 2031 1294 2055 11.
1318 2023 1386 2055 Οὐ.
1404 2025 1456 2056 17.
1480 2024 1605 2056 ‘Volu-

899 2073 1034 2114 crisque
1063 2072 1126 2105 fati
1149 2074 1317 2106 Tardavit
1339 2075 1431 2107 alas!
1457 2077 1602 2108 Torrent.

895 2122 994 2163 [Vat.
1011 2127 1041 2157 1.
1064 2127 1230 2164 expectet5
1260 2129 1297 2156 et
1320 2135 1413 2167 mox,
1434 2136 1512 2158 cum
1534 2137 1602 2159 uno

896 2172 972 2204 cod.
991 2182 1045 2214 ap.
1064 2173 1197 2206 Valart.
1220 2179 1257 2206 et
1274 2175 1398 2207 Venet.
1425 2178 1519 2208 1495.
1540 2177 1602 2207 cir·-

894 2222 1071 2263 cunamen]
1486 2262 1489 2265 ἱ

940 2276 982 2304 59
1004 2273 1067 2305 Seu
1079 2283 1146 2305 sors
1157 2269 1358 2316 itajusserit]
1382 2275 1450 2307 Seu
1463 2274 1602 2309 fortuna

895 2322 1112 2362 itajusserit.
1155 2324 1251 2364 [Vat.
1266 2327 1298 2355 l.
1315 2325 1357 2356 ab
1369 2324 1488 2356 eadem
1500 2335 1600 2359 manu

896 2371 930 2403 in
947 2381 1051 2412 marg.
1067 2373 1220 2405 Cbisian·
1242 2375 1273 2404 l.
1296 2383 1316 2404 a
1333 2382 1378 2404 m.
1394 2383 1446 2414 pr.
1462 2379 1499 2405 et
1514 2375 1602 2406 Bar-

897 2419 1006 2452 beria.
1041 2424 1070 2452 1.
1099 2430 1119 2451 a
1145 2431 1190 2452 m.
1217 2431 1270 2462 pr.
1298 2422 1432 2460 luserim
1456 2423 1538 2456 Vat.
1566 2427 1600 2457 8.

896 2469 1036 2502 luserit.
1067 2475 1076 2489 ‘
1094 2471 1242 2511 Egregia
1280 2471 1397 2510 lectio,
1435 2473 1599 2513 paulatim

896 2528 1060 2562 corrupta
1082 2522 1115 2552 iu
1131 2522 1269 2562 lus-serit,
1281 2526 1317 2554 et
1332 2522 1456 2554 deinde
1480 2524 1513 2555 in
1528 2525 1601 2563 jas-

896 2570 1000 2602 serit!
1036 2571 1119 2603 Fea.
1167 2571 1268 2604 Hanc
1297 2572 1379 2604 lect.
1407 2583 1484 2605 cum
1517 2574 1599 2614 Fen,

897 2626 1109 2661 receperunt
1121 2620 1233 2652 Bothe
1249 2625 1285 2654 et
1295 2621 1435 2663 Jaeck.]

939 2674 981 2702 60
1010 2671 1092 2703 Vitoe
1103 2670 1200 2711 color]
1213 2669 1301 2703 Ater
1315 2681 1357 2703 an
1369 2673 1486 2705 albus:
1503 2685 1598 2708 nem.

897 2731 941 2763 pe
974 2721 1095 2755 Lucilii
1121 2722 1293 2762 exemplo,
1315 2723 1387 2763 qui,
1409 2723 1481 2756 sive
1509 2727 1596 2760 male

896 2773 968 2804 sive
983 2772 1072 2804 bene
1088 2771 1169 2814 quid
1186 2777 1355 2814 gesserat,
1370 2773 1495 2806 chartis
1511 2776 1595 2808 illud

895 2823 988 2856 illico
1004 2822 1237 2856 committebat
1248 2833 1258 2863 ς
1271 2832 1338 2856 non
1347 2833 1438 2858 suam
1452 2829 1596 2870 tantum,
