<?xml version="1.0" encoding="UTF-8"?>
<!DOCTYPE html PUBLIC "-//W3C//DTD XHTML 1.0 Transitional//EN"
    "http://www.w3.org/TR/xhtml1/DTD/xhtml1-transitional.dtd">
<html xmlns="http://www.w3.org/1999/xhtml" xml:lang="en" lang="en">
 <head>
  <title>
</title>
<meta http-equiv="Content-Type" content="text/html;charset=utf-8" />
  <meta name='ocr-system' content='tesseract 3.04.00' />
  <meta name='ocr-capabilities' content='ocr_page ocr_carea ocr_par ocr_line ocrx_word'/>
</head>
<body>
  <div class='ocr_page' id='page_1' title='image "./operazeune03horauoft/operazeune03horauoft_0527.png"; bbox 0 0 1904 3216; ppageno 0'>
   <div class='ocr_carea' id='block_1_1' title="bbox 477 275 1285 317">
    <p class='ocr_par' dir='ltr' id='par_1_1' title="bbox 477 275 1285 317">
     <span class='ocr_line' id='line_1_1' title="bbox 477 275 1285 317; baseline 0.001 -2"><span class='ocrx_word' id='word_1_1' title='bbox 477 285 686 317; x_wconf 58' lang='lat' dir='ltr'><strong>nonam</strong></span> <span class='ocrx_word' id='word_1_2' title='bbox 718 282 995 316; x_wconf 64' lang='lat' dir='ltr'><strong>suasionum</strong></span> <span class='ocrx_word' id='word_1_3' title='bbox 1032 285 1127 315; x_wconf 77' lang='lat' dir='ltr'><strong>ma.</strong></span> <span class='ocrx_word' id='word_1_4' title='bbox 1161 285 1212 316; x_wconf 92' lang='lat'><strong>11.</strong></span> <span class='ocrx_word' id='word_1_5' title='bbox 1242 275 1285 316; x_wconf 86' lang='lat' dir='ltr'><strong>l.</strong></span> 
     </span>
    </p>
   </div>
   <div class='ocr_carea' id='block_1_2' title="bbox 147 378 861 2867">
    <p class='ocr_par' dir='ltr' id='par_1_2' title="bbox 155 378 857 1160">
     <span class='ocr_line' id='line_1_2' title="bbox 161 378 857 420; baseline 0.001 -11"><span class='ocrx_word' id='word_1_6' title='bbox 161 378 359 420; x_wconf 79' lang='lat' dir='ltr'><strong>Agrippam,</strong></span> <span class='ocrx_word' id='word_1_7' title='bbox 370 387 410 410; x_wconf 87' lang='lat' dir='ltr'><strong>n.</strong></span> <span class='ocrx_word' id='word_1_8' title='bbox 423 378 492 411; x_wconf 86' lang='lat' dir='ltr'><strong>Od.</strong></span> <span class='ocrx_word' id='word_1_9' title='bbox 501 382 552 411; x_wconf 83' lang='lat'><strong>12.</strong></span> <span class='ocrx_word' id='word_1_10' title='bbox 563 379 605 411; x_wconf 85' lang='lat' dir='ltr'><strong>ad</strong></span> <span class='ocrx_word' id='word_1_11' title='bbox 618 379 857 411; x_wconf 69' lang='lat' dir='ltr'><strong>Maecenatem.</strong></span> 
     </span>
     <span class='ocr_line' id='line_1_3' title="bbox 162 428 856 470; baseline 0.001 -12"><span class='ocrx_word' id='word_1_12' title='bbox 162 429 305 460; x_wconf 80' lang='lat' dir='ltr'><strong>Tor-rent.</strong></span> <span class='ocrx_word' id='word_1_13' title='bbox 362 428 529 470; x_wconf 70' lang='lat' dir='ltr'><strong>Capitium]</strong></span> <span class='ocrx_word' id='word_1_14' title='bbox 559 428 757 469; x_wconf 85' lang='lat' dir='ltr'>Respondet</span> <span class='ocrx_word' id='word_1_15' title='bbox 784 428 856 459; x_wconf 88' lang='lat' dir='ltr'><strong>Ho-</strong></span> 
     </span>
     <span class='ocr_line' id='line_1_4' title="bbox 158 478 857 523; baseline 0.003 -14"><span class='ocrx_word' id='word_1_16' title='bbox 158 479 264 510; x_wconf 79' lang='lat' dir='ltr'><strong>ratius</strong></span> <span class='ocrx_word' id='word_1_17' title='bbox 288 489 325 511; x_wconf 90' lang='lat' dir='ltr'><strong>se</strong></span> <span class='ocrx_word' id='word_1_18' title='bbox 350 489 424 523; x_wconf 85' lang='lat' dir='ltr'><strong>esse</strong></span> <span class='ocrx_word' id='word_1_19' title='bbox 453 479 628 520; x_wconf 88' lang='lat' dir='ltr'><strong>cupidum,</strong></span> <span class='ocrx_word' id='word_1_20' title='bbox 650 478 709 510; x_wconf 85' lang='lat' dir='ltr'><strong>sed</strong></span> <span class='ocrx_word' id='word_1_21' title='bbox 734 478 857 511; x_wconf 81' lang='lat' dir='ltr'>deesse</span> 
     </span>
     <span class='ocr_line' id='line_1_5' title="bbox 158 527 857 569; baseline 0.003 -10"><span class='ocrx_word' id='word_1_22' title='bbox 158 529 222 560; x_wconf 87' lang='lat' dir='ltr'><strong>sibi</strong></span> <span class='ocrx_word' id='word_1_23' title='bbox 253 527 463 561; x_wconf 78' lang='lat' dir='ltr'><strong>facultatem.</strong></span> <span class='ocrx_word' id='word_1_24' title='bbox 507 529 609 561; x_wconf 75' lang='lat' dir='ltr'><strong>Pater</strong></span> <span class='ocrx_word' id='word_1_25' title='bbox 636 528 765 569; x_wconf 75' lang='lat' dir='ltr'><strong>optime]</strong></span> <span class='ocrx_word' id='word_1_26' title='bbox 799 529 857 561; x_wconf 89' lang='lat' dir='ltr'><strong>Sic</strong></span> 
     </span>
     <span class='ocr_line' id='line_1_6' title="bbox 157 579 856 621; baseline 0.003 -11"><span class='ocrx_word' id='word_1_27' title='bbox 157 579 253 611; x_wconf 87' lang='lat' dir='ltr'><strong>illum</strong></span> <span class='ocrx_word' id='word_1_28' title='bbox 264 579 398 611; x_wconf 84' lang='lat' dir='ltr'><strong>honoris</strong></span> <span class='ocrx_word' id='word_1_29' title='bbox 409 590 530 612; x_wconf 87' lang='lat' dir='ltr'><strong>caussa</strong></span> <span class='ocrx_word' id='word_1_30' title='bbox 541 580 703 621; x_wconf 85' lang='lat' dir='ltr'><strong>appellat.</strong></span> <span class='ocrx_word' id='word_1_31' title='bbox 730 580 856 613; x_wconf 86' lang='lat' dir='ltr'><strong>Quam-</strong></span> 
     </span>
     <span class='ocr_line' id='line_1_7' title="bbox 157 628 856 671; baseline 0.003 -12"><span class='ocrx_word' id='word_1_32' title='bbox 157 637 260 669; x_wconf 80' lang='lat' dir='ltr'><strong>quam</strong></span> <span class='ocrx_word' id='word_1_33' title='bbox 275 628 399 661; x_wconf 83' lang='lat' dir='ltr'><strong>adhoc</strong></span> <span class='ocrx_word' id='word_1_34' title='bbox 414 639 549 671; x_wconf 87' lang='lat' dir='ltr'><strong>qnoque</strong></span> <span class='ocrx_word' id='word_1_35' title='bbox 573 628 723 661; x_wconf 84' lang='lat' dir='ltr'><strong>alludere</strong></span> <span class='ocrx_word' id='word_1_36' title='bbox 747 630 856 661; x_wconf 89' lang='lat' dir='ltr'><strong>videri</strong></span> 
     </span>
     <span class='ocr_line' id='line_1_8' title="bbox 158 678 855 720; baseline 0.004 -11"><span class='ocrx_word' id='word_1_37' title='bbox 158 678 279 718; x_wconf 82' lang='lat' dir='ltr'><strong>possit,</strong></span> <span class='ocrx_word' id='word_1_38' title='bbox 295 678 398 720; x_wconf 86' lang='lat' dir='ltr'><strong>qnod,</strong></span> <span class='ocrx_word' id='word_1_39' title='bbox 409 682 448 710; x_wconf 89' lang='lat' dir='ltr'><strong>ut</strong></span> <span class='ocrx_word' id='word_1_40' title='bbox 456 679 630 710; x_wconf 83' lang='lat' dir='ltr'>Zenonem</span> <span class='ocrx_word' id='word_1_41' title='bbox 641 679 766 720; x_wconf 86' lang='lat' dir='ltr'>Stoici,</span> <span class='ocrx_word' id='word_1_42' title='bbox 776 680 855 712; x_wconf 89' lang='lat' dir='ltr'><strong>Pla-</strong></span> 
     </span>
     <span class='ocr_line' id='line_1_9' title="bbox 157 727 855 770; baseline 0.004 -11"><span class='ocrx_word' id='word_1_43' title='bbox 157 731 274 759; x_wconf 88' lang='lat' dir='ltr'><strong>tonem</strong></span> <span class='ocrx_word' id='word_1_44' title='bbox 311 727 522 769; x_wconf 77' lang='lat' dir='ltr'><strong>Academici,</strong></span> <span class='ocrx_word' id='word_1_45' title='bbox 554 733 716 770; x_wconf 82' lang='lat' dir='ltr'><strong>tanquam</strong></span> <span class='ocrx_word' id='word_1_46' title='bbox 750 734 855 762; x_wconf 83' lang='lat' dir='ltr'><strong>sectae</strong></span> 
     </span>
     <span class='ocr_line' id='line_1_10' title="bbox 156 778 856 820; baseline 0.006 -12"><span class='ocrx_word' id='word_1_47' title='bbox 156 786 226 818; x_wconf 60' lang='lat' dir='ltr'><strong>suin</strong></span> <span class='ocrx_word' id='word_1_48' title='bbox 248 778 433 820; x_wconf 80' lang='lat' dir='ltr'><strong>principes,</strong></span> <span class='ocrx_word' id='word_1_49' title='bbox 465 780 515 812; x_wconf 85' lang='lat' dir='ltr'><strong>sic</strong></span> <span class='ocrx_word' id='word_1_50' title='bbox 539 780 682 812; x_wconf 79' lang='lat' dir='ltr'><strong>Flaccus</strong></span> <span class='ocrx_word' id='word_1_51' title='bbox 703 780 856 812; x_wconf 85' lang='lat' dir='ltr'><strong>Trebati-</strong></span> 
     </span>
     <span class='ocr_line' id='line_1_11' title="bbox 157 828 855 871; baseline 0.004 -12"><span class='ocrx_word' id='word_1_52' title='bbox 157 837 226 868; x_wconf 84' lang='lat' dir='ltr'><strong>um,</strong></span> <span class='ocrx_word' id='word_1_53' title='bbox 247 828 305 869; x_wconf 87' lang='lat' dir='ltr'><strong>qui</strong></span> <span class='ocrx_word' id='word_1_54' title='bbox 330 828 422 862; x_wconf 82' lang='lat' dir='ltr'><strong>Juris</strong></span> <span class='ocrx_word' id='word_1_55' title='bbox 444 829 671 871; x_wconf 74' lang='lat' dir='ltr'>interpretum</span> <span class='ocrx_word' id='word_1_56' title='bbox 693 829 855 862; x_wconf 80' lang='lat' dir='ltr'><strong>familiam</strong></span> 
     </span>
     <span class='ocr_line' id='line_1_12' title="bbox 156 877 856 920; baseline 0.006 -11"><span class='ocrx_word' id='word_1_57' title='bbox 156 877 312 919; x_wconf 88' lang='lat' dir='ltr'><strong>duceret,</strong></span> <span class='ocrx_word' id='word_1_58' title='bbox 331 879 342 896; x_wconf 75' lang='lat'><em>⁶</em></span> <span class='ocrx_word' id='word_1_59' title='bbox 355 883 487 920; x_wconf 83' lang='lat' dir='ltr'><strong>patrem</strong></span> <span class='ocrx_word' id='word_1_60' title='bbox 500 879 508 894; x_wconf 90' lang='lat'>’</span> <span class='ocrx_word' id='word_1_61' title='bbox 530 881 678 913; x_wconf 85' lang='lat' dir='ltr'><strong>vocavit.</strong></span> <span class='ocrx_word' id='word_1_62' title='bbox 710 881 856 913; x_wconf 84' lang='lat' dir='ltr'><strong>Eadem-</strong></span> 
     </span>
     <span class='ocr_line' id='line_1_13' title="bbox 155 930 856 972; baseline 0.004 -12"><span class='ocrx_word' id='word_1_63' title='bbox 155 937 222 970; x_wconf 82' lang='lat' dir='ltr'><strong>que</strong></span> <span class='ocrx_word' id='word_1_64' title='bbox 235 938 354 961; x_wconf 85' lang='lat' dir='ltr'><strong>caussa</strong></span> <span class='ocrx_word' id='word_1_65' title='bbox 369 934 434 971; x_wconf 85' lang='lat' dir='ltr'><strong>est,</strong></span> <span class='ocrx_word' id='word_1_66' title='bbox 448 930 537 972; x_wconf 88' lang='lat' dir='ltr'><strong>quod</strong></span> <span class='ocrx_word' id='word_1_67' title='bbox 553 940 620 962; x_wconf 92' lang='lat' dir='ltr'><strong>nou</strong></span> <span class='ocrx_word' id='word_1_68' title='bbox 633 931 771 963; x_wconf 85' lang='lat' dir='ltr'><strong>heroum</strong></span> <span class='ocrx_word' id='word_1_69' title='bbox 783 937 856 963; x_wconf 84' lang='lat' dir='ltr'><strong>tan-</strong></span> 
     </span>
     <span class='ocr_line' id='line_1_14' title="bbox 156 979 855 1023; baseline 0.004 -13"><span class='ocrx_word' id='word_1_70' title='bbox 156 982 242 1020; x_wconf 89' lang='lat' dir='ltr'><strong>tum,</strong></span> <span class='ocrx_word' id='word_1_71' title='bbox 262 982 302 1011; x_wconf 88' lang='lat' dir='ltr'><strong>ut</strong></span> <span class='ocrx_word' id='word_1_72' title='bbox 324 979 442 1011; x_wconf 76' lang='lat' dir='ltr'><strong>AEueae</strong></span> <span class='ocrx_word' id='word_1_73' title='bbox 467 980 559 1021; x_wconf 89' lang='lat' dir='ltr'><strong>apud</strong></span> <span class='ocrx_word' id='word_1_74' title='bbox 580 981 774 1023; x_wconf 75' lang='lat' dir='ltr'><strong>Virgilium,</strong></span> <span class='ocrx_word' id='word_1_75' title='bbox 795 982 855 1014; x_wconf 88' lang='lat' dir='ltr'><strong>sed</strong></span> 
     </span>
     <span class='ocr_line' id='line_1_15' title="bbox 157 1028 856 1071; baseline 0.009 -13"><span class='ocrx_word' id='word_1_76' title='bbox 157 1031 197 1058; x_wconf 68' lang='lat' dir='ltr'><strong>et</strong></span> <span class='ocrx_word' id='word_1_77' title='bbox 211 1028 360 1060; x_wconf 78' lang='lat' dir='ltr'>Deorum</span> <span class='ocrx_word' id='word_1_78' title='bbox 373 1028 534 1069; x_wconf 84' lang='lat' dir='ltr'><strong>omnium,</strong></span> <span class='ocrx_word' id='word_1_79' title='bbox 548 1030 558 1047; x_wconf 87' lang='lat'>‘</span> <span class='ocrx_word' id='word_1_80' title='bbox 568 1031 693 1071; x_wconf 90' lang='lat' dir='ltr'><strong>pater‚’</strong></span> <span class='ocrx_word' id='word_1_81' title='bbox 707 1041 856 1063; x_wconf 88' lang='lat' dir='ltr'><strong>commn-</strong></span> 
     </span>
     <span class='ocr_line' id='line_1_16' title="bbox 157 1077 855 1123; baseline 0.009 -16"><span class='ocrx_word' id='word_1_82' title='bbox 157 1077 209 1108; x_wconf 83' lang='lat' dir='ltr'><strong>nis</strong></span> <span class='ocrx_word' id='word_1_83' title='bbox 226 1077 383 1118; x_wconf 79' lang='lat' dir='ltr'><strong>quaedam</strong></span> <span class='ocrx_word' id='word_1_84' title='bbox 399 1079 490 1120; x_wconf 88' lang='lat' dir='ltr'><strong>apud</strong></span> <span class='ocrx_word' id='word_1_85' title='bbox 513 1084 648 1113; x_wconf 81' lang='lat' dir='ltr'><strong>veteres</strong></span> <span class='ocrx_word' id='word_1_86' title='bbox 671 1082 855 1123; x_wconf 79' lang='lat' dir='ltr'><strong>appellatio</strong></span> 
     </span>
     <span class='ocr_line' id='line_1_17' title="bbox 157 1127 387 1160; baseline 0.013 -3"><span class='ocrx_word' id='word_1_87' title='bbox 157 1131 221 1158; x_wconf 82' lang='lat' dir='ltr'><strong>est.</strong></span> <span class='ocrx_word' id='word_1_88' title='bbox 245 1127 387 1160; x_wconf 71' lang='lat' dir='ltr'><strong>Torreat.</strong></span> 
     </span>
    </p>

    <p class='ocr_par' dir='ltr' id='par_1_3' title="bbox 158 1177 855 1315">
     <span class='ocr_line' id='line_1_18' title="bbox 203 1177 855 1223; baseline 0.011 -16"><span class='ocrx_word' id='word_1_89' title='bbox 203 1178 243 1207; x_wconf 76' lang='grc'><strong>13</strong></span> <span class='ocrx_word' id='word_1_90' title='bbox 279 1177 454 1210; x_wconf 80' lang='lat' dir='ltr'><strong>Horrentia</strong></span> <span class='ocrx_word' id='word_1_91' title='bbox 479 1180 570 1222; x_wconf 71' lang='lat' dir='ltr'><strong>pilis]</strong></span> <span class='ocrx_word' id='word_1_92' title='bbox 608 1180 752 1222; x_wconf 79' lang='lat' dir='ltr'><strong>Agmina</strong></span> <span class='ocrx_word' id='word_1_93' title='bbox 780 1192 855 1223; x_wconf 72' lang='lat' dir='ltr'><strong>quae</strong></span> 
     </span>
     <span class='ocr_line' id='line_1_19' title="bbox 158 1228 855 1274; baseline 0.007 -15"><span class='ocrx_word' id='word_1_94' title='bbox 158 1228 332 1260; x_wconf 79' lang='lat' dir='ltr'><strong>horrorem</strong></span> <span class='ocrx_word' id='word_1_95' title='bbox 357 1230 511 1262; x_wconf 77' lang='lat' dir='ltr'>hostibus</span> <span class='ocrx_word' id='word_1_96' title='bbox 534 1232 702 1264; x_wconf 86' lang='lat' dir='ltr'><strong>incutiant</strong></span> <span class='ocrx_word' id='word_1_97' title='bbox 718 1232 806 1274; x_wconf 89' lang='lat' dir='ltr'><strong>pilis,</strong></span> <span class='ocrx_word' id='word_1_98' title='bbox 821 1233 855 1264; x_wconf 87' lang='lat' dir='ltr'><strong>id</strong></span> 
     </span>
     <span class='ocr_line' id='line_1_20' title="bbox 162 1279 599 1315; baseline 0.011 -6"><span class='ocrx_word' id='word_1_99' title='bbox 162 1283 225 1314; x_wconf 87' lang='lat' dir='ltr'><strong>est,</strong></span> <span class='ocrx_word' id='word_1_100' title='bbox 237 1279 466 1311; x_wconf 85' lang='lat' dir='ltr'><strong>Romanorum</strong></span> <span class='ocrx_word' id='word_1_101' title='bbox 481 1282 599 1315; x_wconf 81' lang='lat' dir='ltr'><strong>hastis.</strong></span> 
     </span>
    </p>

    <p class='ocr_par' dir='ltr' id='par_1_4' title="bbox 154 1328 856 1619">
     <span class='ocr_line' id='line_1_21' title="bbox 202 1328 856 1373; baseline 0.009 -14"><span class='ocrx_word' id='word_1_102' title='bbox 202 1331 242 1359; x_wconf 74' lang='lat'><strong>14</strong></span> <span class='ocrx_word' id='word_1_103' title='bbox 267 1328 383 1360; x_wconf 78' lang='lat' dir='ltr'><strong>Fracta</strong></span> <span class='ocrx_word' id='word_1_104' title='bbox 410 1331 550 1371; x_wconf 82' lang='lat' dir='ltr'><strong>cuspide]</strong></span> <span class='ocrx_word' id='word_1_105' title='bbox 584 1331 661 1363; x_wconf 87' lang='lat' dir='ltr'><strong>Vim</strong></span> <span class='ocrx_word' id='word_1_106' title='bbox 685 1333 798 1373; x_wconf 90' lang='lat' dir='ltr'><strong>potins</strong></span> <span class='ocrx_word' id='word_1_107' title='bbox 818 1337 856 1365; x_wconf 89' lang='lat' dir='ltr'><strong>et</strong></span> 
     </span>
     <span class='ocr_line' id='line_1_22' title="bbox 157 1377 855 1420; baseline 0.011 -13"><span class='ocrx_word' id='word_1_108' title='bbox 157 1377 321 1418; x_wconf 86' lang='lat' dir='ltr'><strong>impetum</strong></span> <span class='ocrx_word' id='word_1_109' title='bbox 337 1379 405 1410; x_wconf 90' lang='lat' dir='ltr'><strong>tela</strong></span> <span class='ocrx_word' id='word_1_110' title='bbox 414 1379 578 1420; x_wconf 80' lang='lat' dir='ltr'><strong>jacientis</strong></span> <span class='ocrx_word' id='word_1_111' title='bbox 594 1383 729 1414; x_wconf 88' lang='lat' dir='ltr'><strong>ostendi</strong></span> <span class='ocrx_word' id='word_1_112' title='bbox 744 1383 855 1415; x_wconf 90' lang='lat' dir='ltr'><strong>credi-</strong></span> 
     </span>
     <span class='ocr_line' id='line_1_23' title="bbox 157 1426 856 1469; baseline 0.01 -12"><span class='ocrx_word' id='word_1_113' title='bbox 157 1426 276 1464; x_wconf 86' lang='lat' dir='ltr'><strong>derim,</strong></span> <span class='ocrx_word' id='word_1_114' title='bbox 301 1437 400 1469; x_wconf 84' lang='lat' dir='ltr'><strong>qnam</strong></span> <span class='ocrx_word' id='word_1_115' title='bbox 425 1430 464 1462; x_wconf 89' lang='lat' dir='ltr'><strong>C.</strong></span> <span class='ocrx_word' id='word_1_116' title='bbox 488 1430 589 1462; x_wconf 88' lang='lat' dir='ltr'><strong>Marii</strong></span> <span class='ocrx_word' id='word_1_117' title='bbox 610 1431 785 1464; x_wconf 80' lang='lat' dir='ltr'><strong>historiam</strong></span> <span class='ocrx_word' id='word_1_118' title='bbox 802 1442 856 1464; x_wconf 91' lang='lat' dir='ltr'><strong>re-</strong></span> 
     </span>
     <span class='ocr_line' id='line_1_24' title="bbox 155 1478 854 1523; baseline 0.01 -15"><span class='ocrx_word' id='word_1_119' title='bbox 155 1478 252 1518; x_wconf 87' lang='lat' dir='ltr'><strong>spici.</strong></span> <span class='ocrx_word' id='word_1_120' title='bbox 266 1478 411 1511; x_wconf 75' lang='lat' dir='ltr'><strong>Tor-rene.</strong></span> <span class='ocrx_word' id='word_1_121' title='bbox 443 1480 563 1512; x_wconf 83' lang='lat' dir='ltr'><strong>Fracta</strong></span> <span class='ocrx_word' id='word_1_122' title='bbox 575 1481 753 1523; x_wconf 80' lang='lat' dir='ltr'><strong><em>pereuntes]</em></strong></span> <span class='ocrx_word' id='word_1_123' title='bbox 770 1483 854 1515; x_wconf 90' lang='lat' dir='ltr'><strong>Cus-</strong></span> 
     </span>
     <span class='ocr_line' id='line_1_25' title="bbox 155 1527 854 1574; baseline 0.009 -16"><span class='ocrx_word' id='word_1_124' title='bbox 155 1527 237 1568; x_wconf 90' lang='lat' dir='ltr'><strong>pide</strong></span> <span class='ocrx_word' id='word_1_125' title='bbox 251 1537 353 1569; x_wconf 86' lang='lat' dir='ltr'><strong>quam</strong></span> <span class='ocrx_word' id='word_1_126' title='bbox 378 1529 510 1561; x_wconf 87' lang='lat' dir='ltr'><strong>saucius</strong></span> <span class='ocrx_word' id='word_1_127' title='bbox 534 1530 642 1562; x_wconf 87' lang='lat' dir='ltr'><strong>hostis</strong></span> <span class='ocrx_word' id='word_1_128' title='bbox 668 1541 686 1563; x_wconf 90' lang='lat' dir='ltr'><strong>e</strong></span> <span class='ocrx_word' id='word_1_129' title='bbox 711 1542 854 1574; x_wconf 89' lang='lat' dir='ltr'><strong>corpore</strong></span> 
     </span>
     <span class='ocr_line' id='line_1_26' title="bbox 154 1578 769 1619; baseline 0.007 -10"><span class='ocrx_word' id='word_1_130' title='bbox 154 1587 220 1609; x_wconf 87' lang='lat' dir='ltr'><strong>non</strong></span> <span class='ocrx_word' id='word_1_131' title='bbox 237 1578 351 1619; x_wconf 87' lang='lat' dir='ltr'><strong>potuit</strong></span> <span class='ocrx_word' id='word_1_132' title='bbox 362 1579 522 1618; x_wconf 78' lang='lat' dir='ltr'><strong>evellere,</strong></span> <span class='ocrx_word' id='word_1_133' title='bbox 537 1579 600 1611; x_wconf 89' lang='lat' dir='ltr'><strong>nisi</strong></span> <span class='ocrx_word' id='word_1_134' title='bbox 614 1580 769 1613; x_wconf 83' lang='lat' dir='ltr'><strong>fractam.</strong></span> 
     </span>
    </p>

    <p class='ocr_par' dir='ltr' id='par_1_5' title="bbox 155 1627 856 1772">
     <span class='ocr_line' id='line_1_27' title="bbox 198 1627 854 1674; baseline 0.008 -15"><span class='ocrx_word' id='word_1_135' title='bbox 198 1631 238 1660; x_wconf 78' lang='lat'><strong>1⁵</strong></span> <span class='ocrx_word' id='word_1_136' title='bbox 266 1627 417 1660; x_wconf 63' lang='lat' dir='ltr'><strong>Lubnti·</strong></span> <span class='ocrx_word' id='word_1_137' title='bbox 429 1630 519 1671; x_wconf 85' lang='lat' dir='ltr'><strong>equo]</strong></span> <span class='ocrx_word' id='word_1_138' title='bbox 543 1630 664 1662; x_wconf 79' lang='lat' dir='ltr'><strong>Parthi</strong></span> <span class='ocrx_word' id='word_1_139' title='bbox 692 1641 736 1663; x_wconf 85' lang='lat' dir='ltr'><strong>ex</strong></span> <span class='ocrx_word' id='word_1_140' title='bbox 765 1642 854 1674; x_wconf 91' lang='lat' dir='ltr'><strong>equo</strong></span> 
     </span>
     <span class='ocr_line' id='line_1_28' title="bbox 155 1677 856 1722; baseline 0.007 -12"><span class='ocrx_word' id='word_1_141' title='bbox 155 1677 294 1719; x_wconf 76' lang='lat' dir='ltr'><strong>dejecti.</strong></span> <span class='ocrx_word' id='word_1_142' title='bbox 322 1679 489 1711; x_wconf 70' lang='lat' dir='ltr'><strong>Desa-ibat</strong></span> <span class='ocrx_word' id='word_1_143' title='bbox 510 1681 654 1722; x_wconf 73' lang='lat' dir='ltr'><strong>vulnera]</strong></span> <span class='ocrx_word' id='word_1_144' title='bbox 668 1682 784 1714; x_wconf 81' lang='lat' dir='ltr'><strong>Possit</strong></span> <span class='ocrx_word' id='word_1_145' title='bbox 796 1683 856 1714; x_wconf 84' lang='lat' dir='ltr'><strong>de-</strong></span> 
     </span>
     <span class='ocr_line' id='line_1_29' title="bbox 156 1729 856 1772; baseline 0.004 -11"><span class='ocrx_word' id='word_1_146' title='bbox 156 1729 318 1761; x_wconf 81' lang='lat' dir='ltr'><strong>scribere.</strong></span> <span class='ocrx_word' id='word_1_147' title='bbox 338 1729 437 1770; x_wconf 75' lang='lat' dir='ltr'><strong>[Vnt.</strong></span> <span class='ocrx_word' id='word_1_148' title='bbox 448 1733 480 1762; x_wconf 77' lang='lat'><strong>2.</strong></span> <span class='ocrx_word' id='word_1_149' title='bbox 495 1732 648 1763; x_wconf 78' lang='lat' dir='ltr'><strong>scribebat</strong></span> <span class='ocrx_word' id='word_1_150' title='bbox 663 1743 695 1764; x_wconf 79' lang='grc' dir='ltr'><strong>υ.</strong></span> <span class='ocrx_word' id='word_1_151' title='bbox 712 1732 856 1772; x_wconf 55' lang='lat' dir='ltr'><strong>Partha]</strong></span> 
     </span>
    </p>

    <p class='ocr_par' dir='ltr' id='par_1_6' title="bbox 147 1778 860 2261">
     <span class='ocr_line' id='line_1_30' title="bbox 200 1778 859 1822; baseline 0.008 -14"><span class='ocrx_word' id='word_1_152' title='bbox 200 1780 243 1809; x_wconf 82' lang='grc'><strong>16</strong></span> <span class='ocrx_word' id='word_1_153' title='bbox 264 1778 415 1810; x_wconf 69' lang='lat' dir='ltr'><strong>Attamen</strong></span> <span class='ocrx_word' id='word_1_154' title='bbox 443 1783 476 1811; x_wconf 76' lang='lat' dir='ltr'><strong>et</strong></span> <span class='ocrx_word' id='word_1_155' title='bbox 495 1780 635 1822; x_wconf 73' lang='lat' dir='ltr'><strong>justum]</strong></span> <span class='ocrx_word' id='word_1_156' title='bbox 666 1782 859 1822; x_wconf 77' lang='lat' dir='ltr'><strong>Cori-ectio,</strong></span> 
     </span>
     <span class='ocr_line' id='line_1_31' title="bbox 158 1826 858 1871; baseline 0.01 -14"><span class='ocrx_word' id='word_1_157' title='bbox 158 1836 227 1868; x_wconf 80' lang='lat' dir='ltr'><strong>qua</strong></span> <span class='ocrx_word' id='word_1_158' title='bbox 238 1826 419 1859; x_wconf 75' lang='lat' dir='ltr'><strong>Trebatiun</strong></span> <span class='ocrx_word' id='word_1_159' title='bbox 434 1828 591 1862; x_wconf 86' lang='lat' dir='ltr'><strong>bortatur</strong></span> <span class='ocrx_word' id='word_1_160' title='bbox 612 1831 804 1871; x_wconf 83' lang='lat' dir='ltr'><strong>Horatium,</strong></span> <span class='ocrx_word' id='word_1_161' title='bbox 820 1836 858 1864; x_wconf 92' lang='lat' dir='ltr'><strong>ut</strong></span> 
     </span>
     <span class='ocr_line' id='line_1_32' title="bbox 159 1876 860 1923; baseline 0.01 -16"><span class='ocrx_word' id='word_1_162' title='bbox 159 1876 330 1908; x_wconf 63' lang='lat' dir='ltr'><strong>cesarem</strong></span> <span class='ocrx_word' id='word_1_163' title='bbox 347 1879 529 1918; x_wconf 62' lang='lat' dir='ltr'><strong>praeconiis</strong></span> <span class='ocrx_word' id='word_1_164' title='bbox 544 1879 694 1913; x_wconf 78' lang='lat' dir='ltr'><strong>illustret</strong></span> <span class='ocrx_word' id='word_1_165' title='bbox 717 1891 736 1912; x_wconf 88' lang='lat' dir='ltr'><strong>a</strong></span> <span class='ocrx_word' id='word_1_166' title='bbox 754 1882 860 1923; x_wconf 89' lang='lat' dir='ltr'><strong>justi-</strong></span> 
     </span>
     <span class='ocr_line' id='line_1_33' title="bbox 160 1924 860 1972; baseline 0.007 -16"><span class='ocrx_word' id='word_1_167' title='bbox 160 1925 209 1957; x_wconf 85' lang='lat' dir='ltr'><strong>tia</strong></span> <span class='ocrx_word' id='word_1_168' title='bbox 225 1930 262 1957; x_wconf 86' lang='lat' dir='ltr'><strong>et</strong></span> <span class='ocrx_word' id='word_1_169' title='bbox 276 1924 492 1969; x_wconf 76' lang='lat' dir='ltr'><strong>fortitudine,</strong></span> <span class='ocrx_word' id='word_1_170' title='bbox 514 1929 542 1960; x_wconf 92' lang='lat' dir='ltr'><strong>si</strong></span> <span class='ocrx_word' id='word_1_171' title='bbox 566 1939 632 1961; x_wconf 91' lang='lat' dir='ltr'><strong>non</strong></span> <span class='ocrx_word' id='word_1_172' title='bbox 656 1931 767 1963; x_wconf 83' lang='lat' dir='ltr'><strong>omnia</strong></span> <span class='ocrx_word' id='word_1_173' title='bbox 789 1931 860 1972; x_wconf 88' lang='lat' dir='ltr'><strong>ejus</strong></span> 
     </span>
     <span class='ocr_line' id='line_1_34' title="bbox 161 1975 859 2022; baseline 0.011 -16"><span class='ocrx_word' id='word_1_174' title='bbox 161 1980 259 2016; x_wconf 80' lang='lat' dir='ltr'><strong>gesta</strong></span> <span class='ocrx_word' id='word_1_175' title='bbox 282 1975 467 2009; x_wconf 86' lang='lat' dir='ltr'><strong>decantare</strong></span> <span class='ocrx_word' id='word_1_176' title='bbox 494 1980 619 2016; x_wconf 82' lang='lat' dir='ltr'><strong>valeat,</strong></span> <span class='ocrx_word' id='word_1_177' title='bbox 640 1980 742 2022; x_wconf 88' lang='lat' dir='ltr'><strong>idque</strong></span> <span class='ocrx_word' id='word_1_178' title='bbox 757 1987 796 2014; x_wconf 91' lang='lat' dir='ltr'><strong>ut</strong></span> <span class='ocrx_word' id='word_1_179' title='bbox 810 1981 859 2013; x_wconf 82' lang='lat' dir='ltr'><strong>fa-</strong></span> 
     </span>
     <span class='ocr_line' id='line_1_35' title="bbox 158 2025 858 2072; baseline 0.01 -15"><span class='ocrx_word' id='word_1_180' title='bbox 158 2025 226 2058; x_wconf 80' lang='lat' dir='ltr'><strong>ciat</strong></span> <span class='ocrx_word' id='word_1_181' title='bbox 241 2027 400 2068; x_wconf 85' lang='lat' dir='ltr'><strong>exemplo</strong></span> <span class='ocrx_word' id='word_1_182' title='bbox 427 2028 561 2066; x_wconf 83' lang='lat' dir='ltr'><strong>Lucilii,</strong></span> <span class='ocrx_word' id='word_1_183' title='bbox 584 2031 641 2072; x_wconf 89' lang='lat' dir='ltr'><strong>qui</strong></span> <span class='ocrx_word' id='word_1_184' title='bbox 664 2031 858 2072; x_wconf 84' lang='lat' dir='ltr'><strong>Scipionem</strong></span> 
     </span>
     <span class='ocr_line' id='line_1_36' title="bbox 159 2074 859 2122; baseline 0.011 -16"><span class='ocrx_word' id='word_1_185' title='bbox 159 2074 271 2116; x_wconf 76' lang='lat' dir='ltr'><strong>dignis</strong></span> <span class='ocrx_word' id='word_1_186' title='bbox 285 2077 448 2109; x_wconf 75' lang='lat' dir='ltr'><strong>encomiis</strong></span> <span class='ocrx_word' id='word_1_187' title='bbox 463 2079 663 2112; x_wconf 87' lang='lat' dir='ltr'><strong>celebravit.</strong></span> <span class='ocrx_word' id='word_1_188' title='bbox 677 2081 775 2122; x_wconf 81' lang='lat' dir='ltr'><strong>Cruq.</strong></span> <span class='ocrx_word' id='word_1_189' title='bbox 797 2083 859 2114; x_wconf 75' lang='lat' dir='ltr'><strong>At-</strong></span> 
     </span>
     <span class='ocr_line' id='line_1_37' title="bbox 159 2126 859 2171; baseline 0.01 -13"><span class='ocrx_word' id='word_1_190' title='bbox 159 2126 281 2168; x_wconf 76' lang='lat' dir='ltr'><strong>tamen]</strong></span> <span class='ocrx_word' id='word_1_191' title='bbox 306 2127 486 2160; x_wconf 81' lang='lat' dir='ltr'><strong>Trebatius</strong></span> <span class='ocrx_word' id='word_1_192' title='bbox 511 2130 673 2171; x_wconf 90' lang='lat' dir='ltr'><strong>loquitur.</strong></span> <span class='ocrx_word' id='word_1_193' title='bbox 717 2131 859 2165; x_wconf 81' lang='lat' dir='ltr'><strong>Scribere</strong></span> 
     </span>
     <span class='ocr_line' id='line_1_38' title="bbox 147 2177 858 2220; baseline 0.01 -12"><span class='ocrx_word' id='word_1_194' title='bbox 147 2177 285 2218; x_wconf 70' lang='lat' dir='ltr'><strong>sortem]</strong></span> <span class='ocrx_word' id='word_1_195' title='bbox 299 2177 445 2218; x_wconf 79' lang='lat' dir='ltr'><strong>Augusti</strong></span> <span class='ocrx_word' id='word_1_196' title='bbox 452 2179 624 2220; x_wconf 86' lang='lat' dir='ltr'><strong>justitiam</strong></span> <span class='ocrx_word' id='word_1_197' title='bbox 636 2186 672 2214; x_wconf 90' lang='lat' dir='ltr'><strong>et</strong></span> <span class='ocrx_word' id='word_1_198' title='bbox 683 2180 858 2214; x_wconf 86' lang='lat' dir='ltr'><strong>fortitudi-</strong></span> 
     </span>
     <span class='ocr_line' id='line_1_39' title="bbox 156 2226 458 2261; baseline 0.013 -4"><span class='ocrx_word' id='word_1_199' title='bbox 156 2235 234 2258; x_wconf 84' lang='lat' dir='ltr'><strong>nem</strong></span> <span class='ocrx_word' id='word_1_200' title='bbox 249 2226 458 2261; x_wconf 87' lang='lat' dir='ltr'><strong>describere.</strong></span> 
     </span>
    </p>

    <p class='ocr_par' dir='ltr' id='par_1_7' title="bbox 158 2276 861 2867">
     <span class='ocr_line' id='line_1_40' title="bbox 200 2276 857 2321; baseline 0.011 -13"><span class='ocrx_word' id='word_1_201' title='bbox 200 2278 240 2308; x_wconf 86' lang='grc'><strong>17</strong></span> <span class='ocrx_word' id='word_1_202' title='bbox 276 2276 471 2319; x_wconf 76' lang='lat' dir='ltr'><strong>Scipiadam]</strong></span> <span class='ocrx_word' id='word_1_203' title='bbox 501 2280 669 2321; x_wconf 80' lang='lat' dir='ltr'><strong>Scipionis</strong></span> <span class='ocrx_word' id='word_1_204' title='bbox 700 2282 857 2315; x_wconf 83' lang='lat' dir='ltr'><strong>virtutes.</strong></span> 
     </span>
     <span class='ocr_line' id='line_1_41' title="bbox 158 2325 861 2368; baseline 0.01 -12"><span class='ocrx_word' id='word_1_205' title='bbox 158 2325 260 2357; x_wconf 79' lang='lat' dir='ltr'><strong>Haud</strong></span> <span class='ocrx_word' id='word_1_206' title='bbox 283 2326 361 2358; x_wconf 72' lang='lat' dir='ltr'><strong>nsilti</strong></span> <span class='ocrx_word' id='word_1_207' title='bbox 387 2328 495 2368; x_wconf 78' lang='lat' dir='ltr'><strong>deero]</strong></span> <span class='ocrx_word' id='word_1_208' title='bbox 520 2330 753 2362; x_wconf 80' lang='lat' dir='ltr'><strong>Vetustissimi</strong></span> <span class='ocrx_word' id='word_1_209' title='bbox 768 2333 861 2363; x_wconf 85' lang='lat' dir='ltr'><strong>codi-</strong></span> 
     </span>
     <span class='ocr_line' id='line_1_42' title="bbox 158 2375 859 2422; baseline 0.007 -15"><span class='ocrx_word' id='word_1_210' title='bbox 158 2384 218 2408; x_wconf 76' lang='lat' dir='ltr'><strong>ces</strong></span> <span class='ocrx_word' id='word_1_211' title='bbox 235 2375 340 2412; x_wconf 75' lang='lat' dir='ltr'><strong>Haut,</strong></span> <span class='ocrx_word' id='word_1_212' title='bbox 365 2381 404 2407; x_wconf 87' lang='lat' dir='ltr'><strong>ut</strong></span> <span class='ocrx_word' id='word_1_213' title='bbox 429 2378 462 2407; x_wconf 91' lang='lat' dir='ltr'><strong>in</strong></span> <span class='ocrx_word' id='word_1_214' title='bbox 489 2379 711 2410; x_wconf 82' lang='lat' dir='ltr'><strong>marmoribus</strong></span> <span class='ocrx_word' id='word_1_215' title='bbox 727 2390 859 2422; x_wconf 90' lang='lat' dir='ltr'><strong>quoque</strong></span> 
     </span>
     <span class='ocr_line' id='line_1_43' title="bbox 159 2426 861 2472; baseline 0.011 -18"><span class='ocrx_word' id='word_1_216' title='bbox 159 2429 339 2456; x_wconf 75' lang='lat' dir='ltr'><strong>exaratum</strong></span> <span class='ocrx_word' id='word_1_217' title='bbox 355 2426 521 2458; x_wconf 86' lang='lat' dir='ltr'><strong>cernitur.</strong></span> <span class='ocrx_word' id='word_1_218' title='bbox 566 2428 612 2459; x_wconf 80' lang='lat' dir='ltr'><strong>Et</strong></span> <span class='ocrx_word' id='word_1_219' title='bbox 629 2430 773 2462; x_wconf 86' lang='lat' dir='ltr'><strong>consilio</strong></span> <span class='ocrx_word' id='word_1_220' title='bbox 789 2431 861 2472; x_wconf 87' lang='lat' dir='ltr'><strong>qui·</strong></span> 
     </span>
     <span class='ocr_line' id='line_1_44' title="bbox 161 2473 859 2516; baseline 0.013 -12"><span class='ocrx_word' id='word_1_221' title='bbox 161 2473 239 2504; x_wconf 79' lang='lat' dir='ltr'><strong>dem</strong></span> <span class='ocrx_word' id='word_1_222' title='bbox 263 2474 403 2516; x_wconf 82' lang='lat' dir='ltr'><strong>obsequi</strong></span> <span class='ocrx_word' id='word_1_223' title='bbox 427 2485 463 2507; x_wconf 90' lang='lat' dir='ltr'><strong>se</strong></span> <span class='ocrx_word' id='word_1_224' title='bbox 486 2477 575 2508; x_wconf 87' lang='lat' dir='ltr'><strong>velle</strong></span> <span class='ocrx_word' id='word_1_225' title='bbox 598 2478 646 2510; x_wconf 89' lang='lat' dir='ltr'><strong>ait</strong></span> <span class='ocrx_word' id='word_1_226' title='bbox 660 2479 786 2512; x_wconf 87' lang='lat' dir='ltr'><strong>Horat.</strong></span> <span class='ocrx_word' id='word_1_227' title='bbox 799 2480 859 2513; x_wconf 89' lang='lat' dir='ltr'><strong>sed</strong></span> 
     </span>
     <span class='ocr_line' id='line_1_45' title="bbox 162 2523 860 2572; baseline 0.013 -19"><span class='ocrx_word' id='word_1_228' title='bbox 162 2523 318 2555; x_wconf 81' lang='lat' dir='ltr'><strong>cantione</strong></span> <span class='ocrx_word' id='word_1_229' title='bbox 343 2523 504 2565; x_wconf 81' lang='lat' dir='ltr'><strong>adhibita,</strong></span> <span class='ocrx_word' id='word_1_230' title='bbox 529 2527 558 2558; x_wconf 89' lang='lat' dir='ltr'><strong>si</strong></span> <span class='ocrx_word' id='word_1_231' title='bbox 586 2536 640 2558; x_wconf 87' lang='lat' dir='ltr'><strong>res</strong></span> <span class='ocrx_word' id='word_1_232' title='bbox 666 2533 701 2560; x_wconf 88' lang='lat' dir='ltr'><strong>et</strong></span> <span class='ocrx_word' id='word_1_233' title='bbox 725 2534 860 2572; x_wconf 89' lang='lat' dir='ltr'><strong>tempus</strong></span> 
     </span>
     <span class='ocr_line' id='line_1_46' title="bbox 161 2572 859 2612; baseline 0.011 -9"><span class='ocrx_word' id='word_1_234' title='bbox 161 2572 357 2605; x_wconf 86' lang='lat' dir='ltr'><strong>istiusmodi</strong></span> <span class='ocrx_word' id='word_1_235' title='bbox 368 2574 580 2608; x_wconf 84' lang='lat' dir='ltr'><strong>laudationes</strong></span> <span class='ocrx_word' id='word_1_236' title='bbox 592 2575 683 2609; x_wconf 80' lang='lat' dir='ltr'><strong>ferat</strong></span> <span class='ocrx_word' id='word_1_237' title='bbox 695 2588 703 2609; x_wconf 89' lang='lat'><strong>:</strong></span> <span class='ocrx_word' id='word_1_238' title='bbox 721 2588 762 2610; x_wconf 85' lang='lat' dir='ltr'><strong>ea</strong></span> <span class='ocrx_word' id='word_1_239' title='bbox 772 2580 859 2612; x_wconf 85' lang='lat' dir='ltr'><strong>enim</strong></span> 
     </span>
     <span class='ocr_line' id='line_1_47' title="bbox 161 2621 859 2665; baseline 0.013 -13"><span class='ocrx_word' id='word_1_240' title='bbox 161 2621 343 2661; x_wconf 82' lang='lat' dir='ltr'><strong>prudentia</strong></span> <span class='ocrx_word' id='word_1_241' title='bbox 358 2623 508 2665; x_wconf 85' lang='lat' dir='ltr'><strong>undique</strong></span> <span class='ocrx_word' id='word_1_242' title='bbox 521 2626 687 2658; x_wconf 87' lang='lat' dir='ltr'><strong>munitum</strong></span> <span class='ocrx_word' id='word_1_243' title='bbox 699 2636 774 2659; x_wconf 88' lang='lat' dir='ltr'><strong>esse</strong></span> <span class='ocrx_word' id='word_1_244' title='bbox 785 2629 859 2661; x_wconf 85' lang='lat' dir='ltr'><strong>Cae-</strong></span> 
     </span>
     <span class='ocr_line' id='line_1_48' title="bbox 163 2675 861 2721; baseline 0.013 -19"><span class='ocrx_word' id='word_1_245' title='bbox 163 2681 287 2712; x_wconf 84' lang='lat' dir='ltr'><strong>sarem,</strong></span> <span class='ocrx_word' id='word_1_246' title='bbox 313 2677 351 2704; x_wconf 90' lang='lat' dir='ltr'><strong>nt</strong></span> <span class='ocrx_word' id='word_1_247' title='bbox 376 2683 486 2716; x_wconf 88' lang='lat' dir='ltr'><strong>neque</strong></span> <span class='ocrx_word' id='word_1_248' title='bbox 504 2675 735 2709; x_wconf 84' lang='lat' dir='ltr'><strong>adulatoribus</strong></span> <span class='ocrx_word' id='word_1_249' title='bbox 752 2687 861 2721; x_wconf 89' lang='lat' dir='ltr'><strong>neque</strong></span> 
     </span>
     <span class='ocr_line' id='line_1_49' title="bbox 163 2722 859 2765; baseline 0.013 -13"><span class='ocrx_word' id='word_1_250' title='bbox 163 2722 356 2762; x_wconf 82' lang='lat' dir='ltr'><strong>importune</strong></span> <span class='ocrx_word' id='word_1_251' title='bbox 398 2723 700 2765; x_wconf 84' lang='lat' dir='ltr'><strong>interpellantibus</strong></span> <span class='ocrx_word' id='word_1_252' title='bbox 745 2737 859 2761; x_wconf 90' lang='lat' dir='ltr'><strong>aurem</strong></span> 
     </span>
     <span class='ocr_line' id='line_1_50' title="bbox 163 2772 859 2817; baseline 0.011 -14"><span class='ocrx_word' id='word_1_253' title='bbox 163 2772 328 2813; x_wconf 67' lang='lat' dir='ltr'><strong>prebeat.</strong></span> <span class='ocrx_word' id='word_1_254' title='bbox 372 2774 584 2806; x_wconf 83' lang='lat' dir='ltr'><strong>‘Dextrum’</strong></span> <span class='ocrx_word' id='word_1_255' title='bbox 618 2776 722 2817; x_wconf 78' lang='lat' dir='ltr'><strong>igitur</strong></span> <span class='ocrx_word' id='word_1_256' title='bbox 755 2779 859 2811; x_wconf 84' lang='lat' dir='ltr'><strong>‘tem-</strong></span> 
     </span>
     <span class='ocr_line' id='line_1_51' title="bbox 163 2821 857 2867; baseline 0.013 -14"><span class='ocrx_word' id='word_1_257' title='bbox 163 2821 244 2863; x_wconf 85' lang='lat' dir='ltr'><strong>pus&#39;</strong></span> <span class='ocrx_word' id='word_1_258' title='bbox 266 2824 450 2865; x_wconf 87' lang='lat' dir='ltr'><strong>opponitur</strong></span> <span class='ocrx_word' id='word_1_259' title='bbox 473 2825 614 2867; x_wconf 74' lang='lat' dir='ltr'><strong>&#39;laevo5’</strong></span> <span class='ocrx_word' id='word_1_260' title='bbox 635 2832 674 2859; x_wconf 86' lang='lat' dir='ltr'><strong>ut</strong></span> <span class='ocrx_word' id='word_1_261' title='bbox 695 2837 721 2862; x_wconf 79' lang='grc' dir='ltr'><strong>ι.</strong></span> <span class='ocrx_word' id='word_1_262' title='bbox 740 2828 810 2861; x_wconf 82' lang='lat' dir='ltr'><strong>Sat.</strong></span> <span class='ocrx_word' id='word_1_263' title='bbox 826 2833 857 2862; x_wconf 78' lang='lat'><strong>8.</strong></span> 
     </span>
    </p>
   </div>
   <div class='ocr_carea' id='block_1_3' title="bbox 1491 277 1606 318">
    <p class='ocr_par' dir='ltr' id='par_1_8' title="bbox 1491 277 1606 318">
     <span class='ocr_line' id='line_1_52' title="bbox 1491 277 1606 318; baseline 0.017 -2"><span class='ocrx_word' id='word_1_264' title='bbox 1491 277 1508 316; x_wconf 85' lang='lat'>1</span> <span class='ocrx_word' id='word_1_265' title='bbox 1519 277 1606 318; x_wconf 82' lang='lat'><strong>673</strong></span> 
     </span>
    </p>
   </div>
   <div class='ocr_carea' id='block_1_4' title="bbox 900 378 1611 2325">
    <p class='ocr_par' dir='ltr' id='par_1_9' title="bbox 902 378 1608 1119">
     <span class='ocr_line' id='line_1_53' title="bbox 904 378 1604 422; baseline 0.003 -11"><span class='ocrx_word' id='word_1_266' title='bbox 904 378 915 398; x_wconf 89' lang='lat'>‘</span> <span class='ocrx_word' id='word_1_267' title='bbox 927 379 1115 412; x_wconf 82' lang='lat' dir='ltr'><strong>Peccatum</strong></span> <span class='ocrx_word' id='word_1_268' title='bbox 1130 379 1241 412; x_wconf 77' lang='lat' dir='ltr'><strong>fateor</strong></span> <span class='ocrx_word' id='word_1_269' title='bbox 1252 389 1328 411; x_wconf 91' lang='lat' dir='ltr'><strong>cum</strong></span> <span class='ocrx_word' id='word_1_270' title='bbox 1343 380 1378 411; x_wconf 85' lang='lat' dir='ltr'><strong>te</strong></span> <span class='ocrx_word' id='word_1_271' title='bbox 1387 379 1436 411; x_wconf 90' lang='lat' dir='ltr'><strong>sic</strong></span> <span class='ocrx_word' id='word_1_272' title='bbox 1447 384 1604 422; x_wconf 85' lang='lat' dir='ltr'><strong>tempore</strong></span> 
     </span>
     <span class='ocr_line' id='line_1_54' title="bbox 904 429 1604 470; baseline 0.003 -10"><span class='ocrx_word' id='word_1_273' title='bbox 904 430 991 461; x_wconf 82' lang='lat' dir='ltr'><strong>laevo</strong></span> <span class='ocrx_word' id='word_1_274' title='bbox 1016 429 1295 470; x_wconf 56' lang='lat' dir='ltr'><strong>Interpellat-im!</strong></span> <span class='ocrx_word' id='word_1_275' title='bbox 1340 430 1386 461; x_wconf 87' lang='lat' dir='ltr'><strong>Et</strong></span> <span class='ocrx_word' id='word_1_276' title='bbox 1412 430 1422 446; x_wconf 74' lang='lat'><strong>⁴</strong></span> <span class='ocrx_word' id='word_1_277' title='bbox 1436 435 1604 462; x_wconf 81' lang='lat' dir='ltr'><strong>attentam</strong></span> 
     </span>
     <span class='ocr_line' id='line_1_55' title="bbox 906 479 1604 522; baseline 0.001 -11"><span class='ocrx_word' id='word_1_278' title='bbox 906 489 1021 511; x_wconf 83' lang='lat' dir='ltr'><strong>aurem</strong></span> <span class='ocrx_word' id='word_1_279' title='bbox 1038 481 1047 494; x_wconf 86' lang='lat'>’</span> <span class='ocrx_word' id='word_1_280' title='bbox 1079 480 1178 520; x_wconf 85' lang='lat' dir='ltr'><strong>dixit,</strong></span> <span class='ocrx_word' id='word_1_281' title='bbox 1200 489 1266 512; x_wconf 89' lang='lat' dir='ltr'><strong>non</strong></span> <span class='ocrx_word' id='word_1_282' title='bbox 1295 479 1396 512; x_wconf 88' lang='lat' dir='ltr'><strong>modo</strong></span> <span class='ocrx_word' id='word_1_283' title='bbox 1422 486 1604 522; x_wconf 82' lang='lat' dir='ltr'><strong>purgatam</strong></span> 
     </span>
     <span class='ocr_line' id='line_1_56' title="bbox 905 528 1605 570; baseline 0.003 -10"><span class='ocrx_word' id='word_1_284' title='bbox 905 532 1128 570; x_wconf 84' lang='lat' dir='ltr'><strong>acutamque:</strong></span> <span class='ocrx_word' id='word_1_285' title='bbox 1153 529 1213 560; x_wconf 89' lang='lat' dir='ltr'><strong>sed</strong></span> <span class='ocrx_word' id='word_1_286' title='bbox 1230 528 1299 561; x_wconf 89' lang='lat' dir='ltr'><strong>acri</strong></span> <span class='ocrx_word' id='word_1_287' title='bbox 1310 529 1445 570; x_wconf 85' lang='lat' dir='ltr'><strong>judicio</strong></span> <span class='ocrx_word' id='word_1_288' title='bbox 1465 529 1605 562; x_wconf 86' lang='lat' dir='ltr'><strong>audien-</strong></span> 
     </span>
     <span class='ocr_line' id='line_1_57' title="bbox 905 578 1606 620; baseline 0.006 -12"><span class='ocrx_word' id='word_1_289' title='bbox 905 582 986 617; x_wconf 90' lang='lat' dir='ltr'><strong>tem,</strong></span> <span class='ocrx_word' id='word_1_290' title='bbox 997 587 1040 609; x_wconf 89' lang='lat' dir='ltr'><strong>ne</strong></span> <span class='ocrx_word' id='word_1_291' title='bbox 1056 578 1251 610; x_wconf 88' lang='lat' dir='ltr'><strong>adulatione</strong></span> <span class='ocrx_word' id='word_1_292' title='bbox 1265 578 1466 620; x_wconf 83' lang='lat' dir='ltr'><strong>decipiatur.</strong></span> <span class='ocrx_word' id='word_1_293' title='bbox 1499 584 1508 598; x_wconf 86' lang='lat'>¹</span> <span class='ocrx_word' id='word_1_294' title='bbox 1524 580 1606 612; x_wconf 81' lang='lat' dir='ltr'><strong>Pal-</strong></span> 
     </span>
     <span class='ocr_line' id='line_1_58' title="bbox 905 627 1607 670; baseline 0.003 -11"><span class='ocrx_word' id='word_1_295' title='bbox 905 628 978 668; x_wconf 87' lang='lat' dir='ltr'><strong>pari</strong></span> <span class='ocrx_word' id='word_1_296' title='bbox 990 627 999 641; x_wconf 91' lang='lat'><em>&#39;</em></span> <span class='ocrx_word' id='word_1_297' title='bbox 1022 633 1148 667; x_wconf 88' lang='lat' dir='ltr'><strong>autem,</strong></span> <span class='ocrx_word' id='word_1_298' title='bbox 1166 633 1202 661; x_wconf 87' lang='lat' dir='ltr'><strong>et</strong></span> <span class='ocrx_word' id='word_1_299' title='bbox 1220 629 1231 647; x_wconf 79' lang='lat'><em>⁴</em></span> <span class='ocrx_word' id='word_1_300' title='bbox 1244 629 1379 670; x_wconf 87' lang='lat' dir='ltr'><strong>palpam</strong></span> <span class='ocrx_word' id='word_1_301' title='bbox 1395 629 1607 669; x_wconf 67' lang='lat' dir='ltr'><strong>obtrudere:</strong></span> 
     </span>
     <span class='ocr_line' id='line_1_59' title="bbox 905 677 1607 719; baseline 0.006 -11"><span class='ocrx_word' id='word_1_302' title='bbox 905 677 915 694; x_wconf 89' lang='lat'>‘</span> <span class='ocrx_word' id='word_1_303' title='bbox 929 677 1030 718; x_wconf 84' lang='lat' dir='ltr'><strong>palpo</strong></span> <span class='ocrx_word' id='word_1_304' title='bbox 1045 677 1054 691; x_wconf 85' lang='lat'><em>&#39;</em></span> <span class='ocrx_word' id='word_1_305' title='bbox 1075 678 1158 709; x_wconf 88' lang='lat' dir='ltr'><strong>item</strong></span> <span class='ocrx_word' id='word_1_306' title='bbox 1180 682 1190 695; x_wconf 81' lang='lat'>‘</span> <span class='ocrx_word' id='word_1_307' title='bbox 1207 679 1414 719; x_wconf 90' lang='lat' dir='ltr'><strong>percutere‚’</strong></span> <span class='ocrx_word' id='word_1_308' title='bbox 1437 684 1475 711; x_wconf 93' lang='lat' dir='ltr'><strong>ut</strong></span> <span class='ocrx_word' id='word_1_309' title='bbox 1501 680 1607 712; x_wconf 85' lang='lat' dir='ltr'><strong>Plau-</strong></span> 
     </span>
     <span class='ocr_line' id='line_1_60' title="bbox 904 727 1607 769; baseline 0.007 -12"><span class='ocrx_word' id='word_1_310' title='bbox 904 731 958 758; x_wconf 87' lang='lat' dir='ltr'><strong>tus</strong></span> <span class='ocrx_word' id='word_1_311' title='bbox 975 727 1140 768; x_wconf 85' lang='lat' dir='ltr'><strong>loquitur,</strong></span> <span class='ocrx_word' id='word_1_312' title='bbox 1152 737 1215 769; x_wconf 89' lang='lat' dir='ltr'><strong>pro</strong></span> <span class='ocrx_word' id='word_1_313' title='bbox 1225 728 1370 759; x_wconf 86' lang='lat' dir='ltr'><strong>blandiri</strong></span> <span class='ocrx_word' id='word_1_314' title='bbox 1387 734 1422 761; x_wconf 88' lang='lat' dir='ltr'><strong>et</strong></span> <span class='ocrx_word' id='word_1_315' title='bbox 1438 731 1607 762; x_wconf 79' lang='lat' dir='ltr'><strong>assentari</strong></span> 
     </span>
     <span class='ocr_line' id='line_1_61' title="bbox 903 776 1606 821; baseline 0.007 -14"><span class='ocrx_word' id='word_1_316' title='bbox 903 776 1032 808; x_wconf 89' lang='lat' dir='ltr'><strong>dictum</strong></span> <span class='ocrx_word' id='word_1_317' title='bbox 1065 778 1180 809; x_wconf 88' lang='lat' dir='ltr'><strong>volunt</strong></span> <span class='ocrx_word' id='word_1_318' title='bbox 1195 788 1204 809; x_wconf 87' lang='lat'>:</span> <span class='ocrx_word' id='word_1_319' title='bbox 1239 778 1343 810; x_wconf 89' lang='lat' dir='ltr'><strong>ducta</strong></span> <span class='ocrx_word' id='word_1_320' title='bbox 1371 779 1415 810; x_wconf 87' lang='lat' dir='ltr'><strong>ab</strong></span> <span class='ocrx_word' id='word_1_321' title='bbox 1444 789 1606 821; x_wconf 81' lang='lat' dir='ltr'><strong>equorum</strong></span> 
     </span>
     <span class='ocr_line' id='line_1_62' title="bbox 903 826 1607 872; baseline 0.006 -15"><span class='ocrx_word' id='word_1_322' title='bbox 903 826 1116 872; x_wconf 68' lang='lat' dir='ltr'><strong>curatoribus</strong></span> <span class='ocrx_word' id='word_1_323' title='bbox 1145 827 1360 867; x_wconf 87' lang='lat' dir='ltr'><strong>Metaphora.</strong></span> <span class='ocrx_word' id='word_1_324' title='bbox 1422 829 1463 860; x_wconf 85' lang='lat'><strong>111</strong></span> <span class='ocrx_word' id='word_1_325' title='bbox 1491 830 1607 861; x_wconf 87' lang='lat' dir='ltr'><strong>Meta-</strong></span> 
     </span>
     <span class='ocr_line' id='line_1_63' title="bbox 903 876 1607 917; baseline 0.004 -10"><span class='ocrx_word' id='word_1_326' title='bbox 903 876 1010 916; x_wconf 85' lang='lat' dir='ltr'><strong>pbora</strong></span> <span class='ocrx_word' id='word_1_327' title='bbox 1025 886 1107 917; x_wconf 85' lang='lat' dir='ltr'><strong>ergo</strong></span> <span class='ocrx_word' id='word_1_328' title='bbox 1120 877 1273 917; x_wconf 87' lang='lat' dir='ltr'><strong>persistit</strong></span> <span class='ocrx_word' id='word_1_329' title='bbox 1287 876 1408 913; x_wconf 78' lang='lat' dir='ltr'><strong>Poe&#39;ta,</strong></span> <span class='ocrx_word' id='word_1_330' title='bbox 1420 887 1496 909; x_wconf 89' lang='lat' dir='ltr'><strong>cum</strong></span> <span class='ocrx_word' id='word_1_331' title='bbox 1510 878 1607 910; x_wconf 86' lang='lat' dir='ltr'><strong>addit</strong></span> 
     </span>
     <span class='ocr_line' id='line_1_64' title="bbox 902 928 1605 971; baseline 0.004 -13"><span class='ocrx_word' id='word_1_332' title='bbox 902 928 1080 959; x_wconf 75' lang='lat' dir='ltr'><strong>recalcitrat</strong></span> <span class='ocrx_word' id='word_1_333' title='bbox 1094 939 1103 959; x_wconf 90' lang='lat'>:</span> <span class='ocrx_word' id='word_1_334' title='bbox 1129 933 1259 959; x_wconf 85' lang='lat' dir='ltr'><strong>tantum</strong></span> <span class='ocrx_word' id='word_1_335' title='bbox 1286 929 1394 965; x_wconf 84' lang='lat' dir='ltr'><strong>abest,</strong></span> <span class='ocrx_word' id='word_1_336' title='bbox 1422 934 1460 960; x_wconf 90' lang='lat' dir='ltr'><strong>ut</strong></span> <span class='ocrx_word' id='word_1_337' title='bbox 1478 929 1605 971; x_wconf 89' lang='lat' dir='ltr'><strong>imponi</strong></span> 
     </span>
     <span class='ocr_line' id='line_1_65' title="bbox 903 977 1606 1018; baseline 0.003 -9"><span class='ocrx_word' id='word_1_338' title='bbox 903 977 968 1009; x_wconf 87' lang='lat' dir='ltr'><strong>sibi</strong></span> <span class='ocrx_word' id='word_1_339' title='bbox 999 978 1161 1018; x_wconf 88' lang='lat' dir='ltr'><strong>patiatur.</strong></span> <span class='ocrx_word' id='word_1_340' title='bbox 1195 979 1340 1010; x_wconf 68' lang='lat' dir='ltr'><strong>Turrem.</strong></span> <span class='ocrx_word' id='word_1_341' title='bbox 1396 978 1496 1010; x_wconf 81' lang='lat' dir='ltr'><strong>Haud</strong></span> <span class='ocrx_word' id='word_1_342' title='bbox 1525 980 1606 1011; x_wconf 74' lang='lat' dir='ltr'><strong>mihi</strong></span> 
     </span>
     <span class='ocr_line' id='line_1_66' title="bbox 902 1026 1608 1071; baseline 0.001 -12"><span class='ocrx_word' id='word_1_343' title='bbox 902 1026 1009 1067; x_wconf 80' lang='lat' dir='ltr'><strong>deero]</strong></span> <span class='ocrx_word' id='word_1_344' title='bbox 1026 1029 1160 1060; x_wconf 88' lang='lat' dir='ltr'><strong>Faciam</strong></span> <span class='ocrx_word' id='word_1_345' title='bbox 1177 1028 1266 1070; x_wconf 75' lang='lat' dir='ltr'><strong>qiiod</strong></span> <span class='ocrx_word' id='word_1_346' title='bbox 1281 1029 1315 1059; x_wconf 89' lang='lat' dir='ltr'><strong>in</strong></span> <span class='ocrx_word' id='word_1_347' title='bbox 1332 1037 1385 1059; x_wconf 89' lang='lat' dir='ltr'><strong>me</strong></span> <span class='ocrx_word' id='word_1_348' title='bbox 1400 1029 1466 1060; x_wconf 91' lang='lat' dir='ltr'><strong>erit</strong></span> <span class='ocrx_word' id='word_1_349' title='bbox 1480 1028 1608 1071; x_wconf 86' lang='lat' dir='ltr'><strong>(inquit</strong></span> 
     </span>
     <span class='ocr_line' id='line_1_67' title="bbox 905 1077 1492 1119; baseline 0 -9"><span class='ocrx_word' id='word_1_350' title='bbox 905 1077 1090 1119; x_wconf 86' lang='lat' dir='ltr'><strong>Horatius)</strong></span> <span class='ocrx_word' id='word_1_351' title='bbox 1102 1088 1177 1111; x_wconf 86' lang='lat' dir='ltr'><strong>cum</strong></span> <span class='ocrx_word' id='word_1_352' title='bbox 1195 1078 1334 1110; x_wconf 83' lang='lat' dir='ltr'><strong>dabitur</strong></span> <span class='ocrx_word' id='word_1_353' title='bbox 1347 1079 1492 1110; x_wconf 86' lang='lat' dir='ltr'><strong>occasio.</strong></span> 
     </span>
    </p>

    <p class='ocr_par' dir='ltr' id='par_1_10' title="bbox 903 1129 1608 1471">
     <span class='ocr_line' id='line_1_68' title="bbox 947 1129 1607 1170; baseline 0 -10"><span class='ocrx_word' id='word_1_354' title='bbox 947 1131 988 1160; x_wconf 83' lang='lat'><strong>18</strong></span> <span class='ocrx_word' id='word_1_355' title='bbox 1012 1129 1103 1170; x_wconf 83' lang='lat' dir='ltr'><strong>Nisi]</strong></span> <span class='ocrx_word' id='word_1_356' title='bbox 1130 1129 1230 1160; x_wconf 85' lang='lat' dir='ltr'><strong>Haud</strong></span> <span class='ocrx_word' id='word_1_357' title='bbox 1255 1129 1370 1168; x_wconf 84' lang='lat' dir='ltr'><strong>deero,</strong></span> <span class='ocrx_word' id='word_1_358' title='bbox 1391 1129 1513 1170; x_wconf 86' lang='lat' dir='ltr'><strong>inquit,</strong></span> <span class='ocrx_word' id='word_1_359' title='bbox 1534 1129 1607 1170; x_wconf 90' lang='lat' dir='ltr'><strong>ipse</strong></span> 
     </span>
     <span class='ocr_line' id='line_1_69' title="bbox 904 1178 1608 1220; baseline 0 -10"><span class='ocrx_word' id='word_1_360' title='bbox 904 1178 998 1219; x_wconf 87' lang='lat' dir='ltr'><strong>mihi,</strong></span> <span class='ocrx_word' id='word_1_361' title='bbox 1008 1189 1180 1220; x_wconf 86' lang='lat' dir='ltr'><strong>nunquam</strong></span> <span class='ocrx_word' id='word_1_362' title='bbox 1190 1184 1303 1211; x_wconf 88' lang='lat' dir='ltr'><strong>autem</strong></span> <span class='ocrx_word' id='word_1_363' title='bbox 1315 1179 1378 1210; x_wconf 91' lang='lat' dir='ltr'><strong>nisi</strong></span> <span class='ocrx_word' id='word_1_364' title='bbox 1389 1180 1513 1211; x_wconf 88' lang='lat' dir='ltr'><strong>dextro</strong></span> <span class='ocrx_word' id='word_1_365' title='bbox 1522 1183 1608 1210; x_wconf 90' lang='lat' dir='ltr'><strong>tem-</strong></span> 
     </span>
     <span class='ocr_line' id='line_1_70' title="bbox 905 1229 1607 1271; baseline -0.001 -10"><span class='ocrx_word' id='word_1_366' title='bbox 905 1239 1000 1271; x_wconf 90' lang='lat' dir='ltr'><strong>pore,</strong></span> <span class='ocrx_word' id='word_1_367' title='bbox 1014 1229 1119 1262; x_wconf 84' lang='lat' dir='ltr'><strong>verba</strong></span> <span class='ocrx_word' id='word_1_368' title='bbox 1132 1231 1245 1262; x_wconf 88' lang='lat' dir='ltr'><strong>Flacci</strong></span> <span class='ocrx_word' id='word_1_369' title='bbox 1262 1230 1404 1262; x_wconf 88' lang='lat' dir='ltr'><strong>molesta</strong></span> <span class='ocrx_word' id='word_1_370' title='bbox 1419 1234 1519 1261; x_wconf 84' lang='lat' dir='ltr'><strong>erunt</strong></span> <span class='ocrx_word' id='word_1_371' title='bbox 1532 1229 1607 1262; x_wconf 83' lang='lat' dir='ltr'><strong>Cae-</strong></span> 
     </span>
     <span class='ocr_line' id='line_1_71' title="bbox 903 1279 1606 1320; baseline 0 -9"><span class='ocrx_word' id='word_1_372' title='bbox 903 1281 984 1313; x_wconf 87' lang='lat' dir='ltr'><strong>sari.</strong></span> <span class='ocrx_word' id='word_1_373' title='bbox 1009 1281 1173 1314; x_wconf 80' lang='lat' dir='ltr'><strong>Heinsius.</strong></span> <span class='ocrx_word' id='word_1_374' title='bbox 1219 1281 1293 1312; x_wconf 80' lang='lat' dir='ltr'><strong>Nisi</strong></span> <span class='ocrx_word' id='word_1_375' title='bbox 1317 1281 1427 1312; x_wconf 76' lang='lat' dir='ltr'><strong>dextro</strong></span> <span class='ocrx_word' id='word_1_376' title='bbox 1455 1279 1606 1320; x_wconf 78' lang='lat' dir='ltr'><strong>tempore]</strong></span> 
     </span>
     <span class='ocr_line' id='line_1_72' title="bbox 906 1330 1607 1373; baseline -0.001 -11"><span class='ocrx_word' id='word_1_377' title='bbox 906 1331 981 1362; x_wconf 91' lang='lat' dir='ltr'><strong>Nisi</strong></span> <span class='ocrx_word' id='word_1_378' title='bbox 995 1335 1147 1373; x_wconf 89' lang='lat' dir='ltr'><strong>tempore</strong></span> <span class='ocrx_word' id='word_1_379' title='bbox 1160 1337 1365 1372; x_wconf 84' lang='lat' dir='ltr'><strong>opportuno.</strong></span> <span class='ocrx_word' id='word_1_380' title='bbox 1395 1331 1518 1371; x_wconf 74' lang='lat' dir='ltr'><strong>Flacci]</strong></span> <span class='ocrx_word' id='word_1_381' title='bbox 1537 1330 1607 1361; x_wconf 78' lang='lat' dir='ltr'><strong>Ho-</strong></span> 
     </span>
     <span class='ocr_line' id='line_1_73' title="bbox 904 1379 1604 1422; baseline 0 -11"><span class='ocrx_word' id='word_1_382' title='bbox 904 1381 983 1412; x_wconf 88' lang='lat' dir='ltr'><strong>ratii</strong></span> <span class='ocrx_word' id='word_1_383' title='bbox 999 1381 1113 1413; x_wconf 86' lang='lat' dir='ltr'><strong>verba.</strong></span> <span class='ocrx_word' id='word_1_384' title='bbox 1150 1380 1254 1422; x_wconf 85' lang='lat' dir='ltr'><strong>[Dum</strong></span> <span class='ocrx_word' id='word_1_385' title='bbox 1269 1390 1320 1413; x_wconf 79' lang='lat' dir='ltr'><strong>res</strong></span> <span class='ocrx_word' id='word_1_386' title='bbox 1334 1381 1486 1412; x_wconf 87' lang='lat' dir='ltr'><strong>nonnulli</strong></span> <span class='ocrx_word' id='word_1_387' title='bbox 1501 1379 1604 1412; x_wconf 86' lang='lat' dir='ltr'><strong>codd.</strong></span> 
     </span>
     <span class='ocr_line' id='line_1_74' title="bbox 904 1430 1103 1471; baseline 0.005 -10"><span class='ocrx_word' id='word_1_388' title='bbox 904 1439 960 1471; x_wconf 88' lang='lat' dir='ltr'><strong>ap.</strong></span> <span class='ocrx_word' id='word_1_389' title='bbox 974 1430 1103 1471; x_wconf 85' lang='lat' dir='ltr'><strong>Feam.]</strong></span> 
     </span>
    </p>

    <p class='ocr_par' dir='ltr' id='par_1_11' title="bbox 904 1480 1606 1572">
     <span class='ocr_line' id='line_1_75' title="bbox 944 1480 1606 1523; baseline 0 -10"><span class='ocrx_word' id='word_1_390' title='bbox 944 1482 1004 1522; x_wconf 88' lang='lat'><strong>[19</strong></span> <span class='ocrx_word' id='word_1_391' title='bbox 1029 1480 1099 1513; x_wconf 89' lang='lat' dir='ltr'><strong>Alii</strong></span> <span class='ocrx_word' id='word_1_392' title='bbox 1122 1481 1222 1514; x_wconf 89' lang='lat' dir='ltr'><strong>codd.</strong></span> <span class='ocrx_word' id='word_1_393' title='bbox 1247 1492 1302 1523; x_wconf 83' lang='lat' dir='ltr'><strong>ap.</strong></span> <span class='ocrx_word' id='word_1_394' title='bbox 1317 1482 1482 1522; x_wconf 88' lang='lat' dir='ltr'><strong>eundem,</strong></span> <span class='ocrx_word' id='word_1_395' title='bbox 1502 1485 1606 1514; x_wconf 79' lang='lat' dir='ltr'><strong>atten-</strong></span> 
     </span>
     <span class='ocr_line' id='line_1_76' title="bbox 904 1531 1150 1572; baseline 0.004 -9"><span class='ocrx_word' id='word_1_396' title='bbox 904 1535 954 1563; x_wconf 78' lang='lat' dir='ltr'><strong>tas</strong></span> <span class='ocrx_word' id='word_1_397' title='bbox 967 1553 975 1561; x_wconf 94' lang='lat'>.</span> <span class='ocrx_word' id='word_1_398' title='bbox 991 1553 999 1562; x_wconf 92' lang='lat'><strong>.</strong></span> <span class='ocrx_word' id='word_1_399' title='bbox 1010 1554 1018 1563; x_wconf 92' lang='lat'>.</span> <span class='ocrx_word' id='word_1_400' title='bbox 1029 1531 1150 1572; x_wconf 56' lang='lat' dir='ltr'><strong>aurem]</strong></span> 
     </span>
    </p>

    <p class='ocr_par' dir='ltr' id='par_1_12' title="bbox 900 1579 1609 1770">
     <span class='ocr_line' id='line_1_77' title="bbox 945 1579 1609 1622; baseline 0.002 -10"><span class='ocrx_word' id='word_1_401' title='bbox 945 1583 988 1612; x_wconf 89' lang='grc'><strong>20</strong></span> <span class='ocrx_word' id='word_1_402' title='bbox 1010 1579 1048 1612; x_wconf 77' lang='lat' dir='ltr'><strong>Si</strong></span> <span class='ocrx_word' id='word_1_403' title='bbox 1060 1580 1200 1622; x_wconf 82' lang='lat' dir='ltr'><strong>palpere]</strong></span> <span class='ocrx_word' id='word_1_404' title='bbox 1222 1581 1257 1613; x_wconf 94' lang='lat' dir='ltr'><strong>Si</strong></span> <span class='ocrx_word' id='word_1_405' title='bbox 1269 1581 1421 1614; x_wconf 84' lang='lat' dir='ltr'><strong>adulare.</strong></span> <span class='ocrx_word' id='word_1_406' title='bbox 1467 1581 1609 1613; x_wconf 81' lang='lat' dir='ltr'><strong>Recalci-</strong></span> 
     </span>
     <span class='ocr_line' id='line_1_78' title="bbox 904 1630 1608 1671; baseline 0.001 -10"><span class='ocrx_word' id='word_1_407' title='bbox 904 1630 984 1671; x_wconf 75' lang='lat' dir='ltr'><strong>trat]</strong></span> <span class='ocrx_word' id='word_1_408' title='bbox 998 1630 1155 1662; x_wconf 80' lang='lat' dir='ltr'><strong>Munitus</strong></span> <span class='ocrx_word' id='word_1_409' title='bbox 1166 1632 1296 1663; x_wconf 88' lang='lat' dir='ltr'><strong>virtute</strong></span> <span class='ocrx_word' id='word_1_410' title='bbox 1312 1631 1541 1663; x_wconf 89' lang='lat' dir='ltr'><strong>adulationem</strong></span> <span class='ocrx_word' id='word_1_411' title='bbox 1557 1640 1608 1662; x_wconf 88' lang='lat' dir='ltr'><strong>re-</strong></span> 
     </span>
     <span class='ocr_line' id='line_1_79' title="bbox 900 1679 1606 1721; baseline 0.001 -11"><span class='ocrx_word' id='word_1_412' title='bbox 900 1679 982 1720; x_wconf 88' lang='lat' dir='ltr'><strong>jicit</strong></span> <span class='ocrx_word' id='word_1_413' title='bbox 996 1689 1039 1711; x_wconf 83' lang='lat' dir='ltr'><strong>ex</strong></span> <span class='ocrx_word' id='word_1_414' title='bbox 1055 1681 1145 1711; x_wconf 90' lang='lat' dir='ltr'><strong>omui</strong></span> <span class='ocrx_word' id='word_1_415' title='bbox 1162 1686 1270 1721; x_wconf 88' lang='lat' dir='ltr'><strong>parte.</strong></span> <span class='ocrx_word' id='word_1_416' title='bbox 1313 1681 1396 1721; x_wconf 79' lang='lat' dir='ltr'><strong>[Qui</strong></span> <span class='ocrx_word' id='word_1_417' title='bbox 1410 1682 1490 1712; x_wconf 84' lang='lat' dir='ltr'><strong>male</strong></span> <span class='ocrx_word' id='word_1_418' title='bbox 1504 1681 1606 1713; x_wconf 88' lang='lat' dir='ltr'><strong>codd.</strong></span> 
     </span>
     <span class='ocr_line' id='line_1_80' title="bbox 906 1729 1111 1770; baseline -0.005 -10"><span class='ocrx_word' id='word_1_419' title='bbox 906 1738 961 1770; x_wconf 85' lang='lat' dir='ltr'><strong>ap.</strong></span> <span class='ocrx_word' id='word_1_420' title='bbox 979 1729 1111 1770; x_wconf 87' lang='lat' dir='ltr'><strong>Feam.]</strong></span> 
     </span>
    </p>

    <p class='ocr_par' dir='ltr' id='par_1_13' title="bbox 907 1778 1611 2172">
     <span class='ocr_line' id='line_1_81' title="bbox 939 1778 1609 1819; baseline 0.004 -10"><span class='ocrx_word' id='word_1_421' title='bbox 939 1781 979 1810; x_wconf 86' lang='grc'><strong>21</strong></span> <span class='ocrx_word' id='word_1_422' title='bbox 994 1779 1119 1814; x_wconf 76' lang='lat' dir='ltr'><strong>Quanto</strong></span> <span class='ocrx_word' id='word_1_423' title='bbox 1133 1778 1264 1819; x_wconf 77' lang='lat' dir='ltr'><strong>rectius]</strong></span> <span class='ocrx_word' id='word_1_424' title='bbox 1282 1778 1336 1811; x_wconf 85' lang='lat' dir='ltr'><strong>Ab</strong></span> <span class='ocrx_word' id='word_1_425' title='bbox 1347 1779 1493 1811; x_wconf 83' lang='lat' dir='ltr'><strong>honesto</strong></span> <span class='ocrx_word' id='word_1_426' title='bbox 1503 1785 1538 1812; x_wconf 88' lang='lat' dir='ltr'><strong>et</strong></span> <span class='ocrx_word' id='word_1_427' title='bbox 1550 1780 1609 1812; x_wconf 91' lang='lat' dir='ltr'><strong>de·</strong></span> 
     </span>
     <span class='ocr_line' id='line_1_82' title="bbox 908 1829 1609 1862; baseline 0.003 -2"><span class='ocrx_word' id='word_1_428' title='bbox 908 1838 988 1861; x_wconf 90' lang='lat' dir='ltr'><strong>coro</strong></span> <span class='ocrx_word' id='word_1_429' title='bbox 1003 1829 1185 1861; x_wconf 88' lang='lat' dir='ltr'><strong>Trebatius</strong></span> <span class='ocrx_word' id='word_1_430' title='bbox 1201 1830 1323 1861; x_wconf 88' lang='lat' dir='ltr'><strong>nititur</strong></span> <span class='ocrx_word' id='word_1_431' title='bbox 1349 1830 1511 1862; x_wconf 87' lang='lat' dir='ltr'><strong>inducere</strong></span> <span class='ocrx_word' id='word_1_432' title='bbox 1537 1830 1609 1862; x_wconf 87' lang='lat' dir='ltr'><strong>Ho-</strong></span> 
     </span>
     <span class='ocr_line' id='line_1_83' title="bbox 909 1878 1610 1920; baseline 0.003 -10"><span class='ocrx_word' id='word_1_433' title='bbox 909 1878 1033 1911; x_wconf 80' lang='lat' dir='ltr'><strong>ratium</strong></span> <span class='ocrx_word' id='word_1_434' title='bbox 1051 1884 1089 1910; x_wconf 90' lang='lat' dir='ltr'><strong>ut</strong></span> <span class='ocrx_word' id='word_1_435' title='bbox 1104 1880 1170 1911; x_wconf 85' lang='lat' dir='ltr'><strong>hoc</strong></span> <span class='ocrx_word' id='word_1_436' title='bbox 1186 1884 1290 1920; x_wconf 85' lang='lat' dir='ltr'><strong>amet,</strong></span> <span class='ocrx_word' id='word_1_437' title='bbox 1300 1884 1336 1911; x_wconf 86' lang='lat' dir='ltr'><strong>et</strong></span> <span class='ocrx_word' id='word_1_438' title='bbox 1350 1880 1523 1912; x_wconf 88' lang='lat' dir='ltr'><strong>Caesarem</strong></span> <span class='ocrx_word' id='word_1_439' title='bbox 1539 1881 1610 1912; x_wconf 90' lang='lat' dir='ltr'><strong>lau-</strong></span> 
     </span>
     <span class='ocr_line' id='line_1_84' title="bbox 910 1927 1610 1972; baseline 0.004 -13"><span class='ocrx_word' id='word_1_440' title='bbox 910 1928 1011 1960; x_wconf 86' lang='lat' dir='ltr'><strong>dibus</strong></span> <span class='ocrx_word' id='word_1_441' title='bbox 1039 1927 1159 1961; x_wconf 83' lang='lat' dir='ltr'><strong>efferat</strong></span> <span class='ocrx_word' id='word_1_442' title='bbox 1175 1940 1186 1969; x_wconf 72' lang='grc' dir='ltr'><strong>ς</strong></span> <span class='ocrx_word' id='word_1_443' title='bbox 1222 1929 1423 1961; x_wconf 85' lang='lat' dir='ltr'><strong>dissuadens</strong></span> <span class='ocrx_word' id='word_1_444' title='bbox 1451 1930 1610 1972; x_wconf 84' lang='lat' dir='ltr'><strong>Satyram</strong></span> 
     </span>
     <span class='ocr_line' id='line_1_85' title="bbox 909 1978 1610 2023; baseline 0.004 -13"><span class='ocrx_word' id='word_1_445' title='bbox 909 1979 952 2010; x_wconf 89' lang='lat' dir='ltr'><strong>ab</strong></span> <span class='ocrx_word' id='word_1_446' title='bbox 981 1978 1171 2019; x_wconf 86' lang='lat' dir='ltr'><strong>inhonesto,</strong></span> <span class='ocrx_word' id='word_1_447' title='bbox 1200 1984 1237 2011; x_wconf 85' lang='lat' dir='ltr'><strong>et</strong></span> <span class='ocrx_word' id='word_1_448' title='bbox 1266 1980 1419 2020; x_wconf 88' lang='lat' dir='ltr'><strong>periculo</strong></span> <span class='ocrx_word' id='word_1_449' title='bbox 1451 1980 1610 2023; x_wconf 87' lang='lat' dir='ltr'><strong>odioque.</strong></span> 
     </span>
     <span class='ocr_line' id='line_1_86' title="bbox 912 2031 1611 2073; baseline 0.004 -12"><span class='ocrx_word' id='word_1_450' title='bbox 912 2031 1009 2072; x_wconf 84' lang='lat' dir='ltr'><strong>Cruq.</strong></span> <span class='ocrx_word' id='word_1_451' title='bbox 1056 2031 1182 2067; x_wconf 80' lang='lat' dir='ltr'><strong>Quanto</strong></span> <span class='ocrx_word' id='word_1_452' title='bbox 1192 2031 1306 2063; x_wconf 78' lang='lat' dir='ltr'><strong>rectius</strong></span> <span class='ocrx_word' id='word_1_453' title='bbox 1313 2031 1386 2073; x_wconf 72' lang='lat' dir='ltr'><strong>hoc]</strong></span> <span class='ocrx_word' id='word_1_454' title='bbox 1401 2031 1546 2064; x_wconf 83' lang='lat' dir='ltr'><strong>Rectius</strong></span> <span class='ocrx_word' id='word_1_455' title='bbox 1557 2037 1611 2064; x_wconf 88' lang='lat' dir='ltr'><strong>est</strong></span> 
     </span>
     <span class='ocr_line' id='line_1_87' title="bbox 907 2080 1610 2124; baseline 0.006 -13"><span class='ocrx_word' id='word_1_456' title='bbox 907 2080 1035 2122; x_wconf 87' lang='lat' dir='ltr'><strong>(inquit</strong></span> <span class='ocrx_word' id='word_1_457' title='bbox 1063 2081 1263 2124; x_wconf 80' lang='lat' dir='ltr'><strong>Trebatius)</strong></span> <span class='ocrx_word' id='word_1_458' title='bbox 1300 2082 1446 2115; x_wconf 76' lang='lat' dir='ltr'><strong>caesaris</strong></span> <span class='ocrx_word' id='word_1_459' title='bbox 1479 2082 1610 2123; x_wconf 86' lang='lat' dir='ltr'><strong>laudes,</strong></span> 
     </span>
     <span class='ocr_line' id='line_1_88' title="bbox 909 2131 1374 2172; baseline 0.009 -11"><span class='ocrx_word' id='word_1_460' title='bbox 909 2140 1011 2172; x_wconf 89' lang='lat' dir='ltr'><strong>quam</strong></span> <span class='ocrx_word' id='word_1_461' title='bbox 1027 2131 1194 2172; x_wconf 68' lang='lat' dir='ltr'><strong>Satyrum,</strong></span> <span class='ocrx_word' id='word_1_462' title='bbox 1211 2133 1374 2165; x_wconf 89' lang='lat' dir='ltr'><strong>scribere.</strong></span> 
     </span>
    </p>

    <p class='ocr_par' dir='ltr' id='par_1_14' title="bbox 908 2181 1607 2273">
     <span class='ocr_line' id='line_1_89' title="bbox 950 2181 1607 2223; baseline 0.005 -11"><span class='ocrx_word' id='word_1_463' title='bbox 950 2183 993 2213; x_wconf 84' lang='lat'><strong>22</strong></span> <span class='ocrx_word' id='word_1_464' title='bbox 1018 2181 1228 2213; x_wconf 79' lang='lat' dir='ltr'><strong>Pantolabum</strong></span> <span class='ocrx_word' id='word_1_465' title='bbox 1243 2182 1398 2223; x_wconf 80' lang='lat' dir='ltr'><strong>scurram]</strong></span> <span class='ocrx_word' id='word_1_466' title='bbox 1422 2183 1607 2215; x_wconf 88' lang='lat' dir='ltr'><strong>Hominem</strong></span> 
     </span>
     <span class='ocr_line' id='line_1_90' title="bbox 908 2231 1502 2273; baseline 0.005 -11"><span class='ocrx_word' id='word_1_467' title='bbox 908 2231 1024 2263; x_wconf 84' lang='lat' dir='ltr'><strong>vilem.</strong></span> <span class='ocrx_word' id='word_1_468' title='bbox 1075 2232 1244 2273; x_wconf 82' lang='lat' dir='ltr'><strong>Nepotem]</strong></span> <span class='ocrx_word' id='word_1_469' title='bbox 1269 2234 1502 2265; x_wconf 86' lang='lat' dir='ltr'><strong>Luxuriosum.</strong></span> 
     </span>
    </p>

    <p class='ocr_par' dir='ltr' id='par_1_15' title="bbox 950 2282 1609 2325">
     <span class='ocr_line' id='line_1_91' title="bbox 950 2282 1609 2325; baseline 0.005 -12"><span class='ocrx_word' id='word_1_470' title='bbox 950 2284 992 2313; x_wconf 84' lang='grc'><strong>23</strong></span> <span class='ocrx_word' id='word_1_471' title='bbox 1018 2282 1132 2323; x_wconf 76' lang='lat' dir='ltr'><strong>Timet,</strong></span> <span class='ocrx_word' id='word_1_472' title='bbox 1146 2284 1217 2325; x_wconf 57' lang='grc' dir='ltr'><strong>ἅμ]</strong></span> <span class='ocrx_word' id='word_1_473' title='bbox 1243 2284 1417 2315; x_wconf 80' lang='lat' dir='ltr'><strong>Scelerum</strong></span> <span class='ocrx_word' id='word_1_474' title='bbox 1434 2284 1609 2316; x_wconf 88' lang='lat' dir='ltr'><strong>conscien-</strong></span> 
     </span>
    </p>
   </div>
   <div class='ocr_carea' id='block_1_5' title="bbox 908 2332 1610 2414">
    <p class='ocr_par' dir='ltr' id='par_1_16' title="bbox 908 2332 1610 2414">
     <span class='ocr_line' id='line_1_92' title="bbox 908 2332 1610 2375; baseline 0.006 -13"><span class='ocrx_word' id='word_1_475' title='bbox 908 2332 969 2363; x_wconf 91' lang='lat' dir='ltr'><strong>tia.</strong></span> <span class='ocrx_word' id='word_1_476' title='bbox 1030 2333 1189 2374; x_wconf 77' lang='lat' dir='ltr'><strong>Intactus]</strong></span> <span class='ocrx_word' id='word_1_477' title='bbox 1213 2335 1427 2375; x_wconf 84' lang='lat' dir='ltr'><strong>Quamquam</strong></span> <span class='ocrx_word' id='word_1_478' title='bbox 1458 2335 1610 2366; x_wconf 86' lang='lat' dir='ltr'><strong>carmine</strong></span> 
     </span>
     <span class='ocr_line' id='line_1_93' title="bbox 909 2386 1136 2414; baseline 0.009 -3"><span class='ocrx_word' id='word_1_479' title='bbox 909 2390 977 2412; x_wconf 89' lang='lat' dir='ltr'><strong>nou</strong></span> <span class='ocrx_word' id='word_1_480' title='bbox 989 2386 1136 2414; x_wconf 87' lang='lat' dir='ltr'><strong>notatus.</strong></span> 
     </span>
    </p>
   </div>
   <div class='ocr_carea' id='block_1_6' title="bbox 910 2431 1612 2877">
    <p class='ocr_par' dir='ltr' id='par_1_17' title="bbox 910 2431 1612 2823">
     <span class='ocr_line' id='line_1_94' title="bbox 951 2431 1610 2474; baseline 0.006 -12"><span class='ocrx_word' id='word_1_481' title='bbox 951 2433 994 2462; x_wconf 79' lang='grc'><strong>24</strong></span> <span class='ocrx_word' id='word_1_482' title='bbox 1018 2431 1103 2466; x_wconf 79' lang='lat' dir='ltr'><strong>Quid</strong></span> <span class='ocrx_word' id='word_1_483' title='bbox 1117 2431 1256 2473; x_wconf 76' lang='lat' dir='ltr'><strong>jaciam]</strong></span> <span class='ocrx_word' id='word_1_484' title='bbox 1283 2433 1484 2474; x_wconf 85' lang='lat' dir='ltr'><strong>Respondet</strong></span> <span class='ocrx_word' id='word_1_485' title='bbox 1499 2433 1610 2466; x_wconf 85' lang='lat' dir='ltr'><strong>Hora-</strong></span> 
     </span>
     <span class='ocr_line' id='line_1_95' title="bbox 910 2482 1612 2525; baseline 0.004 -11"><span class='ocrx_word' id='word_1_486' title='bbox 910 2482 988 2514; x_wconf 89' lang='lat' dir='ltr'><strong>tius.</strong></span> <span class='ocrx_word' id='word_1_487' title='bbox 1035 2483 1207 2525; x_wconf 84' lang='lat' dir='ltr'><strong>Milonius]</strong></span> <span class='ocrx_word' id='word_1_488' title='bbox 1251 2484 1365 2516; x_wconf 87' lang='lat' dir='ltr'><strong>Homo</strong></span> <span class='ocrx_word' id='word_1_489' title='bbox 1392 2487 1612 2517; x_wconf 84' lang='lat' dir='ltr'><strong>temulentus.</strong></span> 
     </span>
     <span class='ocr_line' id='line_1_96' title="bbox 918 2532 1611 2576; baseline 0.006 -13"><span class='ocrx_word' id='word_1_490' title='bbox 918 2533 959 2564; x_wconf 84' lang='lat' dir='ltr'><strong>Ut</strong></span> <span class='ocrx_word' id='word_1_491' title='bbox 976 2532 1084 2573; x_wconf 86' lang='lat' dir='ltr'><strong>semel]</strong></span> <span class='ocrx_word' id='word_1_492' title='bbox 1107 2533 1350 2575; x_wconf 83' lang='lat' dir='ltr'><strong>Posteaquam.</strong></span> <span class='ocrx_word' id='word_1_493' title='bbox 1395 2534 1479 2576; x_wconf 75' lang='lat' dir='ltr'><strong>Icto]</strong></span> <span class='ocrx_word' id='word_1_494' title='bbox 1495 2534 1611 2576; x_wconf 90' lang='lat' dir='ltr'><strong>Capiti</strong></span> 
     </span>
     <span class='ocr_line' id='line_1_97' title="bbox 910 2582 1609 2625; baseline 0.007 -13"><span class='ocrx_word' id='word_1_495' title='bbox 910 2591 1074 2623; x_wconf 85' lang='lat' dir='ltr'><strong>percusso</strong></span> <span class='ocrx_word' id='word_1_496' title='bbox 1087 2592 1106 2613; x_wconf 92' lang='lat' dir='ltr'><strong>a</strong></span> <span class='ocrx_word' id='word_1_497' title='bbox 1122 2582 1190 2614; x_wconf 90' lang='lat' dir='ltr'><strong>vini</strong></span> <span class='ocrx_word' id='word_1_498' title='bbox 1206 2583 1400 2624; x_wconf 84' lang='lat' dir='ltr'><strong>vaporibus.</strong></span> <span class='ocrx_word' id='word_1_499' title='bbox 1444 2585 1541 2625; x_wconf 84' lang='lat' dir='ltr'><strong>[Vat.</strong></span> <span class='ocrx_word' id='word_1_500' title='bbox 1556 2587 1609 2618; x_wconf 82' lang='grc'><strong>13.</strong></span> 
     </span>
     <span class='ocr_line' id='line_1_98' title="bbox 910 2632 1609 2676; baseline 0.006 -13"><span class='ocrx_word' id='word_1_501' title='bbox 910 2636 945 2664; x_wconf 79' lang='lat' dir='ltr'><strong>ut</strong></span> <span class='ocrx_word' id='word_1_502' title='bbox 961 2632 1063 2664; x_wconf 83' lang='lat' dir='ltr'><strong>simul.</strong></span> <span class='ocrx_word' id='word_1_503' title='bbox 1086 2634 1096 2650; x_wconf 80' lang='lat'><strong>⁴</strong></span> <span class='ocrx_word' id='word_1_504' title='bbox 1109 2632 1164 2663; x_wconf 88' lang='lat' dir='ltr'><strong>Sic</strong></span> <span class='ocrx_word' id='word_1_505' title='bbox 1174 2632 1354 2673; x_wconf 84' lang='lat' dir='ltr'><strong>legendum</strong></span> <span class='ocrx_word' id='word_1_506' title='bbox 1372 2634 1496 2674; x_wconf 87' lang='lat' dir='ltr'><strong>potins,</strong></span> <span class='ocrx_word' id='word_1_507' title='bbox 1509 2645 1609 2676; x_wconf 87' lang='lat' dir='ltr'><strong>quam</strong></span> 
     </span>
     <span class='ocr_line' id='line_1_99' title="bbox 911 2683 1608 2723; baseline 0.003 -9"><span class='ocrx_word' id='word_1_508' title='bbox 911 2683 1002 2723; x_wconf 79' lang='lat' dir='ltr'><strong>vulg.</strong></span> <span class='ocrx_word' id='word_1_509' title='bbox 1030 2686 1067 2714; x_wconf 78' lang='lat' dir='ltr'><strong>ut</strong></span> <span class='ocrx_word' id='word_1_510' title='bbox 1093 2683 1197 2719; x_wconf 71' lang='lat' dir='ltr'><strong>cernel,</strong></span> <span class='ocrx_word' id='word_1_511' title='bbox 1224 2687 1350 2723; x_wconf 74' lang='lat' dir='ltr'><strong>praeter</strong></span> <span class='ocrx_word' id='word_1_512' title='bbox 1374 2684 1443 2715; x_wconf 88' lang='lat' dir='ltr'><strong>Ms.</strong></span> <span class='ocrx_word' id='word_1_513' title='bbox 1465 2684 1608 2716; x_wconf 85' lang='lat' dir='ltr'><strong>suadere</strong></span> 
     </span>
     <span class='ocr_line' id='line_1_100' title="bbox 912 2732 1608 2774; baseline 0.004 -10"><span class='ocrx_word' id='word_1_514' title='bbox 912 2733 1047 2764; x_wconf 80' lang='lat' dir='ltr'><strong>videtur</strong></span> <span class='ocrx_word' id='word_1_515' title='bbox 1060 2733 1252 2774; x_wconf 84' lang='lat' dir='ltr'><strong>Porphyrio</strong></span> <span class='ocrx_word' id='word_1_516' title='bbox 1264 2733 1332 2765; x_wconf 90' lang='lat' dir='ltr'><strong>Ms.</strong></span> <span class='ocrx_word' id='word_1_517' title='bbox 1349 2733 1429 2766; x_wconf 89' lang='lat' dir='ltr'><strong>Vat.</strong></span> <span class='ocrx_word' id='word_1_518' title='bbox 1442 2732 1608 2767; x_wconf 89' lang='lat' dir='ltr'><strong>Ottobon.</strong></span> 
     </span>
     <span class='ocr_line' id='line_1_101' title="bbox 910 2781 1237 2823; baseline 0 -9"><span class='ocrx_word' id='word_1_519' title='bbox 910 2781 1118 2814; x_wconf 80' lang='lat' dir='ltr'><strong>etchisian.&#39;</strong></span> <span class='ocrx_word' id='word_1_520' title='bbox 1141 2782 1237 2823; x_wconf 87' lang='lat' dir='ltr'><strong>Fea.]</strong></span> 
     </span>
    </p>

    <p class='ocr_par' dir='ltr' id='par_1_18' title="bbox 952 2833 1609 2877">
     <span class='ocr_line' id='line_1_102' title="bbox 952 2833 1609 2877; baseline 0.008 -14"><span class='ocrx_word' id='word_1_521' title='bbox 952 2835 992 2864; x_wconf 86' lang='lat'><strong>25</strong></span> <span class='ocrx_word' id='word_1_522' title='bbox 1011 2833 1227 2874; x_wconf 79' lang='lat' dir='ltr'><strong>Numerusque</strong></span> <span class='ocrx_word' id='word_1_523' title='bbox 1241 2833 1390 2876; x_wconf 79' lang='lat' dir='ltr'><strong>lucernis]</strong></span> <span class='ocrx_word' id='word_1_524' title='bbox 1415 2833 1454 2867; x_wconf 86' lang='lat' dir='ltr'><strong>Id</strong></span> <span class='ocrx_word' id='word_1_525' title='bbox 1470 2844 1609 2877; x_wconf 85' lang='lat' dir='ltr'><strong>quomo-</strong></span> 
     </span>
    </p>
   </div>
  </div>
 </body>
</html>
