1930 3204
419 258 528 300 1526

416 364 499 398 tem,
514 359 689 399 rationem,
703 360 781 391 mibi
797 360 1014 405 surripuerat,
1030 369 1096 391 me-

416 417 480 449 que
497 418 516 439 a
531 413 642 439 mente
658 409 800 439 alienum
813 408 951 439 fecerat.
982 409 1096 440 Lubin.

416 456 586 496 Surpuerat
607 457 697 497 mihi]
728 457 960 496 Subripuerat.
1013 458 1096 490 Quae

415 505 574 544 optimam
587 505 649 534 mei
661 509 790 544 partem
803 506 883 536 mihi
896 505 1008 536 furtim
1019 506 1096 537 ade-

415 558 534 584 merat.
565 553 816 594 [interrogandi
832 559 911 586 nota
931 560 1007 595 post
1020 556 1097 587 mihi

415 603 570 634 Bentleio
586 603 755 644 debetur]

453 654 493 682 21
519 652 612 682 Felix
628 656 698 693 post
727 651 896 694 Cynaram]
918 653 999 684 Tam
1023 654 1096 694 pul·

415 701 507 739 clara,
522 705 560 732 ut
575 701 637 732 soli
656 702 797 742 Cynarae
817 702 930 742 cedas,
941 702 1006 742 vel,
1021 707 1096 742 post

415 750 579 789 Cynaram
605 755 767 781 mortuam
783 750 815 781 ei
836 750 981 781 secunda
1004 747 1039 782 es
1061 752 1094 782 in

413 798 669 838 pulchritudine.
717 799 842 829 Artium
857 798 1025 829 Gratarum
1040 799 1094 837 sa.

413 845 487 885 cies]
509 847 593 880 Quae
606 847 720 887 oculis,
731 851 814 878 nutu
830 849 1095 887 superciliorum,

414 895 534 935 capitis
550 896 669 935 gratia,
684 896 850 935 totiusque
867 896 1008 936 deniqne
1024 906 1096 927 cor-

414 944 503 984 poris
521 944 644 983 placet.
690 944 752 975 His
766 944 848 984 fingi
865 945 990 975 artibus
1005 946 1096 984 puel-

413 992 479 1026 lam
494 992 542 1023 ait
559 992 679 1024 Horat.
693 1002 718 1024 ι.
734 993 800 1024 Od.
815 997 848 1024 6.
871 995 905 1024 in
920 1003 1026 1034 eoque
1041 1003 1096 1034 ge-

414 1049 496 1070 nere
524 1045 738 1080 pra-stantem
776 1041 879 1072 fuisse
914 1043 1096 1082 Sulpiciam

411 1086 581 1127 significat
601 1088 763 1127 Tibullus,
779 1090 1004 1121 mellitissimis
1026 1100 1098 1122 ver-

414 1135 526 1166 sibus:
550 1136 560 1153 ‘
575 1136 670 1167 Illam
687 1137 842 1178 quicquid
865 1139 947 1179 agit,
965 1149 1098 1181 quoquo

413 1185 556 1224 vestigia
572 1184 685 1224 vertit,
703 1187 880 1227 Componit
893 1188 1008 1220 furtim
1021 1190 1096 1221 sub-

413 1234 624 1275 sequiturque
634 1234 758 1266 decor.’
778 1236 864 1268 Haec
877 1237 1032 1277 praesidia
1042 1238 1099 1270 ubi

412 1281 530 1314 sormae
567 1284 782 1322 accesserint,
818 1290 938 1325 regnat.
976 1287 1097 1319 Venus.

412 1331 495 1362 Tum
518 1331 580 1362 hoc
595 1332 809 1371 monendum,
823 1334 910 1373 quod
927 1334 1050 1374 Cynam
1065 1336 1097 1367 in

413 1379 565 1410 omnibus
581 1389 678 1420 paene
694 1381 941 1420 exemplaribus
956 1391 1016 1421 per
1029 1383 1097 1414 iota

411 1427 589 1460 scribitur:
613 1434 648 1459 et
672 1429 824 1469 delapsam
851 1439 911 1469 pro
939 1432 1097 1470 dilapsam.

414 1477 513 1510 Quod
538 1477 698 1508 Lambino
717 1486 782 1508 non
805 1477 927 1518 placet.
973 1480 1098 1511 Lector

407 1527 552 1567 judicet.
582 1529 721 1559 Tor-rent.

453 1579 494 1607 22
518 1577 642 1617 Facies]
664 1577 781 1608 Facies
807 1577 987 1608 artificioso
1003 1579 1096 1610 cultu

412 1629 542 1662 ornata,
555 1625 622 1662 vei,
636 1624 740 1656 facies
755 1625 922 1656 instructa
933 1626 971 1656 iis
987 1627 1096 1662 rebus,

412 1681 486 1712 quae
513 1681 658 1703 amorem
680 1673 794 1703 valent
817 1674 967 1713 allicere,
990 1675 1098 1714 cujus-

411 1719 501 1751 modi
517 1725 593 1751 sunt
609 1721 779 1751 oculorum
794 1721 964 1761 splendor,
977 1720 1098 1754 frontis

412 1770 528 1809 laevor,
554 1769 664 1800 vultus
687 1770 811 1810 hilaris,
831 1770 997 1801 labrorum
1012 1771 1098 1802 nati-

412 1827 471 1848 vus
497 1817 610 1858 rubor,
626 1827 783 1858 genarum
806 1819 934 1850 candor
957 1820 1099 1860 puniceo

412 1867 525 1898 colore
549 1871 768 1907 temperatus,
789 1868 925 1899 cervicis
949 1868 1098 1900 volubili·

412 1923 477 1957 tas,
487 1923 521 1949 et
530 1918 658 1949 similia.
672 1918 905 1958 [Marklandus
914 1928 969 1959 ap.
977 1919 999 1951 J
1002 1919 1098 1950 aeck:

412 1971 552 2007 notaque,
565 1970 595 1998 et
606 1967 720 1998 artium
737 1967 907 1998 Graiarum
917 1978 928 1999 .-
940 1968 1033 2006 facili
1044 1969 1098 1998 sed

417 2015 569 2054 Cineres-J

453 2065 494 2093 23
521 2063 600 2094 Fata
627 2062 788 2102 dederunt]
820 2063 886 2094 Sed
914 2063 996 2101 fata,
1022 2073 1096 2103 quae

413 2114 588 2141 servatura
626 2116 704 2142 sunt
742 2112 855 2151 Lycen
893 2111 1096 2150 temporibus

412 2161 552 2192 cornicis
577 2170 703 2201 parem,
721 2160 889 2192 dederunt
905 2161 1022 2192 breves
1040 2171 1096 2192 an-

410 2218 471 2240 nos
488 2209 641 2248 Cynarae,
659 2209 719 2240 tibi
735 2214 845 2240 autem
858 2209 1023 2240 dederunt
1039 2219 1096 2241 an-

410 2267 470 2288 nos
496 2258 629 2295 multos,
661 2262 698 2289 ut
725 2258 902 2298 juvenibus
924 2259 984 2290 fias
1010 2259 1095 2290 ludi-

412 2308 495 2338 brio.

453 2360 493 2388 24
517 2356 688 2388 Servatum
703 2356 757 2387 diu
766 2356 887 2397 parem]
913 2358 1007 2391 Dicit
1022 2367 1094 2390 eam

411 2403 557 2435 futuram
575 2413 702 2444 parem,
719 2404 788 2436 sive
809 2403 963 2436 effectum
979 2406 1019 2437 iri
1037 2416 1094 2447 pa-

411 2462 492 2484 rem.
527 2453 590 2483 Vel
605 2458 777 2484 servatura
793 2453 899 2485 donec
915 2453 1036 2487 effecta
1050 2455 1095 2487 sit

411 2511 484 2543 par.

450 2554 490 2582 25
519 2551 638 2582 Vetula·
651 2551 850 2592 temporibus]
875 2552 998 2584 Cornix
1013 2552 1094 2585 dici·

412 2604 467 2630 tur
482 2604 616 2631 centum
641 2608 743 2631 annos
765 2600 896 2632 vivere:
919 2601 996 2633 hinc
1011 2603 1021 2621 ⁴
1037 2611 1093 2633 an·

410 2657 491 2678 nosa
507 2648 647 2685 cornix‚'
662 2657 718 2679 ιιι.
735 2648 869 2680 0d.17.

452 2698 493 2725 26
508 2696 648 2736 Fer-vidi]
664 2697 812 2729 Juvenes
826 2698 874 2728 tui
889 2707 1000 2730 amore
1014 2699 1092 2731 olim

409 2744 547 2775 incensi.
560 2745 704 2784 [Possint
715 2746 893 2787 Bamberg.
907 2751 939 2778 et
949 2747 1094 2780 Schoen-

869 269 1006 300 No‘rAE
1038 269 1296 303 vAmoRUM
1329 273 1377 302 IN

1146 361 1239 394 born.
1256 362 1304 402 2.]

1186 413 1227 442 28
1250 411 1411 451 Dilapsam
1437 411 1471 443 in
1495 411 1608 444 cineres
1627 412 1756 456 sacient]
1775 417 1823 450 Ut

1147 463 1180 491 te
1205 463 1361 500 tanquam
1387 459 1496 492 facem
1523 469 1764 503 consumptam,
1789 466 1823 497 id

1146 512 1209 548 est,
1234 509 1510 549 pulchritudinem
1537 514 1626 542 tuam
1655 513 1734 543 olim
1755 515 1824 546 exi-

1146 557 1255 598 miam,
1269 566 1357 588 nunc
1374 566 1501 588 versam
1517 557 1551 589 in
1563 558 1824 601 deformitatem,

1139 606 1282 646 juvenes
1299 612 1436 647 possent
1450 608 1568 640 visere.

1147 654 1228 686 01)ss
1245 663 1321 687 xlv.
1342 657 1595 695 Ἐ’γκωμιαστικῇ.
1623 657 1678 689 ΑΒ
1689 658 1825 691 Ausus·

1185 711 1274 735 Tum.
1307 703 1336 735 A
1350 705 1486 740 Senatu.
1502 706 1690 748 populoque
1705 708 1824 740 Romn-

1187 761 1241 791 no,
1269 753 1410 785 bonores
1436 754 1589 795 Augusto
1619 755 1720 787 tribui
1755 765 1824 787 nou

1186 806 1334 842 possunt,
1357 803 1411 843 qui
1438 803 1579 834 virtutes
1595 803 1668 843 ejus
1690 813 1825 844 aequare

1187 850 1328 882 valeant.
1378 851 1516 891 [Laudes
1550 852 1687 891 Augusti
1727 853 1824 884 Bam-

1188 897 1297 937 berg]

1190 946 1205 974 1
1231 945 1309 980 Quoe
1334 955 1407 977 eum
1431 947 1568 987 patrum]
1589 949 1672 980 Cum
1701 953 1825 990 ‘popu-

1146 991 1234 1024 lum’
1256 993 1408 1030 dicimus,
1435 998 1507 1025 tota
1532 995 1629 1026 unius
1661 996 1827 1036 ejusdem-

1146 1050 1210 1081 que
1240 1046 1346 1073 coetus
1375 1042 1576 1074 universitas
1604 1043 1826 1084 intelligitur:

1147 1099 1222 1122 cum
1246 1091 1256 1108 ‘
1271 1092 1403 1132 patres:
1425 1092 1570 1124 Senatus
1586 1096 1714 1123 tautum
1728 1102 1737 1124 :
1752 1102 1826 1124 cum

1147 1138 1158 1157 ‘
1171 1139 1329 1179 plebem,'
1351 1140 1466 1172 caeteri
1483 1141 1573 1172 cives
1588 1140 1714 1182 absque
1729 1141 1830 1172 Sena·

1147 1188 1287 1219 toribus.
1330 1189 1418 1228 Ergo
1434 1192 1468 1221 et
1482 1189 1642 1221 Horatius
1651 1193 1774 1230 patrum
1787 1199 1827 1220 ac

1149 1237 1304 1272 Quiritum
1319 1239 1448 1269 nomine
1463 1247 1576 1270 omnes
1593 1238 1726 1270 ordines
1741 1247 1830 1270 com-

1145 1287 1264 1327 plexus
1280 1291 1352 1318 est:
1376 1297 1459 1328 quos
1472 1297 1547 1319 cum
1563 1287 1595 1318 in
1611 1287 1759 1318 ornando
1769 1297 1828 1328 pa-

1146 1336 1229 1367 riter
1245 1336 1395 1376 Augusto
1411 1346 1539 1368 summo
1558 1337 1671 1368 studio
1685 1345 1827 1376 occupa·

1146 1387 1197 1415 tos
1222 1390 1389 1424 cerneret,
1416 1386 1578 1424 praeclare
1601 1384 1776 1416 admodum
1792 1389 1826 1416 et

1145 1442 1187 1463 ex
1204 1432 1348 1472 abrupto
1363 1433 1396 1464 in
1419 1433 1490 1464 liaec
1514 1433 1616 1464 verba
1628 1433 1827 1473 prorumpit,

1146 1481 1224 1515 Quae
1251 1491 1335 1519 cura,
1362 1483 1415 1521 qv.
1451 1481 1654 1512 concludens
1683 1481 1826 1521 Augusti

1144 1529 1259 1560 laudes
1273 1530 1363 1561 nullo
1380 1539 1523 1569 unquam
1539 1529 1647 1561 studio
1659 1530 1826 1561 homiuum

1144 1577 1274 1617 impleri
1287 1587 1394 1618 posse.
1421 1579 1559 1611 Torrent.
1603 1578 1746 1619 Petrum]
1767 1579 1825 1610 Se-

1145 1630 1311 1657 natorum.
1357 1626 1543 1666 Quiritium]
1567 1627 1688 1668 Populi
1703 1627 1826 1659 Roma-

1146 1684 1189 1704 m.

1186 1724 1206 1752 2
1231 1721 1336 1753 Plem's
1365 1723 1510 1753 honorum
1533 1722 1719 1763 muneribus]
1739 1723 1833 1757 Quae'

1147 1770 1312 1801 cumulate
1333 1775 1369 1801 et
1395 1771 1435 1801 ad
1454 1771 1601 1811 plenum,
1624 1776 1660 1802 ut
1681 1771 1761 1802 alibi
1781 1773 1828 1803 lo-

1147 1819 1272 1860 quitur,
1310 1819 1467 1850 virtutem
1497 1819 1620 1851 honore
1647 1829 1689 1852 ac
1726 1821 1829 1861 gloria

1146 1872 1375 1908 compensent.
1391 1869 1625 1900 Percontando
1637 1869 1828 1911 igitunquae

1146 1917 1260 1957 populi
1285 1917 1423 1948 Romani
1440 1926 1522 1948 cura
1543 1917 1585 1948 ad
1600 1918 1661 1949 hoc
1675 1917 1828 1950 sufficere

1146 1965 1262 2004 possit,
1279 1965 1416 2005 perinde
1432 1965 1525 2006 facit,
1541 1975 1581 1998 ac
1596 1967 1624 1997 si
1638 1966 1710 1998 fieri
1727 1977 1826 2008 posse

1145 2018 1266 2053 neget:
1290 2023 1415 2045 summa
1440 2015 1526 2046 enim
1545 2019 1581 2046 et
1595 2015 1749 2054 perfecta
1763 2017 1827 2046 vir-

1146 2066 1199 2092 tus
1215 2062 1360 2102 (qualem
1384 2062 1535 2102 Augusto
1559 2062 1692 2103 tribuit)
1705 2063 1825 2094 divinae

1144 2110 1269 2146 similis,
1285 2110 1424 2141 humana
1439 2111 1548 2141 onmia
1573 2111 1708 2150 praemia
1727 2121 1825 2143 exce·

1144 2158 1206 2189 dit.
1241 2159 1379 2190 Tor-rent.
1426 2159 1622 2199 Muneribus]
1645 2160 1771 2192 statuis
1791 2166 1826 2193 et

1143 2207 1374 2238 monumentis.

1185 2259 1204 2288 4
1228 2257 1292 2287 Per
1320 2258 1437 2298 titulos]
1468 2259 1536 2290 Per
1562 2260 1676 2291 titulos
1704 2262 1824 2292 statuis

1144 2305 1336 2346 inscriptos,
1366 2312 1401 2337 et
1426 2306 1526 2339 fastos
1551 2308 1608 2349 qni
1634 2310 1825 2343 memoriam

1144 2364 1303 2386 annorum
1329 2365 1505 2397 rerumque
1531 2362 1696 2397 gestarum
1720 2359 1825 2390 conti-

1143 2409 1237 2436 nent.

1185 2458 1203 2484 5
1227 2453 1383 2494 AEeernet]
1408 2453 1519 2485 Possit
1535 2454 1673 2487 virtutes
1693 2459 1767 2487 tuas
1781 2466 1824 2488 ω-

1143 2506 1256 2534 ternas
1287 2503 1438 2535 reddere.
1483 2505 1512 2534 0
1541 2514 1599 2544 qua
1628 2505 1698 2546 Sol]
1729 2506 1824 2538 Ordo

1142 2556 1214 2583 est:
1239 2552 1270 2583 Ο
1287 2553 1428 2583 maxime
1456 2552 1656 2593 principum,
1674 2555 1730 2595 qui
1756 2559 1823 2586 ter-

1142 2611 1212 2633 ram
1227 2602 1388 2637 incolunt,
1402 2611 1467 2642 qua
1483 2607 1579 2642 parte
1601 2603 1657 2634 Sol
1681 2604 1823 2635 illustrat

1143 2660 1218 2681 oras
1255 2650 1367 2681 mundi
1395 2650 1608 2687 habitabiles,
1644 2652 1678 2683 id
1709 2657 1772 2690 est,
1800 2661 1820 2682 o

1142 2700 1306 2740 Princeps
1319 2699 1459 2730 maxime
1475 2700 1617 2730 omniurn
1628 2700 1683 2740 qui
1698 2699 1820 2740 ubique

1141 2753 1230 2781 suut.
1277 2749 1375 2789 Oqua
1401 2748 1470 2788 Sol]
1493 2747 1699 2781 Exclamatio
1715 2756 1819 2788 parae-
