1930 3204
494 305 702 336 noum-11
734 303 1013 337 sannionum
1052 306 1145 338 ma.
1176 306 1208 336 1.
1239 295 1282 338 2.

161 396 222 430 irae
244 407 314 431 suoe
337 396 531 438 indulsisse,
552 397 666 430 fraudi
686 406 751 428 nou
767 395 858 428 fuit!

164 447 307 480 Tem-ent.
330 448 502 480 Proeeam
514 447 612 488 recte]
627 447 694 480 Qui
711 455 776 477 non
789 446 860 477 vul-

160 498 204 527 tis
221 497 360 528 moecliis
375 507 436 529 sua
456 495 586 539 flagitia
599 506 642 528 ex
659 495 762 528 animi
782 504 860 527 sen-

161 548 272 579 tentia
286 547 485 580 succedere.

203 599 247 628 ⁸8
273 597 319 628 Ut
352 597 436 628 omni
469 599 559 638 purte
589 595 742 637 laborent]
781 597 859 629 Quo

159 651 264 686 pacto
279 646 314 677 in
331 646 422 677 omni
446 655 481 677 re
504 644 691 687 periculum
718 645 783 677 illis
798 646 858 677 im-

158 695 300 727 mineat.

202 745 262 786 [3⁹
285 745 442 777 vallicel.
457 748 489 777 3.
502 748 644 785 cmepta
653 745 785 786 dolorm]

201 796 245 828 40
266 795 370 836 Atque
383 795 450 826 haec
463 804 552 834 rara,
571 795 664 826 cadat
680 796 759 826 dura
774 796 859 827 inter

156 853 238 884 sepe
262 844 398 886 pericla]
452 844 567 886 thue
595 845 668 876 haec
699 845 858 887 voluptas

155 901 235 925 rara
249 893 399 934 eveniat,
413 896 479 926 &c-

198 945 239 974 41
263 943 332 975 Hic
362 954 396 976 se
420 945 616 985 precipitem
645 948 725 976 tecto
757 945 859 986 dedit]

154 989 184 1023 A
204 996 300 1025 tecto
314 1003 351 1024 se
366 994 613 1035 praecipitavit,
625 1000 664 1026 ut
676 996 858 1036 insequen-

157 1048 210 1076 tes
226 1043 407 1085 effugeret.
452 1046 512 1078 Ille
533 1047 691 1088 flagellis]
716 1048 858 1089 Crispus

154 1093 336 1127 Sallustius
351 1095 387 1126 in
403 1096 539 1128 Faustae
554 1097 723 1129 adulterio
736 1098 858 1140 depre-

155 1143 293 1176 bensus.

196 1196 240 1226 43
263 1195 331 1227 Pro
344 1205 470 1237 corpore
483 1195 638 1236 nummos]
663 1197 716 1229 Ne
728 1203 858 1230 castra-

154 1247 260 1276 retur.

196 1295 240 1325 44
263 1293 361 1326 Hunc
372 1295 625 1335 perminxerunt,
639 1296 712 1338 ⁸5⁶0]
741 1296 858 1338 Valet,

154 1343 234 1375 huic
249 1344 451 1384 pudicitiam
468 1345 688 1385 eripuerunt3
717 1350 756 1377 ut
770 1350 806 1377 et
821 1346 857 1378 in

154 1393 295 1434 Ectogae
322 1395 487 1435 clausula,
521 1394 531 1411 ‘
544 1395 600 1427 Ne
615 1395 740 1426 nummi
757 1405 856 1436 pere-

153 1448 212 1475 ant
235 1449 294 1476 aut
316 1445 431 1485 pyga,'
453 1444 487 1475 id
513 1449 581 1484 est,
603 1453 646 1475 ne
668 1449 855 1486 stupretur.

110 1515 122 1518 --
151 1493 258 1525 Turn.
275 1502 315 1525 n.
330 1497 384 1526 23.
409 1494 557 1525 Pulmon-
589 1494 854 1536 Per-minxerunt]

151 1543 360 1577 Pudicitiam
377 1545 408 1576 ei
425 1545 637 1586 eripuerunt.
670 1545 855 1585 Raphanis-

149 1603 241 1626 mum
261 1593 408 1627 fortasse
425 1594 607 1634 intelligit3
634 1593 677 1626 de
694 1604 760 1636 quo
776 1594 854 1625 vide

152 1642 272 1675 Aristo
298 1644 332 1676 b.
348 1644 382 1676 in
397 1644 555 1676 Nebulis.

192 1695 235 1726 46
289 1695 459 1734 nudamque
492 1692 640 1733 salacem]
685 1694 733 1725 Ut
764 1693 854 1726 ferro

152 1743 338 1775 mentulam
355 1742 610 1774 abscinderent.

193 1796 236 1825 46
261 1793 440 1824 Demeter-et
459 1792 601 1832 serrum]
627 1792 719 1823 Libri
748 1794 854 1824 nostri

152 1850 268 1874 omnes
295 1846 471 1883 receptam
501 1841 545 1872 ad
568 1841 723 1873 Lambini
749 1852 854 1884 usque

151 1895 311 1932 tempora
333 1891 513 1922 lectionem
538 1895 698 1923 servant:
728 1893 772 1924 Ut
787 1893 855 1932 qui·

151 1942 223 1972 dam
238 1940 347 1972 caeeis
358 1942 547 1981 caudamque
560 1943 692 1973 salacem
711 1942 854 1974 Demete-

150 1989 311 2027 κείατο.
332 1990 492 2022 Torreat.
534 1991 617 2021 Jure
628 1990 746 2032 omnes]
771 1991 855 2024 Om-

151 2049 213 2071 nes
243 2040 325 2081 jure
353 2039 480 2072 factum
511 2040 546 2072 id
576 2051 652 2073 esse
678 2042 852 2075 dicebant.

154 2090 260 2121 Galba
287 2089 436 2130 negabat]
470 2090 635 2122 Eumdem
665 2092 752 2123 lmnc
778 2102 853 2124 esse

150 2140 298 2172 Galbam
322 2141 493 2176 existimo,
514 2139 558 2172 de
581 2150 650 2182 quo
674 2141 851 2173 Plutarch.

149 2188 318 2229 Ἐρωτικῷ
363 2189 431 2221 Hic
459 2189 547 2220 enim
581 2189 682 2222 homo
719 2190 851 2224 facetus

148 2238 380 2280 (γιλιησωιὸν
394 2243 494 2271 voest
506 2237 620 2280 Plut.)
630 2248 707 2271 cum
722 2239 850 2272 Maece-

147 2292 264 2321 nutem
274 2288 432 2320 convivio
445 2288 654 2330 excepisset,
665 2293 767 2332 atque
779 2290 850 2322 ani·

147 2338 379 2370 madverteret
395 2347 532 2370 uxorem
548 2338 590 2370 ab
602 2347 644 2369 eo
654 2338 762 2379 diligi,
776 2348 850 2370 sen-

149 2389 212 2420 sim
228 2388 395 2420 inclinans
411 2392 530 2428 caput,
544 2387 692 2419 dormire
703 2397 740 2419 se
751 2388 850 2419 simu·

148 2438 254 2470 labat.
297 2437 345 2469 At
362 2446 460 2468 servo
476 2438 636 2478 quopiam
650 2437 765 2469 vinum
782 2438 850 2469 suf-

149 2487 298 2523 furante,
327 2487 375 2518 ibi
397 2487 471 2527 jam
492 2486 586 2527 vigil,
609 2491 714 2528 atque
735 2488 850 2520 oculos

150 2541 288 2579 apertos
299 2545 434 2578 gerens,
446 2536 457 2554 ⁸
471 2535 503 2567 0
514 2537 633 2567 miser’
648 2537 771 2578 inquit,
785 2538 795 2556 ‘
807 2546 849 2568 an

151 2587 265 2620 nescis
286 2596 342 2619 me
365 2587 428 2619 soli
451 2586 598 2619 dormire
624 2586 850 2620 Maecenati?'

150 2637 309 2679 Proprie
338 2646 422 2678 ergo
451 2637 566 2669 uxoris
595 2637 674 2670 leno
703 2638 850 2671 moechos

150 2689 278 2721 merito
292 2687 479 2720 excusabat
491 2697 503 2728 ;
517 2688 552 2720 in
567 2697 636 2730 qno
650 2689 757 2721 multo
773 2690 850 2731 plus

150 2739 229 2771 salis
243 2738 312 2771 erit
326 2747 427 2780 quam
448 2739 476 2770 si
496 2738 538 2770 ad
561 2738 850 2772 Jnrisconsultum

151 2790 298 2831 aliquem
314 2788 512 2830 referamus,
531 2788 593 2820 nisi
613 2788 702 2821 idem
717 2792 753 2821 et
770 2799 848 2822 moe-

151 2839 233 2872 clius
259 2838 383 2870 fuerit:
410 2838 485 2871 aliis
513 2839 564 2871 sui
593 2840 758 2874 similibus
780 2849 847 2872 non

236 2892 351 2934 Delph.
366 2896 397 2924 et
418 2892 493 2926 Vur.
512 2893 595 2924 Clas.

809 2893 929 2926 Horat.

1500 298 1612 342 1601

910 397 1020 429 minus
1038 407 1138 439 qnam
1151 398 1218 440 ipsi
1234 397 1298 430 sibi
1316 397 1510 439 indulgens.
1539 403 1614 434 Tor.

908 453 990 479 rent.
1034 447 1140 479 Galba
1147 447 1297 489 negabat]
1312 447 1426 480 Galba
1437 448 1612 483 Juriscon-

908 496 1014 527 sultus
1029 501 1066 528 et
1081 497 1170 528 idem
1187 498 1324 528 adulter
1339 498 1500 537 negabat.

949 548 991 577 47
1017 547 1124 578 Classe
1159 548 1292 578 secunda
1306 547 1322 579 !
1361 547 1610 591 Libertinarum]

908 596 1038 636 Lepide
1065 596 1153 628 hanc
1181 596 1385 628 feminarum
1414 598 1549 631 turbam
1576 600 1612 632 in

907 649 1030 680 classes
1045 649 1182 689 dividit,
1205 650 1295 681 sicut
1320 653 1357 681 et
1378 650 1485 681 Mart.
1501 651 1560 683 lib.
1578 661 1612 683 v.

906 697 984 730 Jam
1015 708 1096 730 vero
1125 698 1215 740 quod
1243 699 1453 731 ‘tutiorem'
1483 700 1517 731 in
1547 700 1612 733 hac

907 748 1016 779 classe
1045 748 1234 780 ‘mercem'
1267 748 1365 784 dicit,
1394 749 1428 780 id
1458 750 1613 790 apertius

908 797 988 836 erit,
999 797 1026 828 si
1037 797 1266 829 Romanorum
1278 799 1372 838 leges
1386 799 1614 832 consulamus.

909 846 980 878 Lex
1010 847 1104 880 Julia
1130 847 1232 883 enim,
1271 847 1362 879 unde
1401 849 1614 889 praecipuum

909 897 1048 928 moecliis
1073 897 1260 937 periculum
1290 897 1489 938 creabatur,
1520 898 1616 939 inge·

908 954 990 977 nun
1024 951 1168 987 tantum,
1205 957 1282 989 quae
1320 957 1432 990 neque
1466 958 1612 989 corpore

908 1001 1075 1037 quaestum
1093 995 1251 1038 fecerint,
1271 1007 1383 1039 neque
1401 1002 1509 1030 artem
1526 998 1615 1030 ludi-

908 1055 1002 1078 cram
1019 1052 1078 1078 aut
1090 1047 1296 1079 lenocinium
1305 1049 1538 1088 exercuerint,
1554 1057 1614 1080 ne-

907 1106 973 1137 que
1005 1097 1038 1127 in
1069 1106 1204 1128 scenam
1240 1107 1379 1137 operam
1412 1097 1613 1138 locaverint,

908 1146 1162 1187 complectitur.
1206 1147 1289 1178 Istae
1312 1157 1394 1179 vero
1418 1151 1455 1178 ut
1478 1148 1511 1179 in
1534 1157 1614 1180 con-

908 1196 1069 1228 cubinatu
1097 1197 1216 1229 haberi
1246 1198 1320 1229 sine
1343 1202 1436 1230 metu
1460 1199 1612 1231 criminis

908 1250 1062 1286 possunt,
1078 1247 1126 1278 ila
1142 1252 1298 1288 stuprum
1316 1247 1349 1278 in
1365 1257 1424 1278 eas
1441 1257 1506 1279 non
1519 1258 1613 1280 com-

908 1295 1077 1328 mittitur:
1103 1297 1261 1337 probrum
1283 1297 1372 1328 enim
1390 1299 1496 1339 magis
1512 1309 1611 1340 quam

909 1351 1066 1386 stuprum
1083 1351 1151 1386 est;
1177 1348 1267 1379 sicut
1284 1352 1320 1378 et
1336 1348 1370 1378 in
1389 1348 1541 1389 libertas,
1553 1358 1613 1380 ex-

907 1401 1010 1436 cepta
1027 1400 1140 1427 tamen
1158 1406 1199 1427 ea
1217 1406 1292 1438 quae
1322 1397 1355 1426 in
1380 1398 1513 1436 patroni
1530 1407 1612 1429 con-

907 1444 1088 1476 cubinatu:
1129 1455 1206 1478 nam
1245 1447 1383 1486 patroni
1420 1447 1614 1479 concubina

906 1496 1062 1536 quoniam
1079 1495 1181 1528 officii
1197 1506 1317 1527 caussa
1331 1502 1528 1535 excusatur,
1541 1507 1611 1530 rna-

907 1549 1014 1576 tronae
1032 1554 1155 1577 nomen
1180 1555 1245 1577 non
1274 1546 1417 1586 amittit,
1441 1552 1477 1578 et
1492 1549 1610 1579 matris

904 1592 1050 1625 familias
1086 1595 1299 1628 honestatem
1330 1597 1466 1628 retinet.
1511 1598 1610 1630 Simi-

905 1643 983 1675 liter
999 1649 1034 1676 et
1048 1644 1138 1685 quod
1154 1644 1187 1675 in
1200 1646 1359 1676 ancillam
1373 1647 1611 1687 committitur,

903 1698 1002 1725 extra
1027 1703 1160 1734 pennam
1183 1695 1268 1735 legis
1290 1695 1394 1727 Juliae
1418 1701 1483 1727 est.
1529 1698 1609 1728 Vid.

903 1742 1053 1773 Turneb.
1066 1751 1170 1774 xxix.
1183 1745 1236 1774 31.
1257 1744 1400 1775 Tor-rent.
1445 1744 1611 1777 Secunda!

905 1793 1155 1833 Liber-tinorum]
1188 1794 1271 1825 Tres
1288 1799 1386 1825 erant
1399 1795 1528 1827 classes
1542 1805 1611 1827 me-

906 1841 1080 1881 retricum,
1108 1845 1137 1874 l.
1162 1846 1404 1875 matronarum.
1426 1848 1458 1876 2.
1479 1836 1611 1878 liberti-

905 1901 1036 1923 narum.
1050 1895 1082 1923 3.
1100 1892 1309 1924 ancillarum.

946 1943 988 1972 48
1013 1942 1200 1982 Sallustius]
1237 1942 1306 1974 Hic
1329 1953 1465 1985 quoque
1490 1950 1608 1977 errant

904 2001 980 2023 meo
996 1992 1129 2032 judicio
1154 1993 1376 2034 interpretes,
1400 1995 1455 2035 qui
1480 1995 1608 2027 Sallus·

904 2041 987 2072 tium
1004 2042 1201 2073 historicum
1218 2043 1330 2073 notari
1349 2048 1473 2083 putent
1488 2055 1498 2083 ;
1529 2055 1607 2077 nam

902 2095 939 2123 et
970 2097 1162 2132 temporum
1189 2092 1276 2123 ratio
1300 2098 1483 2133 repugnat,
1507 2099 1546 2125 ut
1572 2095 1606 2126 in

901 2141 1002 2173 simili
1019 2150 1136 2173 errore
1151 2141 1298 2173 diximus
1314 2151 1353 2173 11.
1371 2142 1441 2173 Od.
1456 2145 1508 2174 11.
1538 2142 1609 2176 Au-

902 2200 941 2222 us
971 2200 1053 2231 ergo
1083 2191 1265 2223 Sallustius
1300 2191 1505 2233 quaerendus
1541 2198 1607 2226 est.

902 2241 1043 2273 Tor-rent.
1089 2241 1130 2273 In
1145 2241 1236 2283 quas]
1258 2242 1299 2274 In
1317 2252 1400 2284 quas
1417 2243 1607 2277 libertinas.

942 2293 986 2322 49
1008 2290 1204 2331 Moeclmtur]
1232 2291 1344 2325 Quam
1361 2293 1417 2333 qui
1435 2298 1606 2325 matronas

901 2339 1086 2372 adulterat.
1131 2341 1177 2372 At
1198 2341 1249 2372 laic
1267 2340 1314 2381 si]
1351 2341 1403 2374 Ac
1425 2343 1605 2374 Sallustius

902 2390 928 2420 si
944 2389 1049 2420 vellet
1062 2389 1169 2428 bonus
1186 2399 1273 2422 esse.
1316 2391 1414 2431 [Vat.
1431 2394 1463 2423 l.
1479 2396 1512 2423 et
1526 2393 1604 2432 him]

943 2441 986 2468 50
1010 2439 1082 2474 Qua
1096 2438 1162 2478 res]
1198 2440 1269 2474 Qua
1289 2440 1324 2471 in
1347 2440 1510 2472 'ronsano
1525 2442 1604 2474 cod.

901 2487 936 2520 id
960 2491 1026 2528 est,
1047 2493 1228 2529 quatenus.
1271 2490 1314 2521 In
1341 2490 1453 2528 Divae,
1475 2501 1546 2531 qua,
1568 2491 1603 2523 id

901 2541 967 2578 est,
983 2538 1016 2569 in
1033 2542 1208 2579 quantum.
1253 2538 1343 2570 Vide
1365 2549 1445 2570 num
1465 2549 1526 2579 qua
1541 2549 1604 2581 per

901 2588 1132 2630 pleonasmnm
1155 2587 1346 2619 redundet:
1371 2588 1460 2619 sicut
1483 2589 1519 2620 in
1544 2590 1603 2621 illo

900 2638 997 2679 Virg.
1016 2639 1025 2655 ‘
1039 2637 1095 2669 Ne
1107 2646 1175 2679 qna
1185 2637 1273 2669 scire
1286 2637 1408 2678 dolos,'
1420 2640 1485 2671 &c.
1503 2639 1601 2681 (ἔνιαι.

903 2688 975 2725 Qua
989 2688 1055 2729 res]
1078 2687 1114 2719 Si
1131 2695 1198 2729 quo
1213 2687 1314 2719 modo
1331 2696 1396 2728 res,
1417 2698 1485 2730 quo
1501 2690 1600 2722 modo

899 2739 989 2770 ratio
1005 2738 1179 2770 suaderet.
1235 2737 1364 2778 Quaque
1379 2739 1529 2782 modeste]
1553 2740 1600 2772 Et

898 2794 1063 2832 quatenus
1088 2789 1169 2821 licet
1191 2787 1221 2819 ei
1242 2797 1318 2819 esse
1341 2788 1514 2831 munifico,
1530 2800 1596 2823 non

898 2839 1050 2881 profuse.
1067 2839 1127 2872 sed
1140 2838 1340 2871 liberaliter.

1451 2898 1469 2925 5
1494 2894 1511 2926 1
