1904 3216
513 298 722 329 HoRA'rn
757 298 1032 330 SERMONUM
1070 299 1162 330 ms.
1196 300 1226 331 1.
1256 289 1296 330 9.

176 391 330 423 Bolanum
343 390 496 432 ὀξύχολον
510 391 614 424 fuisse
629 392 745 423 volunt
760 392 872 423 Inter-

175 445 303 480 metes,
318 441 529 478 iracundum,
544 445 712 482 apertum,
726 441 783 482 qni
799 442 872 472 nul-

175 492 225 523 las
237 491 345 524 ferret
357 492 548 532 molestias3
564 496 600 523 et
611 491 638 522 si
653 491 687 522 in
700 490 871 532 garrulum

175 541 518 584 aliquemincidisset,
525 541 733 574 occasionem
742 546 871 574 extem-

174 592 232 630 plo
245 591 462 634 abrumpens,
477 592 661 623 molestiam
678 596 870 626 excuteret.

174 641 645 683 Horatinsverqusmquam
655 646 690 671 et
702 640 774 681 ipse
787 641 870 673 iras·

175 691 207 723 ei
220 690 344 731 facilis,
357 692 464 732 magis
482 695 592 722 tamen
609 699 682 721 sese
699 691 867 722 hominum

173 741 322 774 moribus
337 739 624 780 accommodabat,
641 744 762 771 natura
775 750 870 772 vere·

172 792 323 824 cundier.
366 792 502 824 Felicem
516 792 621 833 igitur
634 793 752 824 cerebra*
770 798 870 826 vocat

172 842 339 877 Bolanum,
365 842 431 878 oui,
460 843 562 886 quod·
578 842 780 874 cerebrosus
813 844 868 882 sit,

171 895 242 922 tam
258 890 406 923 feliciter
420 891 533 932 cedat,
555 896 592 923 ut
619 898 640 923 ει·
662 893 805 931 garrulis
830 894 870 924 li-

170 939 322 972 beretur.
360 941 417 973 Ita
430 941 607 973 Turnebus
624 950 685 974 xv.
701 945 753 974 17.
785 943 868 975 Cru-

170 989 269 1030 quius
281 989 416 1022 felicem
430 991 561 1022 cerebri
575 992 641 1023 dici
658 992 781 1032 credit,
795 996 870 1035 βρα·

131 1030 137 1037 ”
172 1038 320 1080 δύχολον,
343 1042 384 1072 ad
403 1040 484 1072 iram
505 1043 641 1078 tardum,
665 1043 868 1076 tolerantem

171 1091 411 1132 loquacitatis:
434 1091 498 1123 hoc
513 1092 600 1123 enim
617 1098 670 1124 est
686 1091 785 1125 fortis
800 1095 870 1126 ani-

173 1140 220 1172 mi
243 1145 280 1172 et
306 1140 462 1177 modesti,
492 1141 662 1182 patienter
691 1142 808 1175 audire
834 1149 870 1176 et

174 1201 238 1232 pro
254 1197 409 1234 tempore
424 1193 644 1227 dissimulare.
661 1196 755 1236 Cruq.
791 1196 871 1229 vid.

172 1242 325 1275 Turneb.
341 1252 404 1276 xv.
422 1247 470 1276 18.
508 1245 635 1277 Bollane
649 1246 782 1288 cerebri]
795 1247 872 1278 Bol-

171 1294 269 1326 lanus
301 1295 392 1327 nullo
419 1296 567 1337 strepitu
591 1298 872 1338 conturbabatur,

170 1351 254 1383 ergo
268 1339 378 1376 felicis
394 1351 469 1378 erat
483 1346 628 1378 cerebri.

213 1395 255 1425 13
283 1394 342 1434 Ue]
365 1395 603 1437 Posteaquam.

214 1445 255 1476 14
277 1444 398 1477 Misere
416 1445 520 1487 apis]
551 1445 662 1478 Valde
689 1447 785 1488 cupis
811 1447 869 1479 ab·

171 1500 233 1524 ire.

211 1545 251 1574 1⁵
275 1541 339 1574 Sed
352 1543 399 1574 nil
411 1543 498 1584 agis]
521 1545 659 1576 Frustra
675 1546 770 1586 cupis
785 1545 870 1577 effu·

168 1598 259 1631 gere.
297 1591 358 1622 Nil
369 1593 458 1634 agis]
474 1593 583 1624 Vetus
599 1593 736 1626 locutio.
751 1597 761 1613 ‘
773 1595 868 1628 Nihil

169 1640 294 1682 agere,’
323 1651 385 1683 pro
415 1643 562 1675 inaniter
592 1654 706 1685 agere,
736 1646 870 1686 agendo

167 1691 248 1723 nibil
278 1691 460 1732 proficere,
483 1693 617 1725 inanem
646 1704 782 1735 operam
813 1705 869 1726 su-

167 1749 270 1774 mere.
288 1742 433 1774 Torreat.
474 1743 575 1783 Usque
589 1744 711 1784 tenebo]
726 1745 869 1785 Semper

168 1793 307 1824 tenebo.

211 1844 253 1874 16
276 1842 365 1873 Hinc
383 1841 458 1882 quo]
492 1842 547 1874 Ab
563 1843 627 1874 hoc
644 1844 732 1883 loco,
749 1854 816 1885 quo
831 1853 869 1876 es

168 1891 288 1923 iturus.
334 1891 396 1922 Nil
417 1892 508 1933 opus]
529 1893 644 1925 Verba
664 1899 743 1926 sunt
760 1895 870 1927 Hora-

169 1941 221 1981 tii,
245 1940 301 1982 qui
326 1942 450 1973 multas
474 1941 573 1984 fingit
596 1953 716 1976 causas
737 1955 810 1977 sese
827 1945 870 1977 ab

167 1991 231 2023 boc
247 1993 384 2034 garrulo
398 1994 578 2034 eripiendi.

187 2067 189 2070 ,
210 2044 251 2074 17
276 2042 474 2085 Circumagi]
512 2045 591 2077 Huc
618 2046 700 2078 illuc
726 2047 870 2079 circum-

167 2091 260 2124 duci.

211 2143 252 2173 18
269 2142 407 2174 Coesaris
414 2143 533 2184 hortos]
547 2145 642 2178 Quos
655 2145 711 2176 ille
721 2147 867 2180 moriens

165 2195 373 2223 testamento
394 2193 531 2233 reliquit
555 2195 682 2235 populo
703 2195 865 2236 Romano,

163 2241 190 2272 si
205 2241 369 2273 Suetonio
384 2243 570 2275 credimus:
596 2245 768 2284 proximos
783 2245 865 2277 fuis·

163 2298 200 2322 se
227 2291 445 2323 Naumachiae
474 2292 562 2323 idem
580 2294 730 2325 ostendit
745 2300 865 2326 auctor

162 2340 316 2380 Tiberio,
330 2351 408 2381 cap.
431 2345 484 2373 72.
530 2343 608 2373 vid.
632 2344 782 2376 Turneb-
804 2355 866 2378 xv.

164 2393 217 2422 18.
242 2390 389 2421 Torrent.
434 2391 571 2431 Hortos]
592 2392 770 2424 Turnebus
781 2394 865 2426 Julii

165 2440 310 2472 Caesaris
339 2440 456 2471 hortos
484 2439 587 2472 fuisse
624 2441 721 2480 dicit,
759 2452 866 2484 prope

166 2493 301 2530 portam
316 2489 557 2529 Portuensem,
572 2490 616 2521 de
631 2491 797 2524 industria
809 2503 864 2525 au-

166 2544 237 2571 tem
261 2539 374 2571 locum
393 2540 611 2581 longinquum
628 2542 662 2572 in
677 2543 797 2574 ultima
812 2553 865 2575 ur-

164 2589 217 2622 bis
232 2589 371 2630 regione
394 2591 496 2622 situm
521 2592 684 2623 mentitus
700 2598 753 2624 est
769 2598 866 2626 extra

166 2639 374 2679 saniculam,
387 2643 425 2671 ut
440 2645 681 2672 assentatorem
696 2652 715 2673 a
726 2652 762 2674 se
775 2643 864 2676 able-

166 2693 264 2730 garet
279 2694 383 2731 atqne
398 2695 602 2721 removeret.

210 2741 254 2769 1³9
276 2738 335 2769 Nil
357 2737 467 2779 habeo]
500 2738 699 2780 Respondet
716 2742 866 2781 garrulus

167 2791 367 2820 assectator.
413 2789 460 2820 Et
473 2799 534 2820 nou
549 2799 616 2820 sum
636 2790 743 2830 piger]
773 2793 866 2826 Qua·

167 2842 245 2870 tuor
256 2838 337 2870 libb.
355 2848 499 2872 manuss.
517 2839 590 2870 Non
603 2850 670 2874 sum
685 2842 776 2882 piger
792 2843 864 2875 sine

1513 290 1528 330 1
1538 288 1622 330 6:3⁷

924 394 1170 434 conjunctione.
1186 393 1312 434 placet.
1335 392 1482 424 Torreat.

965 445 1008 474 2⁰
1031 444 1173 474 Demitto
1186 442 1358 483 auriculas]
1395 442 1485 474 Plin.
1501 451 1551 474 xi.
1568 446 1622 474 37.

925 496 935 510 ‘
945 492 986 523 In
998 493 1094 534 equis
1107 498 1142 524 et
1153 493 1244 524 omni
1251 493 1484 534 jumentorum
1497 501 1623 533 genere

922 542 1051 573 indicia
1065 542 1167 574 animi
1192 541 1380 583 praeferunt
1395 550 1505 582 aures,
1526 541 1625 574 fessis

920 591 1097 631 marcidae,
1111 593 1277 636 micantes
1295 593 1438 634 pavidis,
1454 593 1622 625 subrectae

921 640 1128 681 furentibus,
1154 643 1314 674 resolutae
1331 641 1455 683 agris!
1497 641 1623 675 Quam-
1680 638 1684 641 ’

922 700 1021 731 quam
1038 691 1144 731 igitur
1160 693 1222 723 soli
1248 692 1374 723 homini
1391 702 1491 724 aures
1507 692 1625 725 immo-

920 740 1018 779 biles,
1042 746 1154 772 snmta
1181 746 1295 772 tamen
1323 741 1367 772 ab
1395 742 1625 775 animantibus,

919 790 1143 821 translatione
1159 790 1223 831 ipsi
1239 800 1373 832 quoque
1385 795 1421 823 et
1436 791 1606 831 ‘arrigere
1618 791 1626 804 ’

920 843 956 871 et
979 836 1183 875 ‘demittere
1210 849 1307 870 aures
1321 839 1330 853 '
1353 840 1526 879 dicuntur,
1547 851 1624 872 cum

921 890 974 921 vel
988 894 1098 921 metus
1115 898 1172 921 eos
1188 889 1321 930 dejicit,
1338 889 1391 920 vel
1408 898 1486 930 spes
1510 891 1624 929 erigit.

921 939 1021 971 Unde
1048 944 1057 957 ¹
1070 949 1167 971 aures
1183 944 1328 971 arrectae
1340 938 1350 952 ’
1372 939 1406 970 in
1424 940 1627 980 proverbiis.

922 991 1062 1022 Tor-rent.
1099 990 1241 1021 Demitto
1254 991 1423 1030 auriculas,
1437 994 1472 1021 ut
1487 990 1620 1031 iniqua]

919 1041 1110 1073 Translatio
1128 1046 1182 1072 est
1195 1031 1402 1081 a‘jumentis,
1413 1050 1555 1083 quorum
1566 1050 1625 1072 au·-

921 1101 974 1123 res
991 1092 1146 1123 demissae
1162 1093 1316 1133 corporis
1341 1092 1624 1132 defatigationem

920 1141 1122 1181 significant.
1144 1142 1266 1182 [nique
1275 1141 1520 1182 mentisasellus]
1533 1142 1623 1173 Nam

921 1197 1086 1230 evertere,
1101 1198 1152 1228 et,
1165 1193 1192 1223 si
1210 1203 1275 1233 qua
1293 1193 1426 1224 ratione
1435 1197 1551 1234 queat,
1563 1202 1623 1224 ex-

920 1247 1036 1274 cutere
1054 1243 1136 1275 velit
1151 1244 1311 1279 sarcinas,
1327 1253 1409 1285 quas
1424 1244 1570 1275 moleste
1586 1253 1623 1275 se

921 1291 1012 1323 ferre
1049 1294 1176 1324 aurium
1217 1293 1422 1325 demissione
1459 1294 1625 1326 ostendit.

924 1342 1065 1375 Tor-rent.
1103 1344 1276 1385 [Vallicel.
1291 1348 1319 1376 1.
1335 1348 1369 1375 ut
1384 1346 1498 1376 mentis
1510 1346 1624 1377 aseIlus

919 1392 1064 1433 iniquum]
1610 1419 1613 1424 .

960 1445 1000 1473 21
1025 1441 1131 1473 Subiit
1146 1443 1237 1484 onus]
1258 1444 1381 1476 Portat
1396 1453 1492 1476 onus.
1539 1445 1624 1476 Inci-

914 1493 967 1533 pit
995 1494 1065 1535 ille]
1106 1495 1271 1526 Garrulus
1301 1496 1462 1537 loquitur.
1520 1497 1623 1538 [Dum

916 1543 1048 1581 gravius
1062 1544 1152 1575 dorso
1164 1545 1243 1575 Vat.
1259 1545 1373 1576 Palat.
1389 1544 1438 1584 6.]

959 1594 1002 1623 22
1023 1592 1150 1624 Viscum
1164 1594 1265 1634 pluris
1278 1595 1428 1636 amicum]
1452 1595 1573 1626 Viscus
1587 1602 1622 1627 et

917 1642 1053 1678 Varius,
1083 1643 1203 1675 Poe'tae
1234 1644 1366 1684 diserti,
1389 1645 1489 1677 amici
1520 1645 1619 1678 fuere

919 1692 1055 1723 Horatii
1072 1697 1108 1723 et
1123 1693 1273 1732 Virgilii.

960 1743 1002 1772 24
1027 1742 1170 1781 Morere]
1192 1743 1338 1774 Saltare.

962 1792 1003 1820 25
1028 1790 1174 1829 Meuius]
1220 1791 1369 1823 Facilius
1407 1802 1508 1834 quam
1546 1803 1623 1836 ege.

919 1839 1150 1880 Hermogenes]
1175 1842 1303 1874 Cantor
1317 1843 1480 1883 optimus.

961 1892 1004 1921 26
1027 1891 1268 1931 Interpellundi]
1292 1892 1442 1924 Perinde
1460 1903 1500 1925 ac
1522 1895 1549 1926 si
1570 1895 1622 1927 in-

919 1945 1039 1980 gentes
1065 1940 1195 1982 aliquas
1222 1941 1366 1974 virtutes
1393 1953 1470 1975 suas
1497 1945 1623 1985 praedi·

919 1995 1032 2023 casset
1060 1990 1158 2022 bomo
1184 1992 1406 2032 inanissimus,
1423 1995 1512 2036 quod
1532 1995 1621 2027 Poe-

919 2044 1040 2082 tester,
1076 2041 1166 2082 quod
1197 2043 1349 2079 saltator,
1380 2044 1469 2085 quod
1499 2050 1622 2077 cantor

917 2095 1019 2122 esset.
1064 2091 1175 2123 Poeta
1193 2092 1395 2125 vaferrimus
1412 2105 1525 2136 operae
1544 2106 1622 2137 pre-

918 2141 1002 2172 tium
1020 2151 1056 2172 se
1071 2141 1241 2174 facturum
1260 2150 1366 2184 ratus,
1391 2146 1416 2175 si
1432 2155 1621 2178 sermonem

917 2191 1166 2233 interrumpens
1183 2193 1228 2224 ab
1244 2203 1284 2224 eo
1306 2194 1527 2235 intelligeret,
1547 2197 1623 2237 qui-

915 2242 977 2274 bus
994 2244 1044 2273 vir
1061 2247 1175 2275 tantus
1193 2245 1264 2275 usui
1281 2249 1386 2285 esset,
1400 2251 1504 2286 atque
1520 2255 1619 2286 opem

916 2292 1053 2324 adferre
1076 2298 1205 2335 posset,
1221 2301 1319 2335 rogat
1335 2305 1416 2337 quos
1437 2306 1455 2326 e
1481 2297 1619 2337 propin-

916 2343 991 2383 quis
1018 2344 1222 2383 superstites
1250 2345 1398 2376 habeat:
1433 2345 1619 2387 auditoque

915 2392 1023 2422 nullos
1038 2402 1230 2432 superesse,
1250 2394 1338 2434 quod
1364 2394 1423 2424 ille
1443 2404 1620 2435 composu-

916 2441 984 2472 isse
999 2450 1034 2472 se
1050 2451 1166 2472 omnes
1182 2442 1328 2482 diceret,
1350 2443 1531 2474 nutriculae
1547 2453 1619 2476 suoe

917 2491 1071 2522 vaticinii
1097 2500 1237 2530 memor,
1261 2492 1401 2532 subjicit
1415 2502 1457 2523 ea
1473 2503 1549 2533 qnae
1566 2503 1619 2525 se-

918 2546 1077 2581 quuntur.
1131 2542 1194 2573 Est
1216 2546 1330 2573 autem
1348 2544 1358 2560 ¹
1373 2543 1619 2582 interpellare:

917 2595 954 2623 ut
969 2590 1019 2622 ait
1033 2590 1200 2622 Asconius
1216 2592 1313 2623 Verr.
1329 2601 1387 2623 ιιι.
1406 2592 1552 2624 mediam
1569 2595 1618 2625 al-

917 2642 1022 2671 terius
1051 2642 1239 2671 orationem
1270 2641 1535 2682 interrumpere,
1563 2645 1616 2675 vel

916 2691 1055 2722 alterius
1076 2691 1204 2722 actioni
1229 2700 1266 2722 se
1290 2691 1517 2731 interponere.
1542 2692 1618 2724 Tor-

915 2745 998 2773 rent.
1062 2741 1284 2781 Interpellandi
1313 2741 1410 2782 locus]
1450 2742 1616 2783 Loquitur

916 2792 1094 2824 Horatius.
1149 2793 1210 2824 Est
1238 2792 1296 2824 tibi
1325 2797 1436 2833 mater,
1464 2795 1615 2836 Cognati]

918 2841 1079 2873 Habesne
1094 2851 1190 2873 caros
1204 2846 1238 2873 et
1251 2843 1537 2887 propinquos,qui
1555 2851 1615 2878 tuo
