1982 3230
405 279 516 320 1156

871 290 913 325 Q.
946 286 1155 317 HORA'ru
1188 282 1360 316 FLAcox

406 381 482 422 Me
501 381 608 422 facit
625 381 825 429 invisum,
846 379 986 432 gelida
1007 391 1105 419 cum
1124 378 1296 431 perluor
1314 378 1428 419 unda

404 447 492 487 Per
512 446 699 486 medium
719 432 850 497 frigus
868 457 878 484 :
908 456 1013 484 sane
1032 446 1219 483 murteta
1232 443 1433 495 relinqui,
1797 443 1824 483 5

405 511 621 563 Dictaque
642 514 885 550 cessantem
906 508 1045 549 nervis
1064 507 1220 548 elidere
1240 508 1436 548 morbum

405 576 584 616 Sulfura
599 574 830 622 contemni,
853 574 978 614 vicus
995 573 1142 624 gemit,
1160 571 1332 612 invidus
1351 572 1490 624 aegris,

405 640 493 690 Qui
515 644 648 692 caput
667 643 710 680 et
726 638 996 679 stomachum
1017 649 1260 690 supponere
1278 635 1466 677 fontibus
1485 635 1646 677 audent

405 705 614 753 Clusinis,
631 703 883 756 Gabiosque
904 706 1052 755 petunt
1071 705 1113 742 et
1132 702 1290 754 frigida
1308 714 1420 743 rura.

403 810 470 840 onis
481 821 493 847 ;
515 813 545 840 et
560 820 627 850 quoe
641 810 710 841 via.-
733 809 862 850 (etenim
876 808 1032 840 Antonius
1047 810 1141 839 Musa
1152 809 1252 840 Baias
1271 809 1353 840 haud
1368 808 1445 839 mihi
1459 808 1552 838 utiles
1574 816 1637 838 esse
1659 806 1759 844 dicu,-
1783 817 1830 838 me

402 861 473 882 vero
487 852 550 882 iuis
565 851 658 891 efficit
671 852 816 890 odiosum,
830 853 948 890 quondo
955 851 1081 889 frigido
1095 861 1174 890 aqua
1186 851 1354 889 perfundor
1363 851 1485 889 rigente
1491 849 1627 887 frigore.
1673 849 1765 879 certe
1777 850 1830 880 de-

401 893 465 923 seri
476 896 621 932 myrteta,
635 896 666 923 et
678 893 852 932 posthaberi
871 902 965 931 aquas
979 892 1146 928 sulfur-utus
1157 891 1351 923 existimatos
1363 900 1473 922 sonore
1487 890 1622 921 morbum
1631 899 1737 920 nervos
1748 899 1830 929 proe-

396 934 582 972 pedienteen,
595 935 677 964 dolet
690 934 834 973 oppidum
847 934 987 964 invidens
1001 934 1130 971 oegrotis
1143 933 1196 973 qm·
1210 942 1270 964 non
1284 936 1430 964 verentur
1446 935 1538 972 caput
1557 934 1589 962 et
1609 934 1714 972 pectus
1734 930 1830 968 subii-

402 983 471 1005 cere
484 975 572 1014 aquis
590 975 740 1014 Clusinis,
754 979 947 1014 pergantque
962 975 1078 1006 Gabios
1092 978 1122 1005 et
1137 975 1320 1013 infrigidas
1333 974 1481 1013 regiones.
1524 973 1634 1013 Itaque
1654 973 1750 1003 locum
1763 981 1829 1003 mu-

1000 1066 1117 1079 ooooo

1118 1066 1234 1079 oooooo

401 1129 537 1159 modeum
558 1128 737 1159 Vatum—4
758 1129 767 1146 ‘
780 1129 872 1160 Libri
887 1129 1102 1160 vetustissimi
1115 1131 1194 1170 quod
1214 1131 1338 1170 perluor
1352 1131 1444 1161 unda.
1467 1130 1534 1161 duo
1560 1129 1662 1160 etiam
1677 1137 1745 1160 cum
1762 1137 1832 1168 per-
1853 1130 1857 1131 ⁷

399 1169 491 1199 vehor
504 1170 585 1199 unda
596 1180 606 1199 .·
629 1179 704 1209 quae
720 1170 887 1210 scriptura
901 1171 1022 1201 metius
1037 1171 1197 1211 exprimit
1213 1171 1300 1212 quod
1317 1172 1424 1212 inquit
1439 1171 1640 1201 Plin.xmx.
1654 1174 1686 1201 5.
1702 1171 1712 1187 ‘
1725 1168 1830 1208 mergi

399 1210 434 1239 in
449 1210 541 1240 lacus
558 1219 663 1248 aegros
677 1210 696 1248 ;’
722 1211 782 1240 sed
806 1211 885 1240 nihil
909 1211 1025 1240 muto!
1049 1212 1255 1242 Terrena—5
1278 1213 1491 1243 Vetustiores
1514 1211 1624 1242 codd..
1638 1220 1693 1249 ap.
1717 1210 1832 1240 Bentl.

399 1250 481 1280 item
493 1250 640 1280 Chisian.
658 1253 687 1280 1.
703 1259 722 1279 a
736 1260 780 1280 m.
797 1260 863 1280 sec.
880 1256 916 1280 et
933 1251 1027 1281 Harl.
1042 1253 1073 1281 1.
1089 1254 1121 1281 2.
1135 1254 1164 1280 3.
1177 1254 1208 1282 4.
1223 1254 1255 1282 6.
1269 1254 1302 1282 7.
1317 1255 1463 1282 murteta.
1506 1251 1734 1282 Schoenborn.
1749 1253 1781 1281 2.
1796 1253 1828 1280 8.

399 1294 432 1320 4.
448 1293 581 1330 myrteta
596 1290 717 1329 reliqui.
762 1289 890 1320 Omnes
904 1289 977 1320 fere
993 1290 1093 1320 codd.
1118 1292 1195 1320 Feoe
1219 1297 1255 1321 et
1280 1291 1357 1321 edd.
1373 1295 1520 1322 veta—9
1541 1293 1550 1309 ‘
1565 1291 1708 1322 Clusinos
1726 1291 1830 1322 habet

402 1331 480 1362 cod.
495 1330 619 1360 Bland.
635 1330 739 1370 antiq.
756 1335 791 1360 et
807 1330 868 1360 Sil.
884 1340 967 1371 quos
981 1339 1116 1370 sequor,
1130 1340 1196 1361 non
1211 1331 1282 1362 sine
1296 1340 1410 1368 causa,
1421 1336 1459 1362 ut
1470 1333 1580 1363 lector
1592 1332 1723 1370 doctus,
1733 1333 1760 1362 si
1772 1331 1830 1362 ad·

399 1376 527 1410 vertat,
544 1370 642 1402 facile
650 1370 821 1411 judicabit
835 1372 882 1402 sic
899 1371 966 1412 legi
984 1371 1131 1409 debere;
1153 1381 1216 1402 non
1233 1373 1347 1407 etiarn,
1366 1373 1514 1412 Clusinis,
1528 1373 1586 1413 qui
1608 1382 1703 1404 casus
1717 1373 1772 1404 hic
1787 1373 1830 1403 ir-

401 1413 510 1452 repsit
525 1416 666 1452 propter
690 1411 728 1442 τὸ
751 1412 924 1444 fontibus?
952 1413 1047 1453 Cruq.

1091 1414 1101 1430 ‘
1117 1414 1259 1444 Clusinos
1274 1413 1447 1453 Gabiosque
1461 1415 1544 1454 legit
1559 1423 1600 1444 ex
1615 1414 1748 1454 ingenio
1763 1414 1829 1445 Cu-

400 1454 493 1494 ning.
509 1459 547 1485 ut
563 1454 631 1485 sint
652 1455 661 1470 ⁴
675 1452 784 1485 fontes
801 1454 903 1485 Gabii
917 1453 939 1492 ;’
956 1459 991 1486 at
1004 1456 1013 1472 ‘
1030 1454 1132 1486 Gabii
1145 1454 1153 1467 '
1174 1454 1287 1486 fontes
1303 1464 1368 1486 non
1384 1455 1553 1491 dicuntur,
1569 1455 1629 1486 sed
1644 1458 1654 1473 ‘
1670 1454 1794 1486 Gabini
1809 1454 1831 1485 ε’

1043 1538 1077 1570 N
1081 1538 1184 1570 OTAE

401 1610 551 1641 deretur·
594 1610 674 1641 Pari
688 1610 820 1642 scilicet
844 1610 941 1642 modo
957 1610 1088 1651 Augus-

400 1662 471 1688 tum
487 1656 604 1688 calidis
625 1657 750 1689 frustra
771 1668 865 1688 usum
883 1659 939 1689 ille
955 1657 1087 1699 frigidis

401 1710 590 1737 curaverat.
634 1706 725 1737 Plin.
738 1715 843 1737 xxix.
854 1710 884 1738 1.
900 1709 910 1725 ‘
920 1706 1086 1738 Antonius

398 1757 501 1787 Musa
523 1755 712 1796 Augustum
738 1756 907 1787 contraria
921 1757 1088 1788 medicina

399 1805 494 1845 gravi
523 1805 673 1845 periculo
704 1804 897 1836 exemerat!
949 1805 1089 1838 Sueton.

399 1853 524 1884 octav.
540 1853 599 1883 cit.
613 1862 689 1891 cap.
708 1856 760 1883 81.
783 1854 791 1869 ⁸
805 1853 1088 1884 Distillationibus

394 1900 550 1939 jecinore
586 1899 706 1930 vitiato
738 1900 779 1930 ad
816 1900 1087 1940 desperationem

398 1947 568 1982 redactus,
603 1947 806 1978 contrariam
839 1953 875 1978 et
907 1948 1087 1988 ancipitem

399 1995 562 2027 rationem
578 1995 733 2026 medendi
753 1995 940 2026 necessario
963 1996 1085 2028 subiit:

399 2045 477 2086 quia
498 2045 608 2076 calida
633 2044 783 2077 fomenta
804 2055 868 2076 non
891 2045 1086 2086 proderant,

399 2092 528 2133 frigidis
552 2094 663 2125 curari
684 2099 834 2134 coactus,
855 2099 993 2126 auctore
1017 2095 1085 2127 An-

399 2142 492 2172 tonio
504 2142 627 2173 Musae

441 2194 460 2220 5
484 2191 640 2232 Munera]
680 2190 822 2222 Amoena
858 2192 933 2223 loca
967 2194 1086 2233 myrtis

399 2238 531 2271 consita
546 2240 634 2280 apud
649 2239 759 2271 Baias.

442 2291 464 2319 6
486 2289 639 2329 Dictaque
664 2292 831 2320 cessantem
851 2290 954 2320 nervis
976 2290 1087 2321 elidere

398 2335 536 2367 morbum
550 2335 694 2375 Sulfura]
707 2335 893 2368 Sulfuratas
908 2347 1010 2379 aquas
1025 2338 1088 2369 ibi·

399 2386 476 2417 dem
490 2387 711 2417 scaturientes
726 2395 790 2417 non
809 2387 907 2426 longe
924 2387 967 2418 ab
982 2387 1088 2418 Aver-

397 2445 442 2467 no
458 2437 545 2475 lacu,
560 2435 677 2477 quibus
692 2436 801 2467 cun-ari
817 2435 943 2467 dicitur
955 2437 1087 2468 morbus

399 2484 600 2523 artIculariQ
611 2494 741 2515 cessare
766 2484 893 2515 faciens
909 2493 1039 2524 nervos,
1052 2486 1086 2516 id

400 2537 451 2564 est
467 2534 681 2574 praepediens
698 2544 791 2565 usum
808 2538 843 2565 et
861 2538 985 2566 motum
1006 2535 1086 2567 arti-

401 2582 549 2612 culorum
563 2587 665 2623 atque
681 2592 870 2614 nervorum.

441 2632 461 2660 ⁷
490 2629 582 2661 Vicus
593 2633 704 2673 gemit]
733 2632 852 2663 Baiani
871 2632 1087 2673 indignantur

402 2679 571 2709 contemni
591 2689 666 2710 suos
689 2680 799 2713 fontes
815 2686 887 2713 toto
902 2682 984 2714 orbe
999 2683 1086 2714 cele-

402 2725 490 2767 bres,
506 2736 644 2768 suasque
660 2734 786 2768 myrtos
803 2730 954 2772 relinqui.
997 2731 1084 2763 Pun.

1141 1620 1248 1644 xxxi.
1259 1615 1290 1644 2.
1305 1616 1314 1630 ¹
1330 1612 1487 1643 Emicant
1501 1611 1646 1652 benigne
1658 1613 1694 1642 et
1707 1610 1828 1651 passim

1140 1661 1174 1691 in
1190 1661 1338 1701 plurimis
1352 1661 1451 1693 terris
1474 1669 1580 1702 aquae,
1601 1659 1680 1691 alibi
1696 1658 1830 1698 calide,

1140 1709 1220 1739 alibi
1248 1708 1394 1749 frigidae,
1425 1709 1504 1740 alibi
1532 1713 1644 1740 unctoe
1657 1731 1666 1740 .
1680 1729 1690 1740 .
1701 1729 1709 1738 .
1723 1728 1733 1739 .
1749 1707 1830 1739 alibi

1140 1757 1280 1797 tepidae,
1302 1758 1427 1788 auxilia
1443 1757 1635 1788 morborum
1652 1755 1829 1788 conferen-

1140 1807 1192 1834 tes
1209 1826 1218 1835 .
1230 1825 1240 1836 .
1252 1827 1260 1836 .
1273 1814 1434 1845 nusquam
1451 1810 1561 1836 tamen
1579 1805 1706 1845 largius
1728 1813 1827 1845 qnam

1141 1852 1174 1882 in
1190 1853 1318 1883 Baiano
1343 1853 1430 1892 sinu,
1453 1862 1517 1884 nec
1543 1853 1695 1893 pluribus
1712 1853 1830 1884 auxili-

1142 1900 1219 1930 andi
1249 1901 1426 1939 generibus
1438 1915 1448 1942 3
1474 1901 1549 1931 alim
1577 1901 1727 1941 sulfuris,
1754 1901 1829 1932 aliae

1141 1948 1310 1989 aluminis,
1337 1950 1412 1980 aliae
1436 1950 1525 1989 salis,
1549 1949 1622 1980 aliae
1643 1950 1737 1988 nitri,
1752 1950 1827 1981 aliae

1141 1995 1324 2032 bituminis,
1341 1998 1508 2029 nonnullae
1531 1998 1632 2029 etiam
1655 1997 1752 2029 acida
1764 1999 1827 2030 ssl-

1142 2053 1221 2075 save
1243 2045 1400 2078 mistura.
1416 2069 1425 2078 .
1439 2068 1448 2078 .
1461 2046 1574 2078 nervis
1599 2050 1752 2087 prosunt,
1768 2056 1827 2088 pe·

1140 2094 1327 2135 dibusque,'
1345 2098 1409 2128 &m

1182 2146 1202 2173 8
1227 2144 1290 2179 Qui
1302 2148 1393 2184 caput
1406 2148 1437 2175 et
1445 2147 1632 2177 stomachum
1645 2147 1826 2187 supponere]

1140 2193 1192 2222 Ex
1216 2193 1314 2234 aegris
1333 2194 1420 2225 enim
1445 2194 1502 2225 alii
1526 2194 1731 2226 medicantes
1753 2194 1826 2226 illas

1139 2250 1240 2282 aquas
1256 2242 1388 2280 bibunt,
1404 2243 1460 2273 alii
1475 2243 1508 2273 in
1524 2243 1564 2274 iis
1586 2243 1753 2282 lavantur,
1769 2242 1826 2274 alii

1140 2295 1254 2331 partes
1270 2290 1419 2328 affectas,
1435 2302 1465 2323 v.
1481 2302 1513 2333 g.
1529 2297 1642 2333 caput,
1656 2293 1826 2324 ventricu-

1139 2341 1218 2377 lum,
1235 2350 1343 2380 renes,
1358 2341 1536 2373 stillicidiis
1552 2351 1670 2383 aquam
1680 2342 1824 2383 ejusmo-

1139 2389 1173 2419 di
1186 2388 1434 2421 affundentibus
1457 2395 1651 2431 supponunt
1664 2399 1730 2422 una
1742 2390 1825 2422 hora

1138 2447 1200 2478 per
1215 2438 1286 2469 dies
1301 2438 1439 2479 aliquot.

1185 2487 1332 2519 Fontibus
1348 2488 1497 2528 Clusinis,
1510 2488 1581 2529 Qun]
1609 2487 1712 2530 Aquis
1731 2487 1823 2529 frigi-

1138 2536 1189 2567 dis
1204 2537 1244 2567 ad
1259 2536 1405 2567 Clusium
1418 2537 1562 2569 Etruriae
1573 2538 1745 2579 oppidum.

1178 2588 1199 2615 9
1222 2585 1394 2625 Gabiosque
1406 2587 1530 2626 petunt]
1546 2586 1635 2618 Urbs
1646 2587 1708 2618 ista
1722 2588 1824 2628 Latii,

1137 2635 1171 2665 in
1181 2634 1233 2665 via
1245 2634 1469 2674 Praenestina,
1480 2634 1551 2665 fere
1562 2634 1672 2666 media
1682 2635 1822 2667 Romam

1137 2683 1225 2715 inter
1236 2687 1273 2714 et
1284 2682 1471 2714 Praeneste.
1514 2682 1633 2723 Virgii.
1655 2683 1730 2716 AEn.
1755 2692 1823 2716 vn.

1139 2732 1148 2749 ‘
1162 2733 1284 2773 quique
1308 2741 1389 2762 arva
1405 2731 1545 2763 Gabinae
1566 2732 1718 2773 huonis,
1740 2733 1822 2774 geli-
