1930 3204
384 300 495 341 1600

380 401 474 442 cujus
494 399 592 431 imam
615 402 743 440 partem
767 397 872 429 ambit
887 397 1002 429 instita
1017 406 1067 428 as-

381 450 497 482 suta:’
521 449 570 480 uti
594 453 630 479 et
653 447 754 479 Ovid.
778 447 892 487 Amor.
917 456 942 478 1.
965 447 1067 478 ‘Este

382 501 497 540 procul
514 499 606 530 vittae
627 502 758 535 tenues,
773 497 904 536 insigne
920 496 1067 536 pudoris,

382 550 532 589 Quaeque
562 546 648 587 tegis
672 545 798 576 medios
827 545 943 576 instita
968 545 1068 584 longa

381 596 508 637 pedes!
552 596 597 626 Et
626 595 698 635 ipse
727 603 804 626 mox
835 594 956 624 Horat.
986 594 996 610 ‘
1014 592 1067 623 Ad

383 647 468 677 talos
497 645 585 676 stola
613 643 770 681 demissa,
799 647 834 674 et
863 641 1069 674 circumdata

381 694 494 735 pella.'
537 694 617 725 Tria
639 693 743 734 igitur
758 693 789 724 in
806 692 979 723 matronali
996 701 1068 722 ves-

381 744 459 781 titu,
487 742 621 783 ‘palla‚'
648 743 662 761 ‘
682 741 792 779 stola‚’
821 739 983 779 ‘instita,'
1009 739 1067 770 sed

381 791 555 832 praecipue
585 793 594 808 ‘
617 790 730 822 stola.'
773 790 945 820 Matronas
981 789 1068 820 enim

381 839 598 881 appellabant
612 849 682 878 eas,
696 839 814 879 quibus
828 840 932 870 stolas
948 838 1068 868 habeu-

383 890 416 920 di
430 890 487 930 jus
503 893 588 920 erat.
631 888 796 919 Martialis
813 888 912 927 igitur
928 897 1002 918 cnm
1021 886 1069 916 ita

381 939 520 970 scribit:
546 939 554 954 ‘
568 937 651 970 Quis
669 937 810 967 Floralia
827 937 941 973 vestit,
953 940 986 966 et
1001 939 1069 965 sto-

381 988 485 1018 latum
511 986 686 1016 Permittit
711 985 943 1015 meretricibus
966 983 1070 1024 pudo-

383 1034 495 1066 rem?'
519 1034 659 1074 perinde
684 1038 748 1071 est,
776 1043 815 1064 ac
845 1034 873 1063 si
903 1039 1070 1063 matrona·

382 1085 447 1114 lem
478 1082 711 1114 verecundiam
747 1081 887 1113 diceret.
931 1081 1000 1112 Sed
1035 1085 1072 1112 et

385 1132 486 1163 Caius
503 1131 619 1163 Caesar
644 1131 796 1171 Caligula
821 1130 949 1161 Liviam
963 1130 1071 1160 aviam

383 1192 474 1213 snam
492 1184 501 1200 ‘
515 1182 668 1222 Ulyssem
682 1182 839 1212 stol-atum
851 1180 859 1195 ’
877 1179 1074 1221 appellabat

384 1241 446 1271 per
471 1231 600 1271 jocum,
624 1236 792 1271 tamquam
817 1230 988 1261 mulierem
1017 1238 1072 1260 oc-

384 1281 478 1311 culte
499 1281 746 1311 astutissimam.
791 1279 844 1310 An
869 1289 949 1319 ergo
971 1288 1074 1319 supra

386 1330 504 1360 stolam
520 1329 629 1360 adhuc
646 1334 719 1359 erat
734 1329 834 1368 palla.
857 1328 898 1359 Id
915 1337 978 1367 ego
994 1337 1073 1358 sane

386 1381 424 1408 ut
453 1378 601 1418 credam,
640 1378 775 1408 Horatii
805 1378 878 1408 loco
915 1377 1076 1415 adducor,

386 1435 461 1457 cum
478 1426 630 1456 demissae
649 1426 689 1455 ad
707 1431 828 1456 terram
845 1425 938 1455 stolae
954 1425 1073 1464 pallam

387 1474 586 1514 circumdat,
614 1479 649 1505 et
671 1473 806 1514 quidem
829 1473 1015 1513 plurimam,
1038 1478 1075 1503 ut

386 1524 567 1555 verisimile
583 1524 626 1554 sit
642 1523 732 1563 palla
747 1527 916 1553 matronas
930 1531 995 1552 non
1010 1521 1075 1551 nisi

386 1583 461 1604 cum
493 1574 526 1604 in
556 1573 725 1613 publicum
749 1572 975 1612 procederent
1000 1581 1075 1601 usas

387 1621 502 1652 fuisse.
545 1621 660 1652 Tibul.
691 1620 733 1650 de
762 1620 934 1660 Sulpicia:
959 1619 968 1636 ‘
986 1619 1075 1657 Urit,

387 1679 446 1700 seu
473 1670 575 1710 Tyria
602 1669 731 1699 mavult
759 1668 945 1708 procedere
969 1668 1077 1706 palla!

367 1719 598 1750 'Trahebatur
625 1718 712 1749 enim
734 1718 835 1757 longo
851 1721 1021 1757 syrmate;
1044 1717 1076 1746 in

389 1779 496 1810 eoque
527 1768 673 1808 dignitas
695 1767 858 1808 quaedam.
903 1766 1017 1798 Quare
1043 1769 1078 1795 et

391 1819 463 1850 Diis
485 1817 725 1849 immortalibus
749 1816 918 1848 tribuitur.
964 1815 1078 1845 Instita

390 1878 470 1899 vero
502 1877 566 1898 non
595 1866 784 1897 vestimenti
807 1875 912 1906 genus
935 1869 1020 1902 erat,
1042 1867 1080 1894 ut

392 1917 528 1958 quidam
560 1915 749 1955 credidere,
785 1914 845 1944 sed
874 1913 981 1952 stolae,
1010 1912 1080 1942 sive

392 1966 503 2006 panae,
532 1965 584 1995 vel
606 1964 708 1995 etiam
732 1963 855 1994 tunicae
881 1962 987 1993 fascia
1013 1962 1079 1996 illa,

392 2017 465 2047 sive
480 2016 623 2054 fimbria,
645 2025 721 2055 quae
743 2014 866 2044 infimae
884 2012 988 2044 vestis
1011 2021 1079 2042 orae

391 2065 530 2095 subsuta
561 2064 767 2094 adhaerebat.
812 2062 927 2092 Graeci
963 2071 1081 2100 περιχι·

391 2113 500 2144 τῶνιον
515 2118 549 2144 et
564 2111 734 2152 περιπόδιον
751 2115 882 2142 vocant.
907 2109 983 2139 Vid.
1000 2109 1080 2138 Tur-

394 2163 469 2194 neb.
486 2170 590 2193 xxix.
610 2164 662 2192 31.
686 2161 825 2190 Torrent.
857 2157 972 2188 Instita
985 2154 1081 2194 vesle]

395 2212 510 2243 Inscita
525 2210 658 2251 ponitur
674 2219 734 2249 pro
756 2208 843 2238 stola
865 2205 906 2236 ad
924 2206 1006 2236 talos
1022 2204 1080 2234 de-

393 2262 504 2299 missa,
518 2261 614 2300 cujus
629 2260 725 2289 imam
750 2261 880 2296 partem
904 2254 1033 2292 instita,
1047 2252 1079 2283 id

396 2315 461 2348 est,
477 2308 613 2339 fasciola
629 2305 788 2337 ambibat.

438 2361 479 2390 30
505 2358 596 2388 Olent
610 2356 643 2386 in
646 2353 783 2393 fornice]
806 2353 936 2383 Seneca
952 2350 983 2380 in
997 2350 1081 2381 Con-

397 2406 569 2439 troversiis
583 2416 590 2435 z
606 2404 616 2421 ‘
627 2403 772 2435 Redoles
788 2401 896 2432 adhuc
909 2398 1083 2439 fuliginem

397 2454 558 2488 fornicis!
601 2454 715 2486 Quare
744 2455 780 2482 et
804 2450 892 2490 apud
915 2448 1083 2480 Catullum

398 2510 492 2537 recte
508 2503 632 2543 legitur
647 2512 654 2532 :
679 2500 688 2517 ‘
704 2501 781 2532 Non
804 2501 885 2529 assis
901 2497 985 2528 facis
1001 2496 1083 2526 obli-

398 2561 469 2587 tum
484 2553 643 2594 lupanar.‘
668 2554 678 2570 ‘
693 2552 847 2591 Lupanar
859 2548 868 2563 ’
885 2549 972 2580 enim
989 2550 1085 2577 vocat

398 2603 610 2636 meretricem
633 2602 752 2642 ipsam,
774 2601 783 2617 ‘
798 2597 951 2630 oblitum’
974 2600 1084 2627 autem

400 2658 540 2692 propter
550 2651 731 2691 fuliginem.
754 2649 893 2680 Torreat.
931 2644 1086 2684 Stantem]

403 2701 621 2731 Meretricem
647 2700 681 2730 in
716 2697 804 2730 olido
832 2695 982 2736 lupanari
1012 2703 1086 2734 pro-

405 2754 563 2781 stantem.

445 2801 483 2829 31
511 2798 614 2828 Macte
642 2796 773 2836 virtute]
806 2792 1002 2835 Ἀρέσκευμα“
1035 2795 1085 2823 est

833 306 972 337 NOTAE
1007 306 1264 337 VARmRUM
1302 306 1351 336 IN

1117 397 1204 428 enim
1221 397 1326 428 oratio
1342 396 1562 427 collaudantis
1579 398 1614 426 et
1630 395 1799 436 gratulan-

1120 447 1162 478 tis
1176 446 1206 477 ei
1222 447 1278 487 qui
1294 450 1384 477 recte
1402 445 1520 476 fecisse
1540 444 1704 484 creditur,
1718 444 1800 475 vim—

1118 504 1180 536 que
1197 494 1347 526 adverbii
1372 503 1410 525 ac
1433 493 1673 534 propemodum
1695 493 1799 524 inter·

1113 545 1272 584 jectionis
1295 543 1405 574 habet.
1441 543 1584 575 Nunnius
1598 542 1732 574 Miscell.
1746 549 1801 572 tn.

1119 593 1240 633 Macte]
1273 593 1392 624 Oratio
1408 596 1459 624 est
1474 592 1611 624 Catonis
1626 591 1801 622 adhortan-

1121 642 1174 672 tis.

1161 693 1201 721 32
1225 691 1332 731 Inquit
1359 690 1526 730 sententia]
1563 689 1680 731 Inquit
1715 688 1800 720 Cato

1120 740 1308 771 Censorius.

1159 791 1200 820 33
1229 789 1328 820 Venas
1341 788 1460 828 inflavit
1475 791 1557 819 tetra
1573 787 1680 827 libido]
1703 786 1802 817 Post-

1118 846 1256 877 eaquam
1293 846 1412 877 penem
1441 835 1568 867 inflavit
1595 844 1738 866 venerea
1765 835 1804 866 li-

1119 886 1210 918 bido.

1162 937 1203 965 34
1226 934 1300 965 Huc
1320 934 1449 971 juvenes
1472 934 1603 973 oequnm]
1630 933 1683 964 Ad
1711 933 1803 972 lupa-

1121 993 1191 1015 nar.
1235 982 1439 1022 Descendere]
1464 982 1631 1022 Apposita
1645 991 1722 1020 vox,
1735 990 1802 1012 non

1122 1032 1209 1073 quod
1234 1031 1379 1063 fornices
1403 1041 1535 1071 semper
1547 1031 1614 1062 sint
1627 1031 1661 1061 iu
1676 1030 1806 1064 humili-x

1123 1081 1247 1119 oribus,
1264 1079 1404 1111 defossis
1429 1089 1488 1111 seu
1511 1079 1680 1120 depressis
1699 1079 1804 1116 locis3

1121 1130 1180 1162 sed
1197 1129 1285 1170 quod
1298 1130 1442 1169 Subura,
1455 1129 1511 1160 ubi
1526 1128 1720 1160 meretrices
1731 1136 1806 1167 pro·

1123 1179 1270 1217 stabant,
1286 1183 1360 1210 erat
1377 1178 1411 1210 in
1435 1177 1558 1210 declivi
1581 1177 1669 1209 inter
1686 1176 1804 1218 Esqui-

1123 1229 1183 1259 lias
1198 1233 1233 1259 et
1245 1227 1456 1258 Viminalem.
1482 1228 1576 1266 Cruq.

1164 1279 1203 1308 35
1228 1276 1417 1316 Per-molere]
1448 1275 1577 1307 Alludit
1593 1275 1634 1306 ad
1648 1275 1805 1307 Graecam

1123 1325 1382 1366 paronomasiam
1398 1324 1543 1363 μυλλάδα
1554 1324 1694 1364 μύλλειν.
1712 1323 1804 1363 Cruq.

1125 1376 1296 1406 Permolere
1310 1374 1436 1413 uxores]
1459 1374 1670 1414 Subagitare.

1165 1427 1206 1454 36
1230 1424 1367 1454 Mirator
1376 1423 1483 1463 cunni]
1498 1422 1635 1454 Amator
1646 1426 1805 1453 matronae

1124 1473 1199 1503 alba
1216 1473 1300 1503 stola
1313 1473 1456 1504 amictae.
1490 1473 1625 1502 Mirator
1638 1470 1730 1502 cunni
1747 1471 1808 1500 Cu-

1122 1521 1262 1560 piennius
1288 1519 1366 1559 albi]
1403 1521 1470 1551 Hic
1497 1519 1690 1550 matronalis
1714 1519 1805 1549 loeus

1122 1569 1208 1600 albus
1223 1569 1347 1600 dicitur
1369 1569 1522 1607 Horatio,
1549 1567 1636 1609 quod
1654 1566 1807 1598 mundior

1124 1618 1301 1658 puriorque
1330 1622 1430 1652 esset,
1463 1627 1560 1657 quam
1597 1616 1804 1656 publicarum

1124 1667 1296 1696 libidinum
1314 1667 1550 1706 receptacula:
1577 1669 1634 1695 aut
1649 1664 1737 1704 quod
1754 1673 1808 1694 ve-

1127 1714 1192 1744 rius
1217 1714 1383 1749 existimo,
1411 1711 1509 1751 albus,
1530 1712 1564 1742 id
1587 1716 1653 1750 est,
1678 1711 1808 1742 vetulus

1127 1773 1165 1793 ac
1181 1772 1361 1793 canescens
1375 1772 1384 1800 ;
1415 1762 1502 1802 quod
1525 1761 1654 1791 scilicet
1669 1760 1726 1790 ille
1742 1769 1810 1790 ma-

1127 1817 1297 1842 tronarum
1315 1815 1475 1849 sectator,
1500 1810 1602 1841 veluti
1619 1808 1811 1849 sepulchro-

1128 1872 1198 1892 rum
1216 1862 1326 1892 incola
1343 1861 1527 1891 vetularum
1540 1859 1692 1890 noctibus
1707 1862 1811 1888 testa-

1129 1916 1241 1941 menta
1254 1914 1479 1941 matronarum
1496 1913 1660 1948 captaret.
1684 1907 1812 1938 ferrar:

1131 1959 1332 1999 Cupiennius]
1370 1959 1461 1990 Libri
1499 1957 1623 1998 antiqui
1654 1955 1783 1987 variant
1801 1965 1810 1992 ;

1129 2009 1211 2039 nihil
1229 2014 1332 2039 muto.
1377 2008 1493 2039 Fuerit
1516 2017 1597 2047 ergo
1614 2007 1650 2037 L.
1665 2007 1812 2045 Cupien-

1130 2057 1203 2086 nius
1219 2057 1315 2094 Libo,
1329 2056 1485 2096 Augusti,
1509 2061 1546 2086 ut
1567 2055 1694 2091 volunt,
1717 2053 1813 2083 fami-

1130 2105 1230 2134 liaris.
1272 2104 1463 2134 Turnebum
1480 2103 1534 2133 adi
1552 2111 1603 2132 xi.
1619 2105 1650 2133 6.
1674 2101 1813 2131 Torreat.

1129 2152 1302 2192 [Angelic.
1326 2154 1354 2181 1.
1377 2155 1412 2181 et
1437 2151 1636 2190 Gregoriau.
1656 2152 1689 2180 2.
1713 2150 1810 2179 vulva·

1131 2201 1316 2240 Cupiennius
1330 2199 1434 2238 ulboe.]

1172 2253 1212 2281 3⁷
1235 2249 1368 2288 Audire]
1399 2248 1562 2281 Quoniam
1586 2247 1639 2278 hic
1662 2246 1704 2277 de
1727 2247 1811 2277 Moe-

1131 2300 1265 2332 chorum
1289 2299 1393 2339 poenis
1417 2298 1500 2337 agit,
1523 2295 1650 2327 Valerii
1676 2295 1813 2326 Maximi

1132 2348 1234 2380 verba
1249 2357 1291 2379 ex
1309 2348 1364 2378 lib.
1384 2356 1433 2378 vr.
1449 2355 1523 2386 cap.
1543 2348 1570 2376 l.
1584 2345 1815 2376 commentarii

1132 2399 1205 2429 loco
1222 2397 1407 2427 adscribam
1423 2406 1430 2426 ε
1447 2397 1455 2412 ‘
1467 2394 1680 2434 Sempronius
1696 2394 1816 2424 Musca

1133 2447 1170 2477 C.
1189 2446 1331 2477 Gallium
1348 2444 1589 2484 deprehensum
1602 2443 1633 2473 in
1650 2442 1816 2474 adulterio

1132 2495 1275 2534 flagellis
1310 2493 1435 2525 cecidit
1456 2503 1465 2532 ;
1498 2493 1537 2523 C.
1568 2492 1745 2522 Memmius
1776 2491 1815 2522 L.

1135 2545 1313 2576 Octavium
1325 2543 1475 2573 similiter
1485 2541 1729 2582 deprehensum
1744 2549 1820 2571 ner-

1136 2594 1184 2625 vis
1197 2593 1351 2624 contudit
1367 2603 1376 2630 ;
1399 2591 1509 2623 Carbo
1525 2590 1682 2621 Attienus
1695 2599 1713 2621 a
1727 2588 1818 2620 Bibi-

1135 2653 1211 2681 eno,
1222 2643 1302 2673 item
1315 2642 1363 2672 Μ.
1380 2640 1523 2671 Pontius
1536 2639 1608 2670 aP.
1624 2638 1745 2670 Cervio
1758 2637 1816 2669 de-

1136 2691 1302 2732 prehensi,
1330 2689 1470 2721 castrati
1501 2692 1600 2719 sunt:
1627 2687 1689 2718 Cn.
1715 2685 1815 2717 etiam

1135 2741 1270 2772 Furium
1291 2739 1476 2770 Brocchum
1503 2736 1559 2776 qui
1585 2731 1818 2775 deprehendit,

1135 2789 1270 2821 familiae
1287 2786 1507 2828 stuprandum
1522 2783 1658 2823 objecit.
1686 2781 1814 2815 Quibus
