1916 3262
528 281 734 315 uonA'ru
769 280 1044 315 οΛ11Μ1111111
1079 281 1177 313 mn.
1211 282 1263 311 11.
1292 271 1333 312 8.

200 375 324 409 lustre'
347 376 402 408 vel
426 374 631 408 ‘rusticum’
657 375 791 411 vocant,
806 373 898 413 ripas

202 435 334 458 amaus.
369 426 580 467 Quamquam
597 423 639 455 nd
656 426 901 455 coronamenta

201 475 292 517 quod
306 476 443 511 attinet,
459 474 548 506 idem
559 473 728 505 hortensis
743 472 826 512 apii,
841 472 899 512 qui

201 531 237 557 et
252 525 384 561 rustici,
403 534 504 556 usus:
528 528 565 555 ut
582 531 633 555 lv.
649 522 718 554 od.
735 525 788 553 11.
831 522 898 552 Ve-

201 584 276 606 rum
303 574 427 606 merito
451 573 598 605 dubitari
623 577 754 613 posset,
777 581 838 603 cur
855 570 898 602 ad

200 625 430 656 conviviorum
465 632 608 656 coronas
639 622 691 653 usi
720 622 800 653 olim
830 621 899 652 sint

198 671 290 714 apio,
317 683 395 706 cum
410 677 564 704 moeatum
579 682 620 703 ac
644 671 790 712 lugubre
814 680 899 702 sem-

199 733 263 764 per
289 723 440 755 habitum
462 721 578 754 fuerit.
620 721 789 761 Sepulcra
808 720 899 752 enim

199 773 278 814 apio
306 773 462 813 coronari
487 776 567 803 suut
591 771 715 803 solita:
741 770 832 802 uude
845 770 901 801 τοῦ

197 821 324 854 σελίνου
347 822 475 858 δεῖσθαι,
504 821 539 852 111
566 826 630 860 est,
653 821 724 862 apio
750 820 902 861 indigere,

198 875 422 913 egrotantem
460 871 630 907 dicebant,
661 881 737 902 cum
775 871 900 911 exigua

197 926 292 953 esset
314 931 406 963 spes.
450 921 548 952 Idem
565 922 608 952 de
627 926 739 961 myrto
755 920 824 951 dici
842 929 900 961 po-

197 975 278 1004 test.
323 971 380 1003 Au
394 971 557 1007 dicemus,
573 971 650 1003 ideo
673 970 831 1002 fortassis
847 980 902 1002 ea-

197 1023 276 1055 dem
298 1033 376 1064 quae
397 1022 584 1058 funeribus,
610 1023 713 1054 etiam
736 1022 899 1054 conviviis

198 1071 420 1104 admiscuisse
446 1077 594 1108 veteres,
619 1076 656 1103 ut
680 1072 898 1103 mortalitatis

198 1131 379 1158 memores,
396 1127 493 1154 tanto
506 1122 646 1154 hilarius
659 1122 820 1162 agerent?
844 1121 898 1152 An

198 1172 314 1212 potius
338 1171 484 1203 diversis
505 1172 692 1203 rationibus
716 1172 834 1203 eadem
853 1181 900 1206 re,

198 1221 295 1262 cujus
311 1221 413 1253 variae
429 1225 560 1253 naturoe
577 1221 656 1256 sint.
680 1221 780 1252 aliter
796 1226 900 1262 atque

198 1271 300 1302 aliter
329 1281 390 1302 nos
416 1272 467 1302 uti
493 1271 614 1311 posse?
659 1270 784 1310 Apium
803 1271 900 1301 resis-

198 1326 272 1352 tere
300 1320 455 1352 creditur
484 1319 659 1354 ebrietati,
699 1324 735 1350 et
766 1320 900 1358 Myrtus

197 1371 324 1402 Veneri
338 1379 446 1401 sacra.
491 1368 680 1400 Conviviali
703 1369 820 1409 itaque
842 1369 900 1398 lae-

197 1420 284 1451 titiae
309 1419 529 1450 conveniunt.
573 1417 663 1448 Vide
677 1417 897 1448 'rori-entium

194 1469 260 1500 hac
273 1468 317 1500 de
333 1477 370 1499 re
386 1467 538 1509 pluribus
554 1467 586 1498 in
603 1469 691 1500 hunc
705 1468 815 1499 locum
831 1467 898 1499 dis-

197 1525 382 1552 serentem.
425 1518 559 1550 Victor.
578 1519 661 1550 Var.
691 1518 789 1549 Lect.
817 1526 898 1549 xv1.

195 1573 229 1601 2.
272 1568 506 1610 Deproperoere]
542 1567 712 1601 Celeriter
749 1571 898 1603 nectere,

195 1624 233 1651 et
256 1628 300 1651 ex
320 1619 412 1661 Apio
433 1624 470 1651 et
486 1619 602 1659 Myrto
619 1619 826 1650 concinnare
842 1628 899 1650 co-

196 1678 296 1701 ronas
314 1669 348 1700 in
363 1668 530 1700 conviviis
546 1672 715 1699 assuetas.

237 1722 279 1751 25
308 1717 410 1750 Venus
424 1716 594 1757 arbitrum]
618 1717 797 1748 Venereus
815 1715 899 1746 talo-

197 1777 273 1799 rum
288 1768 342 1799 vel
359 1772 562 1799 tesserarum
579 1767 694 1805 jactus
719 1774 834 1805 regem
853 1765 899 1795 bi-

196 1818 303 1857 bendi
320 1818 533 1858 conviviique
555 1817 754 1856 magistrum
775 1814 900 1846 efficie-

198 1868 268 1903 bat,
294 1876 392 1909 quem
408 1867 541 1907 jactum
563 1865 619 1896 alii
637 1869 803 1905 putarunt
827 1874 901 1895 0550

198 1925 377 1949 numerum
406 1920 459 1946 ter
488 1914 679 1954 senarium3
700 1914 769 1953 alii,
798 1923 900 1955 quum

199 1975 316 1997 omues
341 1965 400 1996 tali
421 1964 509 2005 jacti
536 1964 706 1995 cadebant
730 1963 900 1995 dissimili-

199 2022 266 2057 ter,
282 2015 445 2055 vultuque
459 2014 596 2045 diverso
609 2014 835 2055 apparebant.

240 2068 284 2096 26
305 2064 400 2095 Dicet
415 2062 554 2102 bibendi]
578 2063 764 2102 Eleganter
789 2062 901 2094 Poeta

191 2114 279 2157 juris
291 2113 395 2145 verbo
410 2122 490 2143 usus
502 2116 566 2143 est.
610 2111 747 2143 Praetor
759 2112 848 2142 enim
864 2116 900 2143 ut

195 2163 323 2199 ‘darm’
347 2163 394 2195 sic
418 2167 426 2181 ⁶
439 2161 574 2194 dicere’
596 2171 732 2203 quoque
752 2165 788 2192 et
819 2166 827 2179 ‘
840 2162 898 2193 ad-

197 2214 311 2245 dicere
329 2212 485 2253 judicem
499 2211 508 2224 ’
531 2211 587 2243 vel
616 2211 825 2243 ‘arbitrum'
847 2212 897 2243 di-

156 2300 157 2303 *
197 2265 298 2299 citur,
314 2271 414 2304 quem
438 2270 568 2293 caussae
584 2262 770 2302 cognitioni
789 2261 898 2302 praefi-

198 2312 257 2344 cit.
281 2312 426 2344 Torrent·
468 2310 599 2342 Arbiter
614 2310 752 2351 bibendi]
776 2313 898 2350 Συμπο-

198 2362 338 2402 σίιρχος,
370 2360 539 2400 prefectus
572 2361 718 2392 convivii.
774 2362 898 2394 Frauc.

199 2409 360 2441 Luininus
375 2418 416 2440 11.
429 2411 483 2442 22.
515 2410 611 2441 Dicet
625 2410 762 2451 bibendi]
778 2411 899 2445 Dabit.

202 2459 276 2490 Non
299 2467 356 2497 ego
376 2459 498 2499 sanim]
518 2459 622 2491 Certe
639 2470 702 2501 ego
718 2460 900 2498 Horatius,

201 2508 235 2539 in
272 2507 336 2538 boc
370 2507 546 2539 laetinsimo
582 2513 697 2540 nostro
734 2509 897 2544 convivio,

201 2557 307 2589 etiam
329 2555 373 2587 ad
401 2554 548 2586 furorem
577 2566 679 2597 usque
700 2558 801 2588 laetus
815 2567 897 2595 ero;

202 2614 238 2640 et
254 2616 320 2638 non
337 2606 597 2646 temperantius,
610 2616 677 2638 non
693 2609 804 2638 sanius
819 2607 896 2638 bac·

203 2657 328 2689 chabor
358 2660 394 2686 et
418 2654 567 2687 bibendo
597 2655 770 2690 insaniam,
799 2665 898 2696 quarn

204 2707 314 2739 Edoni
329 2705 484 2737 Thraciae
508 2705 626 2745 populi
643 2704 847 2736 bibacissimi
863 2710 899 2736 et

202 2757 333 2789 furiosi.
377 2756 515 2796 Quippe
531 2759 566 2786 te
583 2760 678 2786 tanto
694 2755 802 2786 amico
814 2764 900 2795 prae·

205 2815 259 2842 ter
284 2816 415 2839 omnem
437 2815 532 2847 spem
548 2810 583 2837 et
607 2806 898 2847 exspectationem

1539 273 1556 313 1
1567 274 1648 316 407

950 376 1104 413 recepto,
1120 371 1220 404 dulce
1236 371 1316 403 mihi
1331 375 1367 403 et
1381 374 1513 412 gratum
1530 379 1582 404 est
1598 375 1651 406 fu-

949 426 1066 453 renter
1089 426 1225 463 potare,
1252 421 1410 452 bacchari
1426 426 1463 452 et
1479 421 1650 462 iusanire3

949 475 1052 512 atque
1076 472 1207 503 ebrium
1237 471 1432 502 discurrere
1452 475 1488 503 et
1510 472 1649 504 saltare.

950 522 1104 553 Lubinus.
1217 558 1223 564 ·

991 573 1032 602 27
1059 571 1194 612 Edonis]
1213 570 1368 602 Thraciae
1400 571 1526 612 populo
1557 570 1652 602 biba-

948 622 1094 652 cissimo.
1120 622 1270 662 Recepto]
1285 619 1405 652 Amico
1417 625 1650 661 praeterspem

948 671 1030 702 1111111
1046 670 1196 702 reddito.

989 722 1033 751 28
1058 720 1177 752 Furere
1193 719 1256 760 est]
1278 720 1448 751 Furenter
1464 724 1585 761 potare
1612 724 1649 752 et

949 770 1080 802 bibere.
1577 798 1579 800 ,

948 821 1031 853 ome
1053 830 1138 853 vni.
1159 820 1384 861 Προσευκτική.
1430 821 1475 852 In
1506 820 1648 854 „lunum

992 870 1179 902 Bauium«.
1226 871 1304 902 Non
1319 875 1374 902 est
1385 880 1447 902 cur
1463 871 1583 902 Barini
1594 872 1649 911 ju-

991 919 1079 951 ranti
1095 920 1269 960 credatur,
1283 930 1386 961 quum
1412 921 1521 952 nullas
1539 922 1650 962 perju-

991 969 1116 1001 riorum
1146 970 1207 1001 det
1233 980 1363 1011 poenas,
1390 971 1449 1002 sed
1472 973 1584 1012 potius
1604 981 1650 1003 ex

991 1019 1034 1050 iis
1050 1019 1223 1059 pulchrior
1236 1020 1421 1051 exoriatur.

993 1072 1010 1100 1
1034 1070 1127 1101 Jurt‘s
1151 1070 1298 1110 peierati]
1334 1070 1461 1102 Jurare
1488 1075 1542 1102 est
1572 1072 1650 1102 reli-

951 1118 1045 1159 giose
1059 1119 1187 1160 aliquid
1203 1118 1381 1154 affirmare.
1400 1119 1490 1160 quod
1508 1121 1650 1160 perinde

951 1173 1121 1204 servetur,
1151 1178 1191 1200 ac
1218 1169 1246 1199 si
1268 1169 1325 1209 jus
1350 1172 1464 1208 esset;
1497 1169 1588 1200 unde
1614 1174 1651 1201 et

953 1220 1160 1260 ‘jurejurare
1175 1219 1184 1233 ’
1199 1219 1288 1250 idem
1304 1218 1392 1260 qnod
1411 1219 1547 1259 ‘jurare
1561 1219 1585 1251 :'
1600 1220 1650 1251 sic

951 1274 988 1300 et
1021 1269 1095 1310 ‘jus
1126 1268 1308 1310 pejerare’
1341 1268 1428 1299 dixit
1456 1269 1650 1306 Horatius;

951 1324 987 1349 et
1004 1320 1075 1360 ‘jus
1089 1319 1299 1359 pejeratum'
1324 1329 1385 1359 pro
1397 1319 1557 1359 perjurio.
1582 1320 1650 1351 Cu·

943 1368 1001 1408 jus
1014 1377 1124 1408 poenae
1135 1369 1163 1399 si
1179 1369 1294 1407 ullum,
1306 1368 1427 1407 inquit,
1444 1369 1477 1399 in
1494 1373 1530 1400 te
1547 1370 1649 1400 vesti-

949 1417 1039 1458 gium
1055 1422 1220 1453 exstaret,
1237 1427 1369 1458 possem
1379 1418 1509 1458 juranti
1525 1418 1647 1450 crede-

950 1477 1010 1507 re;
1032 1477 1121 1499 nunc
1139 1477 1220 1499 vero
1243 1477 1320 1499 cum
1344 1468 1519 1509 pejerasse
1543 1469 1647 1500 etiam

950 1516 1071 1557 prosit,
1085 1516 1165 1558 quid
1182 1516 1292 1548 dicam
1305 1517 1411 1556 aliud,
1423 1527 1522 1558 quam
1535 1527 1649 1549 arnan·

949 1566 1033 1597 tium
1057 1566 1206 1607 perjuria
1237 1567 1327 1598 Deos
1354 1567 1550 1607 negligere?
1574 1568 1649 1598 Tor-

947 1619 1029 1647 rent.
1072 1616 1166 1648 Juris
1187 1617 1246 1648 tibi
1269 1617 1416 1658 peierati]
1439 1618 1649 1658 Jnrisjuran-

949 1666 984 1698 di
1001 1667 1059 1698 abs
1076 1671 1110 1698 te
1121 1667 1254 1703 violati,
1270 1667 1304 1698 id
1319 1672 1373 1698 est
1390 1667 1544 1707 perjurii.

991 1719 1010 1747 3
1038 1717 1139 1748 Dente
1164 1717 1193 1747 εἰ
1228 1717 1335 1757 nigro]
1370 1717 1539 1751 Ridicule,
1573 1726 1648 1757 quai

951 1765 1099 1805 perjurae
1134 1766 1307 1797 meretrici
1345 1766 1540 1797 metuendoe
1572 1769 1651 1796 sunt

951 1822 1074 1853 poenae,
1089 1818 1238 1844 enarrat.
1282 1814 1455 1845 Credebat
1476 1814 1566 1845 euim
1594 1823 1653 1845 ve-

952 1868 1060 1893 terum
1084 1862 1283 1903 superstitio
1306 1872 1378 1902 005,
1394 1863 1451 1904 qui
1473 1864 1567 1894 Deos
1592 1874 1651 1904 pe-

945 1911 1091 1952 jerando
1121 1911 1247 1943 loedere
1278 1912 1378 1943 veriti
1405 1922 1470 1943 non
1494 1911 1649 1948 fuissent,

951 1961 1063 2001 aliqua
1079 1961 1232 2001 corporis
1250 1965 1349 2001 parte
1365 1961 1514 1992 mutilari
1530 1961 1650 1993 debili-

951 2010 1096 2051 tarique.
1123 2010 1266 2041 Torreat.
1313 2010 1447 2041 Tur-neb.
1473 2019 1579 2042 xxvt.
1597 2013 1650 2043 31.

949 2060 1053 2091 Dente
1067 2060 1095 2091 εἰ
1109 2059 1322 2101 nigrofieree]
1344 2059 1381 2090 Si
1397 2060 1534 2091 minima
1551 2066 1648 2101 parte

948 2109 1098 2150 corporis
1113 2109 1214 2140 fieres
1230 2108 1428 2141 deformior.

991 2159 1147 2201 [Turpior
1165 2169 1268 2198 ungue
1286 2158 1521 2191 Schoenborn.
1537 2159 1586 2199 2.]

991 2213 1009 2241 5
1035 2211 1213 2251 Crederem]
1232 2209 1416 2242 Crederem
1431 2210 1648 2250 tibijuranti,

949 2261 1002 2291 vel
1015 2260 1204 2295 crederem,
1220 2260 1311 2292 Deos
1322 2269 1394 2291 esse
1407 2260 1558 2291 vindices
1573 2269 1649 2301 per-

942 2310 1028 2351 jurii
1057 2310 1091 2341 in
1115 2311 1217 2342 rebus
1254 2310 1440 2342 amatoriis.
1499 2310 1563 2341 Sed
1597 2315 1645 2348 tu,

947 2360 1038 2390 simul
1062 2358 1226 2399 obligasti]
1252 2359 1330 2390 Hoc
1358 2364 1422 2393 est,
1454 2368 1512 2390 tuo
1542 2359 1647 2400 ipsius

949 2414 1028 2441 voto
1053 2410 1178 2440 malum
1206 2409 1268 2441 tibi
1297 2410 1486 2449 imprecata
1513 2418 1561 2441 es,
1606 2409 1648 2439 In

949 2460 1040 2490 omni
1071 2459 1160 2489 enim
1181 2458 1403 2499 jurejurando
1425 2458 1530 2489 tacita
1554 2466 1647 2498 quae-

948 2510 1025 2540 dam
1055 2509 1144 2540 inest
1174 2508 1360 2542 execratio,
1390 2517 1455 2548 qua
1492 2508 1535 2538 ob
1566 2516 1647 2537 con-

948 2563 1115 2598 temptam
1144 2558 1340 2597 religionem
1366 2556 1593 2595 obstringitur
1619 2556 1646 2586 is

948 2607 1006 2649 qui
1023 2607 1168 2647 pejerat.
1200 2606 1301 2639 Quod
1318 2611 1429 2638 antem
1446 2605 1552 2644 capiti
1571 2614 1647 2645 pre-

950 2666 1077 2696 camur,
1093 2657 1157 2687 toti
1172 2655 1295 2686 homini
1312 2663 1502 2695 precamur.
1533 2654 1646 2695 Caput

949 2706 1038 2737 enim
1062 2705 1252 2746 principale
1278 2708 1353 2742 est:
1377 2704 1466 2735 unde
1482 2704 1644 2745 cujusque

948 2756 1058 2796 imago
1073 2755 1182 2797 qualis
1199 2755 1243 2786 sit
1259 2755 1484 2795 cognoscitur.
1528 2755 1644 2788 Quare

949 2806 1042 2838 locus
1067 2806 1122 2837 ille
1149 2805 1323 2846 religiosus
1344 2803 1501 2845 efficitur,
1515 2805 1570 2836 ubi
1587 2815 1643 2837 ca-
