<?xml version="1.0" encoding="UTF-8"?>
<!DOCTYPE html PUBLIC "-//W3C//DTD XHTML 1.0 Transitional//EN"
    "http://www.w3.org/TR/xhtml1/DTD/xhtml1-transitional.dtd">
<html xmlns="http://www.w3.org/1999/xhtml" xml:lang="en" lang="en">
 <head>
  <title>
</title>
<meta http-equiv="Content-Type" content="text/html;charset=utf-8" />
  <meta name='ocr-system' content='tesseract 3.04.00' />
  <meta name='ocr-capabilities' content='ocr_page ocr_carea ocr_par ocr_line ocrx_word'/>
</head>
<body>
  <div class='ocr_page' id='page_1' title='image "./operazeune03horauoft/operazeune03horauoft_0120.png"; bbox 0 0 1916 3262; ppageno 0'>
   <div class='ocr_carea' id='block_1_1' title="bbox 396 289 505 330">
    <p class='ocr_par' dir='ltr' id='par_1_1' title="bbox 396 289 505 330">
     <span class='ocr_line' id='line_1_1' title="bbox 396 289 505 330; baseline 0 0"><span class='ocrx_word' id='word_1_1' title='bbox 396 289 505 330; x_wconf 79' lang='lat'><strong>1266</strong></span> 
     </span>
    </p>
   </div>
   <div class='ocr_carea' id='block_1_2' title="bbox 394 387 1802 1093">
    <p class='ocr_par' dir='ltr' id='par_1_2' title="bbox 395 387 1539 442">
     <span class='ocr_line' id='line_1_2' title="bbox 395 387 1539 442; baseline -0.004 -9"><span class='ocrx_word' id='word_1_2' title='bbox 395 393 586 442; x_wconf 87' lang='lat' dir='ltr'><strong>Tollam;</strong></span> <span class='ocrx_word' id='word_1_3' title='bbox 615 404 691 432; x_wconf 88' lang='lat' dir='ltr'><strong>nec</strong></span> <span class='ocrx_word' id='word_1_4' title='bbox 711 395 898 431; x_wconf 86' lang='lat' dir='ltr'><strong>metuam</strong></span> <span class='ocrx_word' id='word_1_5' title='bbox 918 388 1097 442; x_wconf 82' lang='lat' dir='ltr'><strong>quidde</strong></span> <span class='ocrx_word' id='word_1_6' title='bbox 1117 401 1185 429; x_wconf 90' lang='lat' dir='ltr'><strong>me</strong></span> <span class='ocrx_word' id='word_1_7' title='bbox 1201 389 1367 442; x_wconf 87' lang='lat' dir='ltr'><strong>judicet</strong></span> <span class='ocrx_word' id='word_1_8' title='bbox 1387 387 1539 437; x_wconf 71' lang='lat' dir='ltr'><strong>haeres,</strong></span> 
     </span>
    </p>

    <p class='ocr_par' dir='ltr' id='par_1_3' title="bbox 396 454 1523 509">
     <span class='ocr_line' id='line_1_3' title="bbox 396 454 1523 509; baseline -0.004 -11"><span class='ocrx_word' id='word_1_9' title='bbox 396 457 528 507; x_wconf 84' lang='lat' dir='ltr'><strong>Quod</strong></span> <span class='ocrx_word' id='word_1_10' title='bbox 548 469 633 496; x_wconf 92' lang='lat' dir='ltr'><strong>non</strong></span> <span class='ocrx_word' id='word_1_11' title='bbox 651 456 776 509; x_wconf 86' lang='lat' dir='ltr'><strong>plura</strong></span> <span class='ocrx_word' id='word_1_12' title='bbox 793 455 906 495; x_wconf 85' lang='lat' dir='ltr'><strong>datis</strong></span> <span class='ocrx_word' id='word_1_13' title='bbox 925 454 1152 494; x_wconf 83' lang='lat' dir='ltr'><strong>invenerit:</strong></span> <span class='ocrx_word' id='word_1_14' title='bbox 1190 459 1232 494; x_wconf 83' lang='lat' dir='ltr'><strong>et</strong></span> <span class='ocrx_word' id='word_1_15' title='bbox 1250 458 1391 495; x_wconf 84' lang='lat' dir='ltr'><strong>tamen</strong></span> <span class='ocrx_word' id='word_1_16' title='bbox 1411 454 1523 494; x_wconf 88' lang='lat' dir='ltr'><strong>idem</strong></span> 
     </span>
    </p>

    <p class='ocr_par' dir='ltr' id='par_1_4' title="bbox 395 519 1535 573">
     <span class='ocr_line' id='line_1_4' title="bbox 395 519 1535 573; baseline -0.004 -10"><span class='ocrx_word' id='word_1_17' title='bbox 395 523 515 563; x_wconf 88' lang='lat' dir='ltr'><strong>Scire</strong></span> <span class='ocrx_word' id='word_1_18' title='bbox 538 522 679 563; x_wconf 86' lang='lat' dir='ltr'><strong>volam</strong></span> <span class='ocrx_word' id='word_1_19' title='bbox 700 523 904 573; x_wconf 87' lang='lat' dir='ltr'><strong>quantum</strong></span> <span class='ocrx_word' id='word_1_20' title='bbox 922 519 1109 571; x_wconf 85' lang='lat' dir='ltr'><strong>simplex</strong></span> <span class='ocrx_word' id='word_1_21' title='bbox 1128 519 1363 572; x_wconf 82' lang='lat' dir='ltr'><strong>hilarisque</strong></span> <span class='ocrx_word' id='word_1_22' title='bbox 1384 519 1535 570; x_wconf 81' lang='lat' dir='ltr'><strong>nepoti</strong></span> 
     </span>
    </p>

    <p class='ocr_par' dir='ltr' id='par_1_5' title="bbox 395 582 1576 641">
     <span class='ocr_line' id='line_1_5' title="bbox 395 582 1576 641; baseline -0.007 -11"><span class='ocrx_word' id='word_1_23' title='bbox 395 589 637 641; x_wconf 85' lang='lat' dir='ltr'><strong>Discrepet‚</strong></span> <span class='ocrx_word' id='word_1_24' title='bbox 659 592 702 627; x_wconf 88' lang='lat' dir='ltr'><strong>et</strong></span> <span class='ocrx_word' id='word_1_25' title='bbox 722 589 933 638; x_wconf 84' lang='lat' dir='ltr'><strong>quantum</strong></span> <span class='ocrx_word' id='word_1_26' title='bbox 954 583 1173 624; x_wconf 84' lang='lat' dir='ltr'><strong>discordet</strong></span> <span class='ocrx_word' id='word_1_27' title='bbox 1193 596 1348 636; x_wconf 84' lang='lat' dir='ltr'><strong>parcus</strong></span> <span class='ocrx_word' id='word_1_28' title='bbox 1370 595 1515 624; x_wconf 81' lang='lat' dir='ltr'><strong>avaro,</strong></span> <span class='ocrx_word' id='word_1_29' title='bbox 1573 582 1576 585; x_wconf 69' lang='grc'>’</span> 
     </span>
    </p>

    <p class='ocr_par' dir='ltr' id='par_1_6' title="bbox 394 646 1802 767">
     <span class='ocr_line' id='line_1_6' title="bbox 395 646 1802 702; baseline -0.005 -7"><span class='ocrx_word' id='word_1_30' title='bbox 395 654 542 695; x_wconf 86' lang='lat' dir='ltr'><strong>Distat</strong></span> <span class='ocrx_word' id='word_1_31' title='bbox 561 653 685 699; x_wconf 89' lang='lat' dir='ltr'><strong>enim,</strong></span> <span class='ocrx_word' id='word_1_32' title='bbox 706 662 883 702; x_wconf 86' lang='lat' dir='ltr'>spargas</span> <span class='ocrx_word' id='word_1_33' title='bbox 899 654 971 689; x_wconf 84' lang='lat' dir='ltr'><strong>tua</strong></span> <span class='ocrx_word' id='word_1_34' title='bbox 992 648 1210 700; x_wconf 87' lang='lat' dir='ltr'><strong>prodigus,</strong></span> <span class='ocrx_word' id='word_1_35' title='bbox 1230 661 1283 689; x_wconf 85' lang='lat' dir='ltr'><strong>an</strong></span> <span class='ocrx_word' id='word_1_36' title='bbox 1302 661 1444 701; x_wconf 86' lang='lat' dir='ltr'><strong>neque</strong></span> <span class='ocrx_word' id='word_1_37' title='bbox 1465 651 1650 688; x_wconf 80' lang='lat' dir='ltr'><strong>sumtum</strong></span> <span class='ocrx_word' id='word_1_38' title='bbox 1719 646 1802 688; x_wconf 81' lang='lat'><strong>195</strong></span> 
     </span>
     <span class='ocr_line' id='line_1_7' title="bbox 394 714 1414 767; baseline -0.007 -7"><span class='ocrx_word' id='word_1_39' title='bbox 394 719 564 759; x_wconf 87' lang='lat' dir='ltr'><strong>Invitus</strong></span> <span class='ocrx_word' id='word_1_40' title='bbox 582 716 734 765; x_wconf 83' lang='lat' dir='ltr'><strong>facias,</strong></span> <span class='ocrx_word' id='word_1_41' title='bbox 753 727 893 767; x_wconf 89' lang='lat' dir='ltr'><strong>neque</strong></span> <span class='ocrx_word' id='word_1_42' title='bbox 911 714 1034 766; x_wconf 86' lang='lat' dir='ltr'><strong>plura</strong></span> <span class='ocrx_word' id='word_1_43' title='bbox 1052 725 1202 766; x_wconf 85' lang='lat' dir='ltr'><strong>parare</strong></span> <span class='ocrx_word' id='word_1_44' title='bbox 1221 715 1388 755; x_wconf 85' lang='lat' dir='ltr'><strong>labores</strong></span> <span class='ocrx_word' id='word_1_45' title='bbox 1403 728 1414 764; x_wconf 89' lang='lat'>;</span> 
     </span>
    </p>

    <p class='ocr_par' dir='ltr' id='par_1_7' title="bbox 394 779 1446 836">
     <span class='ocr_line' id='line_1_8' title="bbox 394 779 1446 836; baseline -0.006 -12"><span class='ocrx_word' id='word_1_46' title='bbox 394 783 462 824; x_wconf 89' lang='lat' dir='ltr'><strong>Ac</strong></span> <span class='ocrx_word' id='word_1_47' title='bbox 479 783 635 836; x_wconf 89' lang='lat' dir='ltr'><strong>potius,</strong></span> <span class='ocrx_word' id='word_1_48' title='bbox 655 793 759 834; x_wconf 84' lang='lat' dir='ltr'><strong>puer</strong></span> <span class='ocrx_word' id='word_1_49' title='bbox 778 786 827 820; x_wconf 83' lang='lat' dir='ltr'><strong>ut</strong></span> <span class='ocrx_word' id='word_1_50' title='bbox 845 779 970 819; x_wconf 86' lang='lat' dir='ltr'><strong>festis</strong></span> <span class='ocrx_word' id='word_1_51' title='bbox 989 779 1314 831; x_wconf 85' lang='lat' dir='ltr'><strong>quinquatribus</strong></span> <span class='ocrx_word' id='word_1_52' title='bbox 1329 779 1446 826; x_wconf 93' lang='lat' dir='ltr'><strong>olim,</strong></span> 
     </span>
    </p>

    <p class='ocr_par' dir='ltr' id='par_1_8' title="bbox 395 843 1358 900">
     <span class='ocr_line' id='line_1_9' title="bbox 395 843 1358 900; baseline -0.005 -11"><span class='ocrx_word' id='word_1_53' title='bbox 395 849 563 900; x_wconf 85' lang='lat' dir='ltr'><strong>Exiguo</strong></span> <span class='ocrx_word' id='word_1_54' title='bbox 583 850 786 898; x_wconf 84' lang='lat' dir='ltr'><strong>gratoque</strong></span> <span class='ocrx_word' id='word_1_55' title='bbox 805 844 960 884; x_wconf 84' lang='lat' dir='ltr'><strong>fruaris</strong></span> <span class='ocrx_word' id='word_1_56' title='bbox 981 847 1171 895; x_wconf 86' lang='lat' dir='ltr'><strong>tempore</strong></span> <span class='ocrx_word' id='word_1_57' title='bbox 1192 843 1358 895; x_wconf 83' lang='lat' dir='ltr'><strong>raptim.</strong></span> 
     </span>
    </p>

    <p class='ocr_par' dir='ltr' id='par_1_9' title="bbox 395 908 1645 1027">
     <span class='ocr_line' id='line_1_10' title="bbox 395 908 1645 966; baseline -0.005 -13"><span class='ocrx_word' id='word_1_58' title='bbox 395 912 634 966; x_wconf 84' lang='lat' dir='ltr'><strong>Pauperies</strong></span> <span class='ocrx_word' id='word_1_59' title='bbox 654 909 875 950; x_wconf 85' lang='lat' dir='ltr'><strong>immunda</strong></span> <span class='ocrx_word' id='word_1_60' title='bbox 893 909 1022 948; x_wconf 89' lang='lat' dir='ltr'><strong>domu</strong></span> <span class='ocrx_word' id='word_1_61' title='bbox 1048 909 1196 960; x_wconf 90' lang='lat' dir='ltr'><strong>procul</strong></span> <span class='ocrx_word' id='word_1_62' title='bbox 1216 908 1332 948; x_wconf 81' lang='lat' dir='ltr'><strong>absit</strong></span> <span class='ocrx_word' id='word_1_63' title='bbox 1349 922 1359 948; x_wconf 66' lang='grc' dir='ltr'>ι</span> <span class='ocrx_word' id='word_1_64' title='bbox 1389 921 1482 960; x_wconf 86' lang='lat' dir='ltr'><strong>ego,</strong></span> <span class='ocrx_word' id='word_1_65' title='bbox 1503 911 1645 948; x_wconf 85' lang='lat' dir='ltr'><strong>utrum</strong></span> 
     </span>
     <span class='ocr_line' id='line_1_11' title="bbox 395 972 1518 1027; baseline -0.006 -9"><span class='ocrx_word' id='word_1_66' title='bbox 395 977 521 1018; x_wconf 87' lang='lat' dir='ltr'><strong>Nave</strong></span> <span class='ocrx_word' id='word_1_67' title='bbox 539 976 651 1017; x_wconf 84' lang='lat' dir='ltr'><strong>ferar</strong></span> <span class='ocrx_word' id='word_1_68' title='bbox 668 987 821 1027; x_wconf 86' lang='lat' dir='ltr'><strong>magna</strong></span> <span class='ocrx_word' id='word_1_69' title='bbox 836 986 889 1014; x_wconf 85' lang='lat' dir='ltr'><strong>an</strong></span> <span class='ocrx_word' id='word_1_70' title='bbox 910 985 1054 1025; x_wconf 84' lang='lat' dir='ltr'><strong>parva,</strong></span> <span class='ocrx_word' id='word_1_71' title='bbox 1072 972 1185 1012; x_wconf 84' lang='lat' dir='ltr'><strong>ferar</strong></span> <span class='ocrx_word' id='word_1_72' title='bbox 1200 985 1311 1012; x_wconf 92' lang='lat' dir='ltr'><strong>unus</strong></span> <span class='ocrx_word' id='word_1_73' title='bbox 1331 977 1374 1012; x_wconf 84' lang='lat' dir='ltr'><strong>et</strong></span> <span class='ocrx_word' id='word_1_74' title='bbox 1393 973 1518 1012; x_wconf 90' lang='lat' dir='ltr'><strong>idem.</strong></span> 
     </span>
    </p>

    <p class='ocr_par' dir='ltr' id='par_1_10' title="bbox 395 1037 1457 1093">
     <span class='ocr_line' id='line_1_12' title="bbox 395 1037 1457 1093; baseline -0.006 -10"><span class='ocrx_word' id='word_1_75' title='bbox 395 1043 498 1083; x_wconf 92' lang='lat' dir='ltr'><strong>Non</strong></span> <span class='ocrx_word' id='word_1_76' title='bbox 519 1042 680 1093; x_wconf 86' lang='lat' dir='ltr'><strong>agimur</strong></span> <span class='ocrx_word' id='word_1_77' title='bbox 699 1040 872 1081; x_wconf 89' lang='lat' dir='ltr'><strong>tumidis</strong></span> <span class='ocrx_word' id='word_1_78' title='bbox 891 1039 996 1079; x_wconf 89' lang='lat' dir='ltr'><strong>velis</strong></span> <span class='ocrx_word' id='word_1_79' title='bbox 1017 1038 1219 1091; x_wconf 83' lang='lat' dir='ltr'><strong>aquilone</strong></span> <span class='ocrx_word' id='word_1_80' title='bbox 1241 1037 1457 1087; x_wconf 62' lang='lat' dir='ltr'><strong>secundm</strong></span> 
     </span>
    </p>
   </div>
   <div class='ocr_carea' id='block_1_3' title="bbox 855 295 1335 335">
    <p class='ocr_par' dir='ltr' id='par_1_11' title="bbox 855 295 1335 335">
     <span class='ocr_line' id='line_1_13' title="bbox 855 295 1335 335; baseline -0.004 -8"><span class='ocrx_word' id='word_1_81' title='bbox 855 300 899 335; x_wconf 83' lang='lat' dir='ltr'><strong>Q.</strong></span> <span class='ocrx_word' id='word_1_82' title='bbox 932 295 1134 326; x_wconf 78' lang='lat' dir='ltr'><strong>HoRA&#39;ru</strong></span> <span class='ocrx_word' id='word_1_83' title='bbox 1169 297 1335 327; x_wconf 78' lang='lat' dir='ltr'><strong>FLAcct</strong></span> 
     </span>
    </p>
   </div>
   <div class='ocr_carea' id='block_1_4' title="bbox 1720 971 1802 1012">
    <p class='ocr_par' dir='ltr' id='par_1_12' title="bbox 1720 971 1802 1012">
     <span class='ocr_line' id='line_1_14' title="bbox 1720 971 1802 1012; baseline -0.012 0"><span class='ocrx_word' id='word_1_84' title='bbox 1720 971 1802 1012; x_wconf 72' lang='lat'><strong>200</strong></span> 
     </span>
    </p>
   </div>
   <div class='ocr_carea' id='block_1_5' title="bbox 386 1153 1805 1440">
    <p class='ocr_par' dir='ltr' id='par_1_13' title="bbox 386 1153 1805 1440">
     <span class='ocr_line' id='line_1_15' title="bbox 393 1153 1803 1196; baseline -0.003 -8"><span class='ocrx_word' id='word_1_85' title='bbox 393 1167 508 1189; x_wconf 77' lang='lat' dir='ltr'><strong>sumam</strong></span> <span class='ocrx_word' id='word_1_86' title='bbox 521 1157 599 1196; x_wconf 79' lang='lat' dir='ltr'><strong>quod</strong></span> <span class='ocrx_word' id='word_1_87' title='bbox 612 1164 685 1194; x_wconf 82' lang='lat' dir='ltr'><strong>opus</strong></span> <span class='ocrx_word' id='word_1_88' title='bbox 699 1156 757 1185; x_wconf 74' lang='lat' dir='ltr'><strong>erit</strong></span> <span class='ocrx_word' id='word_1_89' title='bbox 765 1166 776 1191; x_wconf 90' lang='lat'><strong><em>;</em></strong></span> <span class='ocrx_word' id='word_1_90' title='bbox 791 1165 844 1185; x_wconf 84' lang='lat' dir='ltr'><strong>nec</strong></span> <span class='ocrx_word' id='word_1_91' title='bbox 856 1155 968 1185; x_wconf 82' lang='lat' dir='ltr'><strong>curabo</strong></span> <span class='ocrx_word' id='word_1_92' title='bbox 980 1155 1052 1194; x_wconf 82' lang='lat' dir='ltr'><strong>quid</strong></span> <span class='ocrx_word' id='word_1_93' title='bbox 1066 1156 1162 1185; x_wconf 73' lang='lat' dir='ltr'><strong>haeres</strong></span> <span class='ocrx_word' id='word_1_94' title='bbox 1176 1156 1212 1185; x_wconf 79' lang='lat' dir='ltr'><strong>de</strong></span> <span class='ocrx_word' id='word_1_95' title='bbox 1227 1163 1272 1184; x_wconf 90' lang='lat' dir='ltr'><strong>me</strong></span> <span class='ocrx_word' id='word_1_96' title='bbox 1286 1158 1415 1188; x_wconf 78' lang='lat' dir='ltr'><strong>censeat,</strong></span> <span class='ocrx_word' id='word_1_97' title='bbox 1428 1155 1498 1194; x_wconf 84' lang='lat' dir='ltr'><strong>quia</strong></span> <span class='ocrx_word' id='word_1_98' title='bbox 1512 1163 1569 1183; x_wconf 80' lang='lat' dir='ltr'><strong>non</strong></span> <span class='ocrx_word' id='word_1_99' title='bbox 1583 1153 1728 1191; x_wconf 79' lang='lat' dir='ltr'><strong>repererit</strong></span> <span class='ocrx_word' id='word_1_100' title='bbox 1739 1162 1803 1184; x_wconf 78' lang='lat' dir='ltr'><strong>ma-</strong></span> 
     </span>
     <span class='ocr_line' id='line_1_16' title="bbox 386 1194 1805 1237; baseline -0.004 -8"><span class='ocrx_word' id='word_1_101' title='bbox 386 1200 471 1237; x_wconf 81' lang='lat' dir='ltr'><strong>jores</strong></span> <span class='ocrx_word' id='word_1_102' title='bbox 484 1207 551 1237; x_wconf 83' lang='lat' dir='ltr'><strong>opes</strong></span> <span class='ocrx_word' id='word_1_103' title='bbox 565 1206 653 1236; x_wconf 85' lang='lat' dir='ltr'><strong>quam</strong></span> <span class='ocrx_word' id='word_1_104' title='bbox 666 1196 741 1226; x_wconf 70' lang='lat' dir='ltr'><strong>mihi</strong></span> <span class='ocrx_word' id='word_1_105' title='bbox 756 1198 874 1226; x_wconf 78' lang='lat' dir='ltr'><strong>donatae</strong></span> <span class='ocrx_word' id='word_1_106' title='bbox 887 1197 960 1226; x_wconf 75' lang='lat' dir='ltr'><strong>sint.</strong></span> <span class='ocrx_word' id='word_1_107' title='bbox 1005 1196 1072 1234; x_wconf 79' lang='lat' dir='ltr'><strong>Ipse</strong></span> <span class='ocrx_word' id='word_1_108' title='bbox 1097 1199 1196 1226; x_wconf 82' lang='lat' dir='ltr'><strong>tamen</strong></span> <span class='ocrx_word' id='word_1_109' title='bbox 1219 1196 1334 1235; x_wconf 82' lang='lat' dir='ltr'><strong>cupiam</strong></span> <span class='ocrx_word' id='word_1_110' title='bbox 1354 1205 1440 1225; x_wconf 74' lang='lat' dir='ltr'><strong>nosse</strong></span> <span class='ocrx_word' id='word_1_111' title='bbox 1463 1195 1534 1234; x_wconf 82' lang='lat' dir='ltr'><strong>quid</strong></span> <span class='ocrx_word' id='word_1_112' title='bbox 1557 1194 1648 1224; x_wconf 73' lang='lat' dir='ltr'><strong>bonus</strong></span> <span class='ocrx_word' id='word_1_113' title='bbox 1662 1195 1805 1234; x_wconf 69' lang='lat' dir='ltr'><strong>letusque</strong></span> 
     </span>
     <span class='ocr_line' id='line_1_17' title="bbox 393 1235 1805 1280; baseline -0.004 -9"><span class='ocrx_word' id='word_1_114' title='bbox 393 1240 520 1280; x_wconf 66' lang='lat' dir='ltr'><strong>differat</strong></span> <span class='ocrx_word' id='word_1_115' title='bbox 533 1248 552 1268; x_wconf 88' lang='lat' dir='ltr'><strong>a</strong></span> <span class='ocrx_word' id='word_1_116' title='bbox 564 1238 729 1275; x_wconf 81' lang='lat' dir='ltr'><strong>luxurioso,</strong></span> <span class='ocrx_word' id='word_1_117' title='bbox 744 1243 773 1269; x_wconf 85' lang='lat' dir='ltr'><strong>et</strong></span> <span class='ocrx_word' id='word_1_118' title='bbox 788 1240 931 1276; x_wconf 83' lang='lat' dir='ltr'><strong>quantum</strong></span> <span class='ocrx_word' id='word_1_119' title='bbox 946 1237 1038 1267; x_wconf 68' lang='lat' dir='ltr'><strong>distet</strong></span> <span class='ocrx_word' id='word_1_120' title='bbox 1051 1237 1192 1276; x_wconf 76' lang='lat' dir='ltr'><strong>frugalis</strong></span> <span class='ocrx_word' id='word_1_121' title='bbox 1205 1247 1223 1267; x_wconf 87' lang='lat' dir='ltr'><strong>a</strong></span> <span class='ocrx_word' id='word_1_122' title='bbox 1236 1237 1367 1267; x_wconf 76' lang='lat' dir='ltr'><strong>sordido.</strong></span> <span class='ocrx_word' id='word_1_123' title='bbox 1405 1236 1522 1274; x_wconf 74' lang='lat' dir='ltr'><strong>Quippe</strong></span> <span class='ocrx_word' id='word_1_124' title='bbox 1536 1236 1630 1266; x_wconf 75' lang='lat' dir='ltr'><strong>latum</strong></span> <span class='ocrx_word' id='word_1_125' title='bbox 1643 1235 1805 1266; x_wconf 74' lang='lat' dir='ltr'><strong>discrimen</strong></span> 
     </span>
     <span class='ocr_line' id='line_1_18' title="bbox 393 1276 1804 1319; baseline -0.004 -8"><span class='ocrx_word' id='word_1_126' title='bbox 393 1284 565 1319; x_wconf 54' lang='lat' dir='ltr'><strong>estyutrum</strong></span> <span class='ocrx_word' id='word_1_127' title='bbox 579 1279 654 1308; x_wconf 77' lang='lat' dir='ltr'><strong>bona</strong></span> <span class='ocrx_word' id='word_1_128' title='bbox 667 1282 720 1308; x_wconf 78' lang='lat' dir='ltr'><strong>lua</strong></span> <span class='ocrx_word' id='word_1_129' title='bbox 733 1280 809 1308; x_wconf 85' lang='lat' dir='ltr'><strong>male</strong></span> <span class='ocrx_word' id='word_1_130' title='bbox 828 1278 1007 1317; x_wconf 81' lang='lat' dir='ltr'><strong>profundas,</strong></span> <span class='ocrx_word' id='word_1_131' title='bbox 1022 1287 1062 1307; x_wconf 83' lang='lat' dir='ltr'><strong>an</strong></span> <span class='ocrx_word' id='word_1_132' title='bbox 1075 1281 1179 1317; x_wconf 71' lang='lat' dir='ltr'><strong>sponte</strong></span> <span class='ocrx_word' id='word_1_133' title='bbox 1193 1279 1349 1314; x_wconf 79' lang='lat' dir='ltr'><strong>imumas;</strong></span> <span class='ocrx_word' id='word_1_134' title='bbox 1369 1286 1424 1307; x_wconf 82' lang='lat' dir='ltr'><strong>nec</strong></span> <span class='ocrx_word' id='word_1_135' title='bbox 1437 1276 1552 1314; x_wconf 75' lang='lat' dir='ltr'><strong>maa&#39;ora</strong></span> <span class='ocrx_word' id='word_1_136' title='bbox 1569 1286 1727 1315; x_wconf 76' lang='lat' dir='ltr'><strong>congerere</strong></span> <span class='ocrx_word' id='word_1_137' title='bbox 1739 1279 1804 1307; x_wconf 80' lang='lat' dir='ltr'><strong>stu-</strong></span> 
     </span>
     <span class='ocr_line' id='line_1_19' title="bbox 393 1316 1804 1359; baseline -0.004 -6"><span class='ocrx_word' id='word_1_138' title='bbox 393 1324 481 1353; x_wconf 72' lang='lat' dir='ltr'><strong>deas:</strong></span> <span class='ocrx_word' id='word_1_139' title='bbox 504 1320 578 1359; x_wconf 72' lang='lat' dir='ltr'><strong>quin</strong></span> <span class='ocrx_word' id='word_1_140' title='bbox 598 1319 701 1357; x_wconf 81' lang='lat' dir='ltr'><strong>potius</strong></span> <span class='ocrx_word' id='word_1_141' title='bbox 721 1319 834 1357; x_wconf 78' lang='lat' dir='ltr'><strong>raptim</strong></span> <span class='ocrx_word' id='word_1_142' title='bbox 852 1321 952 1348; x_wconf 75' lang='lat' dir='ltr'><strong>utaris</strong></span> <span class='ocrx_word' id='word_1_143' title='bbox 974 1319 1111 1357; x_wconf 75' lang='lat' dir='ltr'><strong>deinceps</strong></span> <span class='ocrx_word' id='word_1_144' title='bbox 1132 1319 1214 1348; x_wconf 76' lang='lat' dir='ltr'><strong>brevi</strong></span> <span class='ocrx_word' id='word_1_145' title='bbox 1234 1322 1265 1349; x_wconf 80' lang='lat' dir='ltr'><strong>et</strong></span> <span class='ocrx_word' id='word_1_146' title='bbox 1284 1319 1423 1356; x_wconf 74' lang='lat' dir='ltr'><strong>jucunda</strong></span> <span class='ocrx_word' id='word_1_147' title='bbox 1443 1321 1546 1355; x_wconf 80' lang='lat' dir='ltr'><strong>oetate,</strong></span> <span class='ocrx_word' id='word_1_148' title='bbox 1569 1317 1647 1348; x_wconf 77' lang='lat' dir='ltr'><strong>sicut</strong></span> <span class='ocrx_word' id='word_1_149' title='bbox 1665 1326 1740 1357; x_wconf 80' lang='lat' dir='ltr'><strong>puer</strong></span> <span class='ocrx_word' id='word_1_150' title='bbox 1753 1316 1804 1354; x_wconf 78' lang='lat' dir='ltr'><strong>se·</strong></span> 
     </span>
     <span class='ocr_line' id='line_1_20' title="bbox 393 1358 1805 1401; baseline -0.003 -9"><span class='ocrx_word' id='word_1_151' title='bbox 393 1363 451 1392; x_wconf 78' lang='lat' dir='ltr'><strong>riis</strong></span> <span class='ocrx_word' id='word_1_152' title='bbox 473 1359 710 1401; x_wconf 76' lang='lat' dir='ltr'><strong>quinquatribus.</strong></span> <span class='ocrx_word' id='word_1_153' title='bbox 754 1360 804 1389; x_wconf 83' lang='lat' dir='ltr'><strong>Ne</strong></span> <span class='ocrx_word' id='word_1_154' title='bbox 827 1368 875 1388; x_wconf 80' lang='lat' dir='ltr'><strong>res</strong></span> <span class='ocrx_word' id='word_1_155' title='bbox 887 1358 1058 1395; x_wconf 80' lang='lat' dir='ltr'><strong>familiaris</strong></span> <span class='ocrx_word' id='word_1_156' title='bbox 1072 1359 1158 1397; x_wconf 79' lang='lat' dir='ltr'><strong>inops</strong></span> <span class='ocrx_word' id='word_1_157' title='bbox 1182 1362 1235 1388; x_wconf 80' lang='lat' dir='ltr'><strong>aut</strong></span> <span class='ocrx_word' id='word_1_158' title='bbox 1249 1359 1370 1388; x_wconf 80' lang='lat' dir='ltr'><strong>sordida</strong></span> <span class='ocrx_word' id='word_1_159' title='bbox 1394 1359 1455 1388; x_wconf 76' lang='lat' dir='ltr'><strong>sit:</strong></span> <span class='ocrx_word' id='word_1_160' title='bbox 1475 1363 1607 1388; x_wconf 81' lang='lat' dir='ltr'><strong>ceterum</strong></span> <span class='ocrx_word' id='word_1_161' title='bbox 1626 1368 1679 1388; x_wconf 78' lang='lat' dir='ltr'><strong>seu</strong></span> <span class='ocrx_word' id='word_1_162' title='bbox 1706 1358 1805 1397; x_wconf 72' lang='lat' dir='ltr'><strong>atnpla</strong></span> 
     </span>
     <span class='ocr_line' id='line_1_21' title="bbox 393 1397 1804 1440; baseline -0.004 -7"><span class='ocrx_word' id='word_1_163' title='bbox 393 1412 446 1434; x_wconf 70' lang='lat' dir='ltr'><strong>seu</strong></span> <span class='ocrx_word' id='word_1_164' title='bbox 470 1403 582 1440; x_wconf 72' lang='lat' dir='ltr'><strong>exigua</strong></span> <span class='ocrx_word' id='word_1_165' title='bbox 611 1399 715 1440; x_wconf 80' lang='lat' dir='ltr'><strong><em>cymba</em></strong></span> <span class='ocrx_word' id='word_1_166' title='bbox 745 1399 848 1438; x_wconf 78' lang='lat' dir='ltr'><strong>vehar,</strong></span> <span class='ocrx_word' id='word_1_167' title='bbox 871 1399 933 1438; x_wconf 77' lang='lat' dir='ltr'><strong>ipse</strong></span> <span class='ocrx_word' id='word_1_168' title='bbox 962 1399 1097 1437; x_wconf 77' lang='lat' dir='ltr'><strong>idemque</strong></span> <span class='ocrx_word' id='word_1_169' title='bbox 1127 1407 1188 1429; x_wconf 82' lang='lat' dir='ltr'><strong>ero.</strong></span> <span class='ocrx_word' id='word_1_170' title='bbox 1235 1399 1305 1428; x_wconf 80' lang='lat' dir='ltr'><strong>Non</strong></span> <span class='ocrx_word' id='word_1_171' title='bbox 1324 1398 1443 1438; x_wconf 78' lang='lat' dir='ltr'><strong>inflatis</strong></span> <span class='ocrx_word' id='word_1_172' title='bbox 1464 1397 1584 1437; x_wconf 82' lang='lat' dir='ltr'><strong>quidem</strong></span> <span class='ocrx_word' id='word_1_173' title='bbox 1618 1399 1694 1428; x_wconf 71' lang='lat' dir='ltr'><strong>velis</strong></span> <span class='ocrx_word' id='word_1_174' title='bbox 1715 1397 1804 1435; x_wconf 85' lang='lat' dir='ltr'><strong>feror</strong></span> 
     </span>
    </p>
   </div>
   <div class='ocr_carea' id='block_1_6' title="bbox 983 1478 1217 1491">
    <p class='ocr_par' dir='ltr' id='par_1_14' title="bbox 983 1478 1217 1491">
     <span class='ocr_line' id='line_1_22' title="bbox 983 1478 1217 1491; baseline -0.009 0"><span class='ocrx_word' id='word_1_175' title='bbox 983 1478 1217 1491; x_wconf 55' lang='lat' dir='ltr'><strong>moro-oenoe</strong></span> 
     </span>
    </p>
   </div>
   <div class='ocr_carea' id='block_1_7' title="bbox 384 1541 1807 2032">
    <p class='ocr_par' dir='ltr' id='par_1_15' title="bbox 384 1541 1807 2032">
     <span class='ocr_line' id='line_1_23' title="bbox 390 1541 1801 1587; baseline -0.006 -10"><span class='ocrx_word' id='word_1_176' title='bbox 390 1550 494 1587; x_wconf 78' lang='lat' dir='ltr'><strong>poscat</strong></span> <span class='ocrx_word' id='word_1_177' title='bbox 507 1546 731 1577; x_wconf 86' lang='lat' dir='ltr'><strong>Schoenhorn.</strong></span> <span class='ocrx_word' id='word_1_178' title='bbox 747 1548 882 1576; x_wconf 81' lang='lat'>2.—191</span> <span class='ocrx_word' id='word_1_179' title='bbox 901 1546 980 1575; x_wconf 79' lang='lat' dir='ltr'><strong>Vat.</strong></span> <span class='ocrx_word' id='word_1_180' title='bbox 996 1544 1104 1574; x_wconf 78' lang='lat' dir='ltr'><strong>Palat.</strong></span> <span class='ocrx_word' id='word_1_181' title='bbox 1119 1546 1150 1573; x_wconf 82' lang='lat'><strong>3.</strong></span> <span class='ocrx_word' id='word_1_182' title='bbox 1165 1552 1201 1573; x_wconf 87' lang='lat' dir='ltr'><strong>ne</strong></span> <span class='ocrx_word' id='word_1_183' title='bbox 1217 1543 1464 1573; x_wconf 62' lang='lat' dir='ltr'><strong>metuam—192</strong></span> <span class='ocrx_word' id='word_1_184' title='bbox 1482 1541 1564 1576; x_wconf 76' lang='lat' dir='ltr'><strong>Quid</strong></span> <span class='ocrx_word' id='word_1_185' title='bbox 1578 1549 1638 1570; x_wconf 84' lang='lat' dir='ltr'><strong>non</strong></span> <span class='ocrx_word' id='word_1_186' title='bbox 1653 1545 1801 1571; x_wconf 82' lang='lat' dir='ltr'><strong>notatum</strong></span> 
     </span>
     <span class='ocr_line' id='line_1_24' title="bbox 394 1581 1803 1621; baseline -0.006 -2"><span class='ocrx_word' id='word_1_187' title='bbox 394 1598 437 1619; x_wconf 88' lang='lat' dir='ltr'><strong>ex</strong></span> <span class='ocrx_word' id='word_1_188' title='bbox 453 1587 527 1618; x_wconf 89' lang='lat' dir='ltr'><strong>cod.</strong></span> <span class='ocrx_word' id='word_1_189' title='bbox 543 1588 575 1617; x_wconf 92' lang='lat' dir='ltr'><strong>in</strong></span> <span class='ocrx_word' id='word_1_190' title='bbox 590 1596 649 1617; x_wconf 83' lang='lat' dir='ltr'><strong>ora</strong></span> <span class='ocrx_word' id='word_1_191' title='bbox 663 1587 715 1616; x_wconf 88' lang='lat' dir='ltr'><strong>ed.</strong></span> <span class='ocrx_word' id='word_1_192' title='bbox 738 1586 814 1616; x_wconf 86' lang='lat' dir='ltr'><strong>Ald.</strong></span> <span class='ocrx_word' id='word_1_193' title='bbox 832 1589 924 1616; x_wconf 88' lang='grc'><strong>1509.</strong></span> <span class='ocrx_word' id='word_1_194' title='bbox 946 1585 1105 1616; x_wconf 83' lang='lat' dir='ltr'><strong>Biblioth.</strong></span> <span class='ocrx_word' id='word_1_195' title='bbox 1122 1583 1402 1614; x_wconf 49' lang='grc' dir='ltr'><strong>Βοιωτίῳ-193</strong></span> <span class='ocrx_word' id='word_1_196' title='bbox 1419 1583 1562 1620; x_wconf 85' lang='lat' dir='ltr'><strong>Cuning.</strong></span> <span class='ocrx_word' id='word_1_197' title='bbox 1577 1581 1803 1621; x_wconf 72' lang='lat' dir='ltr'><strong>hilar-usque.—</strong></span> 
     </span>
     <span class='ocr_line' id='line_1_25' title="bbox 395 1622 1803 1666; baseline -0.003 -8"><span class='ocrx_word' id='word_1_198' title='bbox 395 1631 456 1660; x_wconf 73' lang='grc'><strong>194</strong></span> <span class='ocrx_word' id='word_1_199' title='bbox 479 1629 557 1658; x_wconf 75' lang='lat' dir='ltr'><strong>Vnt.</strong></span> <span class='ocrx_word' id='word_1_200' title='bbox 574 1630 623 1658; x_wconf 79' lang='lat'><strong>14.</strong></span> <span class='ocrx_word' id='word_1_201' title='bbox 638 1630 688 1658; x_wconf 90' lang='lat'><strong>19.</strong></span> <span class='ocrx_word' id='word_1_202' title='bbox 703 1627 969 1666; x_wconf 56' lang='lat' dir='ltr'><strong>discrepat—195</strong></span> <span class='ocrx_word' id='word_1_203' title='bbox 993 1627 1072 1656; x_wconf 76' lang='lat' dir='ltr'><strong>Vnt.</strong></span> <span class='ocrx_word' id='word_1_204' title='bbox 1090 1627 1139 1656; x_wconf 87' lang='lat'><strong>19.</strong></span> <span class='ocrx_word' id='word_1_205' title='bbox 1154 1635 1189 1656; x_wconf 79' lang='lat' dir='ltr'><strong>ac</strong></span> <span class='ocrx_word' id='word_1_206' title='bbox 1204 1626 1411 1664; x_wconf 60' lang='lat' dir='ltr'><strong>nequa—196</strong></span> <span class='ocrx_word' id='word_1_207' title='bbox 1433 1624 1511 1654; x_wconf 88' lang='lat' dir='ltr'><strong>Vat.</strong></span> <span class='ocrx_word' id='word_1_208' title='bbox 1527 1623 1635 1653; x_wconf 79' lang='lat' dir='ltr'><strong>Palat.</strong></span> <span class='ocrx_word' id='word_1_209' title='bbox 1653 1625 1682 1653; x_wconf 85' lang='lat' dir='ltr'><strong>l.</strong></span> <span class='ocrx_word' id='word_1_210' title='bbox 1691 1622 1803 1659; x_wconf 77' lang='lat' dir='ltr'><strong>facies-</strong></span> 
     </span>
     <span class='ocr_line' id='line_1_26' title="bbox 395 1663 1803 1708; baseline -0.004 -9"><span class='ocrx_word' id='word_1_211' title='bbox 395 1669 542 1700; x_wconf 84' lang='lat' dir='ltr'><strong>Chisian.</strong></span> <span class='ocrx_word' id='word_1_212' title='bbox 558 1671 588 1698; x_wconf 90' lang='lat'><strong>1.</strong></span> <span class='ocrx_word' id='word_1_213' title='bbox 613 1677 705 1708; x_wconf 84' lang='lat' dir='ltr'><strong>neque</strong></span> <span class='ocrx_word' id='word_1_214' title='bbox 717 1669 816 1707; x_wconf 81' lang='lat' dir='ltr'><strong>plura.</strong></span> <span class='ocrx_word' id='word_1_215' title='bbox 830 1669 906 1698; x_wconf 79' lang='lat' dir='ltr'><strong>Vat.</strong></span> <span class='ocrx_word' id='word_1_216' title='bbox 923 1668 1031 1697; x_wconf 80' lang='lat' dir='ltr'><strong>Palat.</strong></span> <span class='ocrx_word' id='word_1_217' title='bbox 1050 1670 1078 1697; x_wconf 89' lang='lat' dir='ltr'><strong>l.</strong></span> <span class='ocrx_word' id='word_1_218' title='bbox 1089 1676 1107 1696; x_wconf 83' lang='lat' dir='ltr'><strong>a</strong></span> <span class='ocrx_word' id='word_1_219' title='bbox 1122 1675 1165 1696; x_wconf 88' lang='lat' dir='ltr'><strong>m.</strong></span> <span class='ocrx_word' id='word_1_220' title='bbox 1181 1675 1230 1704; x_wconf 85' lang='lat' dir='ltr'><strong>pr.</strong></span> <span class='ocrx_word' id='word_1_221' title='bbox 1248 1665 1479 1696; x_wconf 59' lang='lat' dir='ltr'><strong>laborm—197</strong></span> <span class='ocrx_word' id='word_1_222' title='bbox 1500 1663 1657 1703; x_wconf 72' lang='lat' dir='ltr'><strong>Atpotiue</strong></span> <span class='ocrx_word' id='word_1_223' title='bbox 1668 1663 1803 1694; x_wconf 76' lang='lat' dir='ltr'><strong>Vatt.2.</strong></span> 
     </span>
     <span class='ocr_line' id='line_1_27' title="bbox 395 1705 1803 1747; baseline -0.004 -8"><span class='ocrx_word' id='word_1_224' title='bbox 395 1712 447 1740; x_wconf 89' lang='lat'><strong>19.</strong></span> <span class='ocrx_word' id='word_1_225' title='bbox 468 1710 547 1739; x_wconf 81' lang='lat' dir='ltr'><strong>Vat-</strong></span> <span class='ocrx_word' id='word_1_226' title='bbox 561 1709 671 1739; x_wconf 86' lang='lat' dir='ltr'><strong>Palat.</strong></span> <span class='ocrx_word' id='word_1_227' title='bbox 688 1712 716 1738; x_wconf 89' lang='lat' dir='ltr'><strong>l.</strong></span> <span class='ocrx_word' id='word_1_228' title='bbox 748 1708 799 1738; x_wconf 84' lang='lat' dir='ltr'><strong>An</strong></span> <span class='ocrx_word' id='word_1_229' title='bbox 814 1708 915 1747; x_wconf 75' lang='lat' dir='ltr'><strong>potius</strong></span> <span class='ocrx_word' id='word_1_230' title='bbox 926 1708 1005 1738; x_wconf 79' lang='lat' dir='ltr'><strong>Vnt.</strong></span> <span class='ocrx_word' id='word_1_231' title='bbox 1019 1709 1050 1738; x_wconf 80' lang='lat'><strong>4.</strong></span> <span class='ocrx_word' id='word_1_232' title='bbox 1084 1716 1160 1746; x_wconf 81' lang='lat' dir='ltr'><strong>puer</strong></span> <span class='ocrx_word' id='word_1_233' title='bbox 1174 1707 1294 1743; x_wconf 72' lang='lat' dir='ltr'><strong>infestis</strong></span> <span class='ocrx_word' id='word_1_234' title='bbox 1307 1705 1534 1736; x_wconf 84' lang='lat' dir='ltr'><strong>Schoenborn.</strong></span> <span class='ocrx_word' id='word_1_235' title='bbox 1548 1707 1579 1735; x_wconf 85' lang='lat'><strong>2.</strong></span> <span class='ocrx_word' id='word_1_236' title='bbox 1611 1705 1657 1735; x_wconf 75' lang='lat' dir='ltr'><strong>At</strong></span> <span class='ocrx_word' id='word_1_237' title='bbox 1666 1713 1754 1743; x_wconf 84' lang='lat' dir='ltr'><strong>puer,</strong></span> <span class='ocrx_word' id='word_1_238' title='bbox 1769 1708 1803 1734; x_wconf 71' lang='lat' dir='ltr'><strong>ue</strong></span> 
     </span>
     <span class='ocr_line' id='line_1_28' title="bbox 384 1745 1805 1788; baseline -0.003 -8"><span class='ocrx_word' id='word_1_239' title='bbox 384 1750 509 1787; x_wconf 80' lang='lat' dir='ltr'><strong>fruitur</strong></span> <span class='ocrx_word' id='word_1_240' title='bbox 523 1749 616 1788; x_wconf 76' lang='lat' dir='ltr'><strong>sestis</strong></span> <span class='ocrx_word' id='word_1_241' title='bbox 629 1749 856 1780; x_wconf 89' lang='lat' dir='ltr'><strong>Schoenborn.</strong></span> <span class='ocrx_word' id='word_1_242' title='bbox 871 1751 1007 1779; x_wconf 80' lang='grc'><strong>4.-199</strong></span> <span class='ocrx_word' id='word_1_243' title='bbox 1028 1748 1107 1778; x_wconf 87' lang='lat' dir='ltr'><strong>Vat.</strong></span> <span class='ocrx_word' id='word_1_244' title='bbox 1125 1747 1220 1777; x_wconf 86' lang='lat' dir='ltr'><strong>Rom.</strong></span> <span class='ocrx_word' id='word_1_245' title='bbox 1237 1750 1267 1777; x_wconf 88' lang='grc'><strong>8.</strong></span> <span class='ocrx_word' id='word_1_246' title='bbox 1290 1756 1309 1776; x_wconf 87' lang='lat' dir='ltr'><strong>a</strong></span> <span class='ocrx_word' id='word_1_247' title='bbox 1324 1756 1367 1776; x_wconf 90' lang='lat' dir='ltr'><strong>m.</strong></span> <span class='ocrx_word' id='word_1_248' title='bbox 1388 1755 1438 1784; x_wconf 83' lang='lat' dir='ltr'><strong>pr.</strong></span> <span class='ocrx_word' id='word_1_249' title='bbox 1461 1745 1526 1775; x_wconf 90' lang='lat' dir='ltr'><strong>duo</strong></span> <span class='ocrx_word' id='word_1_250' title='bbox 1547 1754 1601 1784; x_wconf 83' lang='lat' dir='ltr'><strong>ap.</strong></span> <span class='ocrx_word' id='word_1_251' title='bbox 1617 1745 1743 1776; x_wconf 81' lang='lat' dir='ltr'><strong>Valart.</strong></span> <span class='ocrx_word' id='word_1_252' title='bbox 1769 1751 1805 1776; x_wconf 88' lang='lat' dir='ltr'><strong>et</strong></span> 
     </span>
     <span class='ocr_line' id='line_1_29' title="bbox 395 1785 1803 1830; baseline -0.004 -9"><span class='ocrx_word' id='word_1_253' title='bbox 395 1800 478 1821; x_wconf 79' lang='lat' dir='ltr'><strong>unus</strong></span> <span class='ocrx_word' id='word_1_254' title='bbox 494 1800 548 1830; x_wconf 78' lang='lat' dir='ltr'><strong>ap.</strong></span> <span class='ocrx_word' id='word_1_255' title='bbox 561 1790 668 1820; x_wconf 83' lang='lat' dir='ltr'><strong>Pulm.</strong></span> <span class='ocrx_word' id='word_1_256' title='bbox 682 1791 784 1828; x_wconf 69' lang='lat' dir='ltr'><strong>mucul</strong></span> <span class='ocrx_word' id='word_1_257' title='bbox 797 1790 922 1828; x_wconf 76' lang='lat' dir='ltr'><strong>procu15</strong></span> <span class='ocrx_word' id='word_1_258' title='bbox 942 1789 989 1819; x_wconf 77' lang='lat' dir='ltr'><strong>ita</strong></span> <span class='ocrx_word' id='word_1_259' title='bbox 1006 1787 1110 1819; x_wconf 82' lang='lat' dir='ltr'><strong>edidit</strong></span> <span class='ocrx_word' id='word_1_260' title='bbox 1126 1788 1237 1818; x_wconf 85' lang='lat' dir='ltr'><strong>Bentl.</strong></span> <span class='ocrx_word' id='word_1_261' title='bbox 1251 1795 1391 1825; x_wconf 83' lang='lat' dir='ltr'><strong>eumque</strong></span> <span class='ocrx_word' id='word_1_262' title='bbox 1405 1786 1512 1816; x_wconf 80' lang='lat' dir='ltr'><strong>secuti</strong></span> <span class='ocrx_word' id='word_1_263' title='bbox 1536 1785 1643 1816; x_wconf 82' lang='lat' dir='ltr'><strong>Anon.</strong></span> <span class='ocrx_word' id='word_1_264' title='bbox 1657 1786 1747 1824; x_wconf 81' lang='lat' dir='ltr'><strong>Traj.</strong></span> <span class='ocrx_word' id='word_1_265' title='bbox 1761 1787 1803 1816; x_wconf 80' lang='lat' dir='ltr'><strong>ad</strong></span> 
     </span>
     <span class='ocr_line' id='line_1_30' title="bbox 395 1825 1807 1870; baseline -0.004 -7"><span class='ocrx_word' id='word_1_266' title='bbox 395 1833 501 1863; x_wconf 87' lang='lat' dir='ltr'><strong>Rhen.</strong></span> <span class='ocrx_word' id='word_1_267' title='bbox 516 1834 610 1862; x_wconf 75' lang='lat'>1713.</span> <span class='ocrx_word' id='word_1_268' title='bbox 633 1831 772 1868; x_wconf 81' lang='lat' dir='ltr'><strong>Cuning.</strong></span> <span class='ocrx_word' id='word_1_269' title='bbox 784 1830 930 1870; x_wconf 81' lang='lat' dir='ltr'><strong>Sandby,</strong></span> <span class='ocrx_word' id='word_1_270' title='bbox 946 1829 1080 1860; x_wconf 86' lang='lat' dir='ltr'><strong>Mervil.</strong></span> <span class='ocrx_word' id='word_1_271' title='bbox 1094 1829 1183 1859; x_wconf 85' lang='lat' dir='ltr'><strong>Phil.</strong></span> <span class='ocrx_word' id='word_1_272' title='bbox 1197 1827 1318 1859; x_wconf 81' lang='lat' dir='ltr'><strong>Sanad.</strong></span> <span class='ocrx_word' id='word_1_273' title='bbox 1333 1827 1461 1858; x_wconf 83' lang='lat' dir='ltr'><strong>Valart.</strong></span> <span class='ocrx_word' id='word_1_274' title='bbox 1476 1825 1611 1863; x_wconf 71' lang='lat' dir='ltr'><strong>Dorinh.</strong></span> <span class='ocrx_word' id='word_1_275' title='bbox 1625 1825 1758 1857; x_wconf 74' lang='lat' dir='ltr'><strong>Wakef.</strong></span> <span class='ocrx_word' id='word_1_276' title='bbox 1771 1830 1807 1858; x_wconf 88' lang='lat' dir='ltr'><strong>et</strong></span> 
     </span>
     <span class='ocr_line' id='line_1_31' title="bbox 395 1867 1803 1910; baseline -0.004 -6"><span class='ocrx_word' id='word_1_277' title='bbox 395 1872 499 1904; x_wconf 90' lang='lat' dir='ltr'><strong>Kidd.</strong></span> <span class='ocrx_word' id='word_1_278' title='bbox 519 1874 621 1903; x_wconf 72' lang='lat' dir='ltr'><strong>domus</strong></span> <span class='ocrx_word' id='word_1_279' title='bbox 635 1871 732 1902; x_wconf 88' lang='lat' dir='ltr'><strong>codd.</strong></span> <span class='ocrx_word' id='word_1_280' title='bbox 748 1870 819 1902; x_wconf 70' lang='lat' dir='ltr'><strong>fere</strong></span> <span class='ocrx_word' id='word_1_281' title='bbox 833 1880 947 1902; x_wconf 88' lang='lat' dir='ltr'><strong>omnes</strong></span> <span class='ocrx_word' id='word_1_282' title='bbox 963 1880 1036 1901; x_wconf 89' lang='lat' dir='ltr'><strong>cum</strong></span> <span class='ocrx_word' id='word_1_283' title='bbox 1050 1870 1198 1910; x_wconf 80' lang='lat' dir='ltr'><strong>plurimis</strong></span> <span class='ocrx_word' id='word_1_284' title='bbox 1213 1869 1290 1900; x_wconf 89' lang='lat' dir='ltr'><strong>edd.</strong></span> <span class='ocrx_word' id='word_1_285' title='bbox 1312 1870 1396 1899; x_wconf 83' lang='lat' dir='ltr'><strong>domo</strong></span> <span class='ocrx_word' id='word_1_286' title='bbox 1411 1868 1488 1898; x_wconf 72' lang='lat' dir='ltr'><strong>Vnt.</strong></span> <span class='ocrx_word' id='word_1_287' title='bbox 1505 1867 1612 1898; x_wconf 82' lang='lat' dir='ltr'><strong>Palat.</strong></span> <span class='ocrx_word' id='word_1_288' title='bbox 1625 1869 1657 1898; x_wconf 74' lang='lat'><strong>6.</strong></span> <span class='ocrx_word' id='word_1_289' title='bbox 1672 1871 1708 1898; x_wconf 82' lang='lat' dir='ltr'><strong>et</strong></span> <span class='ocrx_word' id='word_1_290' title='bbox 1721 1876 1803 1898; x_wconf 84' lang='lat' dir='ltr'><strong>nnus</strong></span> 
     </span>
     <span class='ocr_line' id='line_1_32' title="bbox 393 1907 1804 1952; baseline -0.005 -7"><span class='ocrx_word' id='word_1_291' title='bbox 393 1914 500 1945; x_wconf 82' lang='lat' dir='ltr'><strong>codex</strong></span> <span class='ocrx_word' id='word_1_292' title='bbox 513 1912 701 1944; x_wconf 77' lang='lat' dir='ltr'><strong>Pulmanni.</strong></span> <span class='ocrx_word' id='word_1_293' title='bbox 733 1913 823 1943; x_wconf 85' lang='lat' dir='ltr'><strong>domu</strong></span> <span class='ocrx_word' id='word_1_294' title='bbox 834 1912 934 1952; x_wconf 84' lang='lat' dir='ltr'><strong>aliqui</strong></span> <span class='ocrx_word' id='word_1_295' title='bbox 948 1911 1070 1943; x_wconf 89' lang='lat' dir='ltr'><strong>eruditi</strong></span> <span class='ocrx_word' id='word_1_296' title='bbox 1088 1911 1149 1941; x_wconf 87' lang='lat' dir='ltr'><strong>viri</strong></span> <span class='ocrx_word' id='word_1_297' title='bbox 1163 1920 1216 1950; x_wconf 77' lang='lat' dir='ltr'><strong>ap.</strong></span> <span class='ocrx_word' id='word_1_298' title='bbox 1231 1909 1343 1940; x_wconf 82' lang='lat' dir='ltr'><strong>Lamb.</strong></span> <span class='ocrx_word' id='word_1_299' title='bbox 1357 1914 1392 1940; x_wconf 88' lang='lat' dir='ltr'><strong>et</strong></span> <span class='ocrx_word' id='word_1_300' title='bbox 1404 1909 1452 1940; x_wconf 85' lang='lat' dir='ltr'><strong>ita</strong></span> <span class='ocrx_word' id='word_1_301' title='bbox 1463 1909 1563 1939; x_wconf 77' lang='lat' dir='ltr'><strong>ant.</strong></span> <span class='ocrx_word' id='word_1_302' title='bbox 1578 1907 1680 1939; x_wconf 78' lang='lat' dir='ltr'><strong>Gesn.</strong></span> <span class='ocrx_word' id='word_1_303' title='bbox 1695 1907 1804 1939; x_wconf 85' lang='lat' dir='ltr'><strong>Ober-</strong></span> 
     </span>
     <span class='ocr_line' id='line_1_33' title="bbox 394 1950 1802 1992; baseline -0.004 -7"><span class='ocrx_word' id='word_1_304' title='bbox 394 1955 452 1985; x_wconf 85' lang='lat' dir='ltr'><strong>lin.</strong></span> <span class='ocrx_word' id='word_1_305' title='bbox 469 1954 583 1986; x_wconf 89' lang='lat' dir='ltr'><strong>Comb.</strong></span> <span class='ocrx_word' id='word_1_306' title='bbox 598 1959 632 1984; x_wconf 86' lang='lat' dir='ltr'><strong>et</strong></span> <span class='ocrx_word' id='word_1_307' title='bbox 649 1954 752 1984; x_wconf 89' lang='lat' dir='ltr'><strong>Zeun.</strong></span> <span class='ocrx_word' id='word_1_308' title='bbox 782 1954 888 1992; x_wconf 80' lang='lat' dir='ltr'><strong>procul</strong></span> <span class='ocrx_word' id='word_1_309' title='bbox 901 1954 1004 1983; x_wconf 79' lang='lat' dir='ltr'><strong>domus</strong></span> <span class='ocrx_word' id='word_1_310' title='bbox 1018 1953 1157 1983; x_wconf 84' lang='lat' dir='ltr'><strong>Venett.</strong></span> <span class='ocrx_word' id='word_1_311' title='bbox 1174 1953 1364 1982; x_wconf 81' lang='grc'><strong>1477.1478.</strong></span> <span class='ocrx_word' id='word_1_312' title='bbox 1378 1952 1471 1980; x_wconf 83' lang='grc'><strong>1481.</strong></span> <span class='ocrx_word' id='word_1_313' title='bbox 1487 1951 1584 1980; x_wconf 86' lang='grc'><strong>1490.</strong></span> <span class='ocrx_word' id='word_1_314' title='bbox 1597 1951 1691 1980; x_wconf 74' lang='lat'>1492.</span> <span class='ocrx_word' id='word_1_315' title='bbox 1721 1950 1802 1980; x_wconf 70' lang='lat' dir='ltr'><strong>adsit</strong></span> 
     </span>
     <span class='ocr_line' id='line_1_34' title="bbox 394 1990 1803 2032; baseline -0.004 -7"><span class='ocrx_word' id='word_1_316' title='bbox 394 1996 472 2026; x_wconf 82' lang='lat' dir='ltr'><strong>Vnt.</strong></span> <span class='ocrx_word' id='word_1_317' title='bbox 486 1998 517 2025; x_wconf 83' lang='grc'><strong>4.</strong></span> <span class='ocrx_word' id='word_1_318' title='bbox 550 2004 605 2032; x_wconf 82' lang='lat' dir='ltr'><strong>ego</strong></span> <span class='ocrx_word' id='word_1_319' title='bbox 620 2003 723 2024; x_wconf 83' lang='lat' dir='ltr'><strong>verum</strong></span> <span class='ocrx_word' id='word_1_320' title='bbox 738 1994 912 2024; x_wconf 78' lang='lat' dir='ltr'><strong>Barberin.</strong></span> <span class='ocrx_word' id='word_1_321' title='bbox 931 1995 1067 2024; x_wconf 81' lang='lat'>2.-201</span> <span class='ocrx_word' id='word_1_322' title='bbox 1093 1993 1166 2023; x_wconf 85' lang='lat' dir='ltr'><strong>Non</strong></span> <span class='ocrx_word' id='word_1_323' title='bbox 1185 1993 1305 2030; x_wconf 80' lang='lat' dir='ltr'><strong>agimus</strong></span> <span class='ocrx_word' id='word_1_324' title='bbox 1329 1991 1502 2022; x_wconf 83' lang='lat' dir='ltr'><strong>Barberiu.</strong></span> <span class='ocrx_word' id='word_1_325' title='bbox 1514 1992 1546 2020; x_wconf 82' lang='lat'><strong>2.</strong></span> <span class='ocrx_word' id='word_1_326' title='bbox 1580 1990 1655 2021; x_wconf 71' lang='lat' dir='ltr'><strong>velia</strong></span> <span class='ocrx_word' id='word_1_327' title='bbox 1678 1991 1803 2021; x_wconf 75' lang='lat' dir='ltr'><strong>tumidis</strong></span> 
     </span>
    </p>
   </div>
   <div class='ocr_carea' id='block_1_8' title="bbox 1029 2063 1169 2094">
    <p class='ocr_par' dir='ltr' id='par_1_16' title="bbox 1029 2063 1169 2094">
     <span class='ocr_line' id='line_1_35' title="bbox 1029 2063 1169 2094; baseline 0 0"><span class='ocrx_word' id='word_1_328' title='bbox 1029 2063 1169 2094; x_wconf 85' lang='lat' dir='ltr'>NOTAE</span> 
     </span>
    </p>
   </div>
   <div class='ocr_carea' id='block_1_9' title="bbox 392 2121 1800 2266">
    <p class='ocr_par' dir='ltr' id='par_1_17' title="bbox 392 2121 1800 2266">
     <span class='ocr_line' id='line_1_36' title="bbox 393 2121 1800 2161; baseline -0.006 -1"><span class='ocrx_word' id='word_1_329' title='bbox 393 2130 498 2160; x_wconf 77' lang='lat' dir='ltr'><strong>tarch.</strong></span> <span class='ocrx_word' id='word_1_330' title='bbox 1122 2123 1184 2154; x_wconf 81' lang='lat' dir='ltr'><strong>bus</strong></span> <span class='ocrx_word' id='word_1_331' title='bbox 1201 2133 1222 2153; x_wconf 80' lang='lat' dir='ltr'><strong>a</strong></span> <span class='ocrx_word' id='word_1_332' title='bbox 1240 2123 1352 2154; x_wconf 84' lang='lat' dir='ltr'><strong>studio</strong></span> <span class='ocrx_word' id='word_1_333' title='bbox 1374 2121 1537 2152; x_wconf 77' lang='lat' dir='ltr'><strong>vacabant</strong></span> <span class='ocrx_word' id='word_1_334' title='bbox 1563 2121 1669 2161; x_wconf 80' lang='lat' dir='ltr'><strong>pueri,</strong></span> <span class='ocrx_word' id='word_1_335' title='bbox 1687 2125 1722 2152; x_wconf 87' lang='lat' dir='ltr'><strong>et</strong></span> <span class='ocrx_word' id='word_1_336' title='bbox 1743 2123 1800 2152; x_wconf 77' lang='lat' dir='ltr'><strong>ml-</strong></span> 
     </span>
     <span class='ocr_line' id='line_1_37' title="bbox 437 2167 1800 2216; baseline -0.004 -8"><span class='ocrx_word' id='word_1_337' title='bbox 437 2180 498 2209; x_wconf 80' lang='grc'><strong>192</strong></span> <span class='ocrx_word' id='word_1_338' title='bbox 519 2177 619 2207; x_wconf 73' lang='lat' dir='ltr'><strong>Plura</strong></span> <span class='ocrx_word' id='word_1_339' title='bbox 636 2176 731 2216; x_wconf 75' lang='lat' dir='ltr'><strong>datis]</strong></span> <span class='ocrx_word' id='word_1_340' title='bbox 753 2176 784 2207; x_wconf 91' lang='lat' dir='ltr'><strong>A</strong></span> <span class='ocrx_word' id='word_1_341' title='bbox 803 2176 1006 2211; x_wconf 71' lang='lat' dir='ltr'><strong>Maecenate,</strong></span> <span class='ocrx_word' id='word_1_342' title='bbox 1029 2172 1070 2203; x_wconf 79' lang='lat' dir='ltr'><strong>ab</strong></span> <span class='ocrx_word' id='word_1_343' title='bbox 1122 2172 1237 2202; x_wconf 79' lang='lat' dir='ltr'><strong>nei-val</strong></span> <span class='ocrx_word' id='word_1_344' title='bbox 1251 2171 1317 2202; x_wconf 85' lang='lat' dir='ltr'><strong>suis</strong></span> <span class='ocrx_word' id='word_1_345' title='bbox 1329 2170 1494 2210; x_wconf 82' lang='lat' dir='ltr'><strong>magistris</strong></span> <span class='ocrx_word' id='word_1_346' title='bbox 1505 2167 1712 2202; x_wconf 75' lang='lat' dir='ltr'><strong>deferebant.</strong></span> <span class='ocrx_word' id='word_1_347' title='bbox 1732 2171 1800 2202; x_wconf 91' lang='lat' dir='ltr'><strong>No-</strong></span> 
     </span>
     <span class='ocr_line' id='line_1_38' title="bbox 392 2218 1797 2266; baseline -0.004 -10"><span class='ocrx_word' id='word_1_348' title='bbox 392 2226 555 2266; x_wconf 73' lang='lat' dir='ltr'><strong>Augunto.</strong></span> <span class='ocrx_word' id='word_1_349' title='bbox 1122 2229 1197 2252; x_wconf 86' lang='lat' dir='ltr'><strong>men</strong></span> <span class='ocrx_word' id='word_1_350' title='bbox 1209 2222 1262 2251; x_wconf 82' lang='lat' dir='ltr'><strong>vel</strong></span> <span class='ocrx_word' id='word_1_351' title='bbox 1277 2230 1296 2250; x_wconf 84' lang='lat' dir='ltr'><strong>a</strong></span> <span class='ocrx_word' id='word_1_352' title='bbox 1310 2220 1437 2251; x_wconf 88' lang='lat' dir='ltr'><strong>dierum</strong></span> <span class='ocrx_word' id='word_1_353' title='bbox 1451 2227 1602 2258; x_wconf 87' lang='lat' dir='ltr'><strong>numero,</strong></span> <span class='ocrx_word' id='word_1_354' title='bbox 1611 2218 1700 2259; x_wconf 85' lang='lat' dir='ltr'><strong>qnod</strong></span> <span class='ocrx_word' id='word_1_355' title='bbox 1714 2219 1797 2250; x_wconf 80' lang='lat' dir='ltr'><strong>cele·</strong></span> 
     </span>
    </p>
   </div>
   <div class='ocr_carea' id='block_1_10' title="bbox 393 2273 1072 2794">
    <p class='ocr_par' dir='ltr' id='par_1_18' title="bbox 393 2273 1071 2405">
     <span class='ocr_line' id='line_1_39' title="bbox 436 2273 1071 2314; baseline -0.009 -8"><span class='ocrx_word' id='word_1_356' title='bbox 436 2278 496 2306; x_wconf 81' lang='grc'><strong>193</strong></span> <span class='ocrx_word' id='word_1_357' title='bbox 520 2273 671 2314; x_wconf 68' lang='lat' dir='ltr'><strong>Simplex]</strong></span> <span class='ocrx_word' id='word_1_358' title='bbox 695 2273 772 2304; x_wconf 89' lang='lat' dir='ltr'><strong>Non</strong></span> <span class='ocrx_word' id='word_1_359' title='bbox 799 2276 984 2302; x_wconf 84' lang='lat' dir='ltr'><strong>sumtuosns</strong></span> <span class='ocrx_word' id='word_1_360' title='bbox 1015 2275 1071 2301; x_wconf 86' lang='lat' dir='ltr'><strong>ant</strong></span> 
     </span>
     <span class='ocr_line' id='line_1_40' title="bbox 395 2319 1070 2364; baseline -0.009 -8"><span class='ocrx_word' id='word_1_361' title='bbox 395 2324 564 2364; x_wconf 80' lang='lat' dir='ltr'><strong>prodigus,</strong></span> <span class='ocrx_word' id='word_1_362' title='bbox 578 2328 613 2354; x_wconf 75' lang='lat' dir='ltr'><strong>at</strong></span> <span class='ocrx_word' id='word_1_363' title='bbox 634 2323 740 2354; x_wconf 76' lang='lat' dir='ltr'><strong>hilaris</strong></span> <span class='ocrx_word' id='word_1_364' title='bbox 760 2326 793 2352; x_wconf 89' lang='lat' dir='ltr'><strong>et</strong></span> <span class='ocrx_word' id='word_1_365' title='bbox 814 2321 950 2352; x_wconf 75' lang='lat' dir='ltr'><strong>honeste</strong></span> <span class='ocrx_word' id='word_1_366' title='bbox 974 2319 1070 2350; x_wconf 86' lang='lat' dir='ltr'><strong>bonis</strong></span> 
     </span>
     <span class='ocr_line' id='line_1_41' title="bbox 393 2378 502 2405; baseline -0.009 -1"><span class='ocrx_word' id='word_1_367' title='bbox 393 2378 502 2405; x_wconf 85' lang='lat' dir='ltr'><strong>utens.</strong></span> 
     </span>
    </p>

    <p class='ocr_par' dir='ltr' id='par_1_19' title="bbox 393 2417 1072 2653">
     <span class='ocr_line' id='line_1_42' title="bbox 437 2417 1072 2457; baseline -0.009 -5"><span class='ocrx_word' id='word_1_368' title='bbox 437 2424 496 2452; x_wconf 82' lang='grc'><strong>197</strong></span> <span class='ocrx_word' id='word_1_369' title='bbox 527 2421 610 2451; x_wconf 87' lang='lat' dir='ltr'><strong>Puer</strong></span> <span class='ocrx_word' id='word_1_370' title='bbox 637 2423 672 2451; x_wconf 77' lang='lat' dir='ltr'><strong>ut</strong></span> <span class='ocrx_word' id='word_1_371' title='bbox 700 2419 792 2457; x_wconf 66' lang='lat' dir='ltr'><strong>festis</strong></span> <span class='ocrx_word' id='word_1_372' title='bbox 828 2417 1072 2457; x_wconf 72' lang='lat' dir='ltr'><strong>quinquatribus]</strong></span> 
     </span>
     <span class='ocr_line' id='line_1_43' title="bbox 393 2466 1071 2503; baseline -0.007 -2"><span class='ocrx_word' id='word_1_373' title='bbox 393 2470 502 2501; x_wconf 81' lang='lat' dir='ltr'><strong>Plena</strong></span> <span class='ocrx_word' id='word_1_374' title='bbox 528 2473 564 2500; x_wconf 86' lang='lat' dir='ltr'><strong>et</strong></span> <span class='ocrx_word' id='word_1_375' title='bbox 602 2468 708 2499; x_wconf 82' lang='lat' dir='ltr'><strong>libera</strong></span> <span class='ocrx_word' id='word_1_376' title='bbox 743 2467 862 2498; x_wconf 86' lang='lat' dir='ltr'><strong>mentis</strong></span> <span class='ocrx_word' id='word_1_377' title='bbox 893 2466 1071 2503; x_wconf 81' lang='lat' dir='ltr'><strong>hilaritate,</strong></span> 
     </span>
     <span class='ocr_line' id='line_1_44' title="bbox 393 2515 1070 2560; baseline -0.01 -10"><span class='ocrx_word' id='word_1_378' title='bbox 393 2517 667 2560; x_wconf 75' lang='lat' dir='ltr'><strong>quemadmodum</strong></span> <span class='ocrx_word' id='word_1_379' title='bbox 690 2516 783 2557; x_wconf 84' lang='lat' dir='ltr'><strong>pueri</strong></span> <span class='ocrx_word' id='word_1_380' title='bbox 804 2515 954 2546; x_wconf 80' lang='lat' dir='ltr'><strong>hilariter</strong></span> <span class='ocrx_word' id='word_1_381' title='bbox 970 2515 1070 2544; x_wconf 81' lang='lat' dir='ltr'><strong>omni·</strong></span> 
     </span>
     <span class='ocr_line' id='line_1_45' title="bbox 393 2563 1069 2606; baseline -0.009 -8"><span class='ocrx_word' id='word_1_382' title='bbox 393 2577 436 2598; x_wconf 88' lang='lat' dir='ltr'><strong>no</strong></span> <span class='ocrx_word' id='word_1_383' title='bbox 457 2567 646 2606; x_wconf 81' lang='lat' dir='ltr'><strong>transigunt</strong></span> <span class='ocrx_word' id='word_1_384' title='bbox 667 2565 739 2596; x_wconf 89' lang='lat' dir='ltr'><strong>dies</strong></span> <span class='ocrx_word' id='word_1_385' title='bbox 754 2564 891 2595; x_wconf 82' lang='lat' dir='ltr'><strong>feriatos</strong></span> <span class='ocrx_word' id='word_1_386' title='bbox 907 2563 971 2593; x_wconf 83' lang='lat' dir='ltr'><strong>sibi</strong></span> <span class='ocrx_word' id='word_1_387' title='bbox 994 2571 1069 2594; x_wconf 88' lang='lat' dir='ltr'><strong>con-</strong></span> 
     </span>
     <span class='ocr_line' id='line_1_46' title="bbox 393 2612 848 2653; baseline -0.009 -7"><span class='ocrx_word' id='word_1_388' title='bbox 393 2624 507 2646; x_wconf 83' lang='lat' dir='ltr'><strong>cessos</strong></span> <span class='ocrx_word' id='word_1_389' title='bbox 524 2615 557 2645; x_wconf 87' lang='lat' dir='ltr'><strong>in</strong></span> <span class='ocrx_word' id='word_1_390' title='bbox 573 2612 848 2653; x_wconf 81' lang='lat' dir='ltr'><strong>Quinquatribus.</strong></span> 
     </span>
    </p>

    <p class='ocr_par' dir='ltr' id='par_1_20' title="bbox 395 2660 1069 2794">
     <span class='ocr_line' id='line_1_47' title="bbox 437 2660 1069 2701; baseline -0.008 -8"><span class='ocrx_word' id='word_1_391' title='bbox 437 2661 692 2701; x_wconf 74' lang='lat' dir='ltr'><strong>Quinquatribus]</strong></span> <span class='ocrx_word' id='word_1_392' title='bbox 706 2660 940 2699; x_wconf 76' lang='lat' dir='ltr'><strong>Quinquatria,</strong></span> <span class='ocrx_word' id='word_1_393' title='bbox 951 2660 1000 2689; x_wconf 85' lang='lat' dir='ltr'><strong>vel</strong></span> <span class='ocrx_word' id='word_1_394' title='bbox 1015 2668 1069 2698; x_wconf 84' lang='lat' dir='ltr'><strong>po-</strong></span> 
     </span>
     <span class='ocr_line' id='line_1_48' title="bbox 397 2707 1069 2749; baseline -0.001 -11"><span class='ocrx_word' id='word_1_395' title='bbox 397 2710 461 2739; x_wconf 86' lang='lat' dir='ltr'><strong>tius</strong></span> <span class='ocrx_word' id='word_1_396' title='bbox 474 2710 699 2749; x_wconf 79' lang='lat' dir='ltr'><strong>Quinquatrus</strong></span> <span class='ocrx_word' id='word_1_397' title='bbox 708 2709 845 2749; x_wconf 82' lang='lat' dir='ltr'><strong>pluralis</strong></span> <span class='ocrx_word' id='word_1_398' title='bbox 855 2707 1069 2746; x_wconf 79' lang='lat' dir='ltr'><strong>numeri,dies</strong></span> 
     </span>
     <span class='ocr_line' id='line_1_49' title="bbox 395 2756 1069 2794; baseline -0.001 -7"><span class='ocrx_word' id='word_1_399' title='bbox 395 2761 488 2787; x_wconf 82' lang='lat' dir='ltr'><strong>eraut</strong></span> <span class='ocrx_word' id='word_1_400' title='bbox 503 2756 582 2788; x_wconf 75' lang='lat' dir='ltr'><strong>festi</strong></span> <span class='ocrx_word' id='word_1_401' title='bbox 598 2757 630 2787; x_wconf 89' lang='lat' dir='ltr'><strong>in</strong></span> <span class='ocrx_word' id='word_1_402' title='bbox 643 2758 796 2788; x_wconf 83' lang='lat' dir='ltr'><strong>honorem</strong></span> <span class='ocrx_word' id='word_1_403' title='bbox 813 2757 987 2793; x_wconf 71' lang='lat' dir='ltr'><strong>Minervae,</strong></span> <span class='ocrx_word' id='word_1_404' title='bbox 1000 2757 1069 2794; x_wconf 85' lang='lat' dir='ltr'><strong>qni·</strong></span> 
     </span>
    </p>
   </div>
   <div class='ocr_carea' id='block_1_11' title="bbox 1121 2266 1801 2795">
    <p class='ocr_par' dir='ltr' id='par_1_21' title="bbox 1121 2266 1801 2639">
     <span class='ocr_line' id='line_1_50' title="bbox 1121 2266 1801 2309; baseline -0.004 -9"><span class='ocrx_word' id='word_1_405' title='bbox 1121 2269 1299 2300; x_wconf 83' lang='lat' dir='ltr'><strong>brarentur</strong></span> <span class='ocrx_word' id='word_1_406' title='bbox 1311 2268 1425 2309; x_wconf 87' lang='lat' dir='ltr'><strong>quinto</strong></span> <span class='ocrx_word' id='word_1_407' title='bbox 1436 2267 1491 2298; x_wconf 87' lang='lat' dir='ltr'><strong>die</strong></span> <span class='ocrx_word' id='word_1_408' title='bbox 1506 2271 1582 2307; x_wconf 81' lang='lat' dir='ltr'><strong>post</strong></span> <span class='ocrx_word' id='word_1_409' title='bbox 1596 2266 1695 2298; x_wconf 81' lang='lat' dir='ltr'><strong>Idus:</strong></span> <span class='ocrx_word' id='word_1_410' title='bbox 1715 2267 1801 2297; x_wconf 87' lang='lat' dir='ltr'><strong>Var-</strong></span> 
     </span>
     <span class='ocr_line' id='line_1_51' title="bbox 1122 2315 1800 2348; baseline -0.003 0"><span class='ocrx_word' id='word_1_411' title='bbox 1122 2326 1160 2348; x_wconf 87' lang='lat' dir='ltr'><strong>ro</strong></span> <span class='ocrx_word' id='word_1_412' title='bbox 1185 2317 1226 2348; x_wconf 88' lang='lat' dir='ltr'><strong>de</strong></span> <span class='ocrx_word' id='word_1_413' title='bbox 1251 2318 1288 2348; x_wconf 92' lang='lat' dir='ltr'><strong>L.</strong></span> <span class='ocrx_word' id='word_1_414' title='bbox 1303 2317 1341 2348; x_wconf 78' lang='lat'><strong>1..</strong></span> <span class='ocrx_word' id='word_1_415' title='bbox 1359 2316 1417 2347; x_wconf 85' lang='lat' dir='ltr'><strong>lib.</strong></span> <span class='ocrx_word' id='word_1_416' title='bbox 1434 2324 1468 2346; x_wconf 80' lang='lat' dir='ltr'><strong>v.</strong></span> <span class='ocrx_word' id='word_1_417' title='bbox 1491 2315 1579 2346; x_wconf 82' lang='lat' dir='ltr'><strong>Gen.</strong></span> <span class='ocrx_word' id='word_1_418' title='bbox 1603 2323 1644 2346; x_wconf 87' lang='lat'><strong>11.</strong></span> <span class='ocrx_word' id='word_1_419' title='bbox 1660 2317 1713 2347; x_wconf 77' lang='lat'><strong>21.</strong></span> <span class='ocrx_word' id='word_1_420' title='bbox 1738 2317 1800 2346; x_wconf 88' lang='lat' dir='ltr'><strong>&amp;c.</strong></span> 
     </span>
     <span class='ocr_line' id='line_1_52' title="bbox 1123 2362 1800 2406; baseline -0.006 -9"><span class='ocrx_word' id='word_1_421' title='bbox 1123 2366 1176 2397; x_wconf 85' lang='lat' dir='ltr'><strong>vel</strong></span> <span class='ocrx_word' id='word_1_422' title='bbox 1201 2366 1289 2406; x_wconf 89' lang='lat' dir='ltr'><strong>quod</strong></span> <span class='ocrx_word' id='word_1_423' title='bbox 1318 2374 1358 2395; x_wconf 83' lang='lat' dir='ltr'><strong>ea</strong></span> <span class='ocrx_word' id='word_1_424' title='bbox 1382 2365 1436 2395; x_wconf 84' lang='lat' dir='ltr'><strong>die</strong></span> <span class='ocrx_word' id='word_1_425' title='bbox 1462 2363 1625 2394; x_wconf 62' lang='lat' dir='ltr'><strong>Minerva</strong></span> <span class='ocrx_word' id='word_1_426' title='bbox 1651 2362 1740 2394; x_wconf 75' lang='lat' dir='ltr'><strong>oedes</strong></span> <span class='ocrx_word' id='word_1_427' title='bbox 1766 2364 1800 2394; x_wconf 86' lang='lat' dir='ltr'><strong>in</strong></span> 
     </span>
     <span class='ocr_line' id='line_1_53' title="bbox 1122 2411 1800 2445; baseline -0.004 0"><span class='ocrx_word' id='word_1_428' title='bbox 1122 2414 1288 2445; x_wconf 85' lang='lat' dir='ltr'><strong>Aventino</strong></span> <span class='ocrx_word' id='word_1_429' title='bbox 1299 2416 1492 2445; x_wconf 81' lang='lat' dir='ltr'><strong>consecrata</strong></span> <span class='ocrx_word' id='word_1_430' title='bbox 1503 2411 1557 2443; x_wconf 85' lang='lat' dir='ltr'><strong>sit.</strong></span> <span class='ocrx_word' id='word_1_431' title='bbox 1578 2412 1710 2442; x_wconf 77' lang='lat' dir='ltr'><strong>Festus.</strong></span> <span class='ocrx_word' id='word_1_432' title='bbox 1731 2412 1800 2443; x_wconf 83' lang='lat' dir='ltr'><strong>Alii</strong></span> 
     </span>
     <span class='ocr_line' id='line_1_54' title="bbox 1122 2458 1800 2494; baseline -0.006 0"><span class='ocrx_word' id='word_1_433' title='bbox 1122 2463 1229 2494; x_wconf 80' lang='lat' dir='ltr'><strong>aliter.</strong></span> <span class='ocrx_word' id='word_1_434' title='bbox 1258 2461 1360 2494; x_wconf 81' lang='lat' dir='ltr'><strong>Ovid.</strong></span> <span class='ocrx_word' id='word_1_435' title='bbox 1371 2463 1463 2493; x_wconf 79' lang='lat' dir='ltr'><strong>Fast.</strong></span> <span class='ocrx_word' id='word_1_436' title='bbox 1475 2469 1531 2491; x_wconf 89' lang='grc' dir='ltr'><strong>ιιι.</strong></span> <span class='ocrx_word' id='word_1_437' title='bbox 1541 2460 1551 2477; x_wconf 78' lang='lat'><strong>⁴</strong></span> <span class='ocrx_word' id='word_1_438' title='bbox 1563 2459 1640 2490; x_wconf 76' lang='lat' dir='ltr'><strong>Una</strong></span> <span class='ocrx_word' id='word_1_439' title='bbox 1650 2458 1719 2490; x_wconf 83' lang='lat' dir='ltr'><strong>dies</strong></span> <span class='ocrx_word' id='word_1_440' title='bbox 1733 2469 1800 2491; x_wconf 86' lang='lat' dir='ltr'><strong>me-</strong></span> 
     </span>
     <span class='ocr_line' id='line_1_55' title="bbox 1123 2507 1801 2550; baseline -0.01 -8"><span class='ocrx_word' id='word_1_441' title='bbox 1123 2511 1178 2542; x_wconf 85' lang='lat' dir='ltr'><strong>dia</strong></span> <span class='ocrx_word' id='word_1_442' title='bbox 1193 2516 1257 2550; x_wconf 86' lang='lat' dir='ltr'><strong>est,</strong></span> <span class='ocrx_word' id='word_1_443' title='bbox 1271 2516 1305 2542; x_wconf 88' lang='lat' dir='ltr'><strong>et</strong></span> <span class='ocrx_word' id='word_1_444' title='bbox 1318 2510 1403 2541; x_wconf 86' lang='lat' dir='ltr'><strong>fiunt</strong></span> <span class='ocrx_word' id='word_1_445' title='bbox 1417 2518 1512 2540; x_wconf 75' lang='lat' dir='ltr'><strong>sacra</strong></span> <span class='ocrx_word' id='word_1_446' title='bbox 1526 2507 1688 2540; x_wconf 81' lang='lat' dir='ltr'><strong>Minervoe</strong></span> <span class='ocrx_word' id='word_1_447' title='bbox 1703 2519 1711 2538; x_wconf 72' lang='grc' dir='ltr'><strong><em>ε</em></strong></span> <span class='ocrx_word' id='word_1_448' title='bbox 1733 2510 1801 2540; x_wconf 90' lang='grc' dir='ltr'><strong>Νο.</strong></span> 
     </span>
     <span class='ocr_line' id='line_1_56' title="bbox 1122 2556 1797 2599; baseline -0.003 -10"><span class='ocrx_word' id='word_1_449' title='bbox 1122 2560 1274 2599; x_wconf 80' lang='lat' dir='ltr'><strong>ruinaque</strong></span> <span class='ocrx_word' id='word_1_450' title='bbox 1303 2568 1323 2589; x_wconf 79' lang='lat' dir='ltr'><strong>a</strong></span> <span class='ocrx_word' id='word_1_451' title='bbox 1354 2558 1480 2598; x_wconf 84' lang='lat' dir='ltr'><strong>junctis</strong></span> <span class='ocrx_word' id='word_1_452' title='bbox 1509 2556 1653 2597; x_wconf 87' lang='lat' dir='ltr'><strong>quinque</strong></span> <span class='ocrx_word' id='word_1_453' title='bbox 1681 2556 1797 2588; x_wconf 82' lang='lat' dir='ltr'><strong>diebus</strong></span> 
     </span>
     <span class='ocr_line' id='line_1_57' title="bbox 1122 2607 1269 2639; baseline 0 -1"><span class='ocrx_word' id='word_1_454' title='bbox 1122 2607 1269 2639; x_wconf 66' lang='lat' dir='ltr'><strong>habent!</strong></span> 
     </span>
    </p>

    <p class='ocr_par' dir='ltr' id='par_1_22' title="bbox 1122 2651 1796 2795">
     <span class='ocr_line' id='line_1_58' title="bbox 1163 2651 1796 2694; baseline -0.008 -6"><span class='ocrx_word' id='word_1_455' title='bbox 1163 2660 1222 2688; x_wconf 82' lang='lat'><strong>201</strong></span> <span class='ocrx_word' id='word_1_456' title='bbox 1250 2657 1321 2686; x_wconf 83' lang='lat' dir='ltr'><strong>Non</strong></span> <span class='ocrx_word' id='word_1_457' title='bbox 1337 2656 1458 2694; x_wconf 76' lang='lat' dir='ltr'><strong>agimur</strong></span> <span class='ocrx_word' id='word_1_458' title='bbox 1472 2654 1606 2694; x_wconf 70' lang='lat' dir='ltr'><strong>tumidis,</strong></span> <span class='ocrx_word' id='word_1_459' title='bbox 1618 2651 1687 2694; x_wconf 57' lang='grc' dir='ltr'><strong>ξω]</strong></span> <span class='ocrx_word' id='word_1_460' title='bbox 1707 2653 1796 2684; x_wconf 83' lang='lat' dir='ltr'><strong>Aue-</strong></span> 
     </span>
     <span class='ocr_line' id='line_1_59' title="bbox 1124 2701 1796 2746; baseline -0.009 -10"><span class='ocrx_word' id='word_1_461' title='bbox 1124 2706 1227 2746; x_wconf 78' lang='lat' dir='ltr'><strong>gotia.</strong></span> <span class='ocrx_word' id='word_1_462' title='bbox 1271 2705 1311 2735; x_wconf 85' lang='lat' dir='ltr'><strong>Id</strong></span> <span class='ocrx_word' id='word_1_463' title='bbox 1335 2709 1408 2736; x_wconf 83' lang='lat' dir='ltr'><strong>est:</strong></span> <span class='ocrx_word' id='word_1_464' title='bbox 1437 2704 1507 2744; x_wconf 81' lang='lat' dir='ltr'><strong>Ego</strong></span> <span class='ocrx_word' id='word_1_465' title='bbox 1523 2711 1585 2734; x_wconf 87' lang='lat' dir='ltr'><strong>non</strong></span> <span class='ocrx_word' id='word_1_466' title='bbox 1600 2710 1680 2742; x_wconf 71' lang='lat' dir='ltr'><strong>opes</strong></span> <span class='ocrx_word' id='word_1_467' title='bbox 1693 2701 1796 2731; x_wconf 76' lang='lat' dir='ltr'><strong>habeo</strong></span> 
     </span>
     <span class='ocr_line' id='line_1_60' title="bbox 1122 2751 1795 2795; baseline -0.007 -10"><span class='ocrx_word' id='word_1_468' title='bbox 1122 2757 1287 2795; x_wconf 81' lang='lat' dir='ltr'><strong>ingentes,</strong></span> <span class='ocrx_word' id='word_1_469' title='bbox 1301 2763 1362 2784; x_wconf 86' lang='lat' dir='ltr'><strong>uec</strong></span> <span class='ocrx_word' id='word_1_470' title='bbox 1378 2756 1544 2783; x_wconf 85' lang='lat' dir='ltr'><strong>sumtuose</strong></span> <span class='ocrx_word' id='word_1_471' title='bbox 1560 2751 1655 2780; x_wconf 84' lang='lat' dir='ltr'><strong>vivo:</strong></span> <span class='ocrx_word' id='word_1_472' title='bbox 1680 2754 1713 2779; x_wconf 78' lang='lat' dir='ltr'><strong>at</strong></span> <span class='ocrx_word' id='word_1_473' title='bbox 1734 2758 1795 2780; x_wconf 82' lang='lat' dir='ltr'><strong>nec</strong></span> 
     </span>
    </p>
   </div>
  </div>
 </body>
</html>
