1916 3262
322 301 343 341 l
350 299 433 343 452

321 401 415 432 Ordo
443 403 506 435 est.
537 404 573 430 et
601 409 742 430 sensus:
782 399 885 440 Atqui
913 400 1004 430 vafer

318 449 454 480 nuntius
491 448 643 479 sollicitas
686 449 828 488 hospitae
867 448 1004 488 (nempe

319 497 453 529 nuntius
478 506 497 527 a
521 496 621 528 Chloe
639 497 680 527 ad
698 497 801 527 virum
819 502 911 528 tuum
929 497 1004 526 mis-

319 545 390 586 sus)
407 549 515 576 tentat
531 546 621 576 illum
639 546 726 576 mille
742 546 862 585 modis,
876 546 1003 580 (licens,

320 594 447 626 Chloen
462 595 614 625 miseram
639 595 807 634 suspirare
822 599 857 625 et
872 595 922 625 uri
939 594 1004 624 tuis

321 642 465 681 ignibuS‚
488 641 538 682 (id
555 646 618 681 est,
639 642 689 672 uri
706 651 746 673 eo
762 651 872 673 amore
887 651 952 682 quo
969 646 1005 672 tu

319 691 427 722 virum
443 695 535 721 tuum
559 691 820 731 complecteris,)
847 695 882 721 et
904 689 1007 721 refert

319 744 357 770 ut
373 739 501 779 perfida
523 741 641 771 mulier
661 739 725 781 (sc.
747 739 877 779 Antea)
900 740 1007 779 impu·

318 788 397 819 ierit
405 788 569 827 Proetum,
578 788 749 820 credulum
760 788 851 819 falsis
862 788 1007 831 crimini·

320 836 395 875 bus,
410 841 578 868 maturare
603 847 720 869 necem
743 842 836 869 casto
856 838 1007 868 Bellero-

323 885 452 925 plionti.

362 937 402 964 10
429 934 501 965 Tais
530 935 668 975 ignibus]
714 935 780 967 Qui
810 939 843 964 te
874 943 1008 974 quoque

321 986 432 1018 urunt,
449 983 505 1022 qui
523 988 555 1013 te
571 988 756 1020 macerant,
771 987 808 1012 ut
827 982 932 1019 Chloe,
944 991 1008 1012 non

321 1031 429 1062 minus
445 1042 543 1071 quam
559 1032 705 1070 Asterie,
725 1033 758 1063 in
774 1031 891 1064 eodem
911 1031 1009 1071 Gyge

324 1079 538 1111 laboraverit.
565 1082 707 1112 Tor-rent.
817 1096 820 1100 ·

364 1130 403 1158 13
438 1129 556 1159 Mulier
582 1130 716 1170 perfida]
751 1130 860 1160 Proeti
889 1138 1010 1169 nempe

321 1185 415 1211 uxor,
432 1185 470 1208 ac
486 1177 672 1208 Proetidum
696 1184 816 1217 mater,
842 1177 952 1209 Antea
967 1179 1010 1209 ab

320 1223 469 1255 Homero
492 1225 608 1256 dieta:
641 1229 678 1257 at
705 1226 733 1256 si
757 1225 1009 1266 Tragoediarum

323 1273 542 1314 scriptoribus
555 1273 640 1305 fides
654 1274 816 1310 habenda,
829 1274 1012 1306 Stenoboea

322 1322 561 1354 nominabitur.
582 1322 780 1362 Apollodor.
796 1325 817 1354 l.
831 1333 874 1356 ιι.
900 1325 996 1364 Craq.

363 1371 402 1399 14
428 1369 631 1411 Criminibus]
657 1372 964 1403 Criminationibus.

366 1419 406 1447 16
413 1418 582 1468 *Maturare
588 1420 705 1460 necem]
718 1419 916 1451 Accelerare
925 1429 1011 1450 mor-

327 1470 407 1496 tem.

365 1517 405 1546 17
429 1515 549 1546 Narrat
563 1525 638 1555 pene
652 1517 757 1547 datum
769 1517 880 1556 Peleu]
916 1515 1011 1547 Ordo

322 1567 393 1594 est:
418 1564 464 1594 Et
479 1565 615 1595 nuntius
629 1565 749 1596 chloes
762 1570 890 1604 narrat,
906 1565 1012 1596 Pelea

323 1621 410 1651 pene
440 1612 556 1642 datum
578 1613 722 1644 Tartaro
743 1613 794 1654 (id
818 1619 882 1653 est,
905 1614 1012 1644 Pelea

327 1670 432 1700 prope
445 1661 591 1692 occisum
607 1661 726 1702 fuisse)
741 1663 819 1692 dum
835 1663 1008 1693 abstinens

323 1709 411 1748 fugit
425 1710 636 1748 Magnessam
646 1711 869 1751 Hippolyten,
879 1716 913 1741 et
923 1711 1013 1741 idem

324 1756 426 1787 fallax
439 1758 577 1788 nuntius
593 1763 717 1796 monet,
730 1758 762 1789 id
775 1764 840 1796 est,
857 1759 1015 1798 proponit

325 1805 415 1845 Gygi
446 1806 517 1836 viro
548 1810 606 1836 tuo
631 1807 713 1837 alias
743 1807 909 1845 historias,
939 1817 1014 1847 qum

326 1857 491 1897 peccandi
519 1857 604 1888 viam
631 1859 768 1898 docent,
790 1859 850 1890 sed
877 1858 1016 1890 frustra.

325 1906 444 1937 Datum
479 1907 572 1938 Pelea
604 1907 751 1948 Tartaro]
787 1909 920 1940 Creteis
956 1918 1015 1939 seu

324 1954 525 1995 Hippolyta,
539 1955 657 1988 Acasti
675 1966 768 1995 uxor,
789 1957 887 1988 Pelei
901 1966 1015 1988 amore

325 2009 438 2044 capta,
465 2014 538 2036 cum
561 2015 636 2036 eum
659 2006 701 2037 ad
725 2011 874 2046 stuprum
892 2007 1013 2037 sollici-

324 2057 441 2091 tasset,
464 2063 574 2092 neque
600 2054 631 2084 ei
659 2055 860 2092 persuadere
886 2055 1014 2094 potuis-

323 2106 389 2139 set,
419 2101 533 2131 dolore
565 2101 706 2141 odioque
735 2103 882 2140 incensa,
924 2102 1014 2141 prior

323 2157 397 2179 eum
408 2148 501 2188 apitd
521 2148 680 2180 Acastum
703 2149 878 2180 criminata
897 2154 962 2186 est,
977 2154 1014 2180 ut

322 2197 511 2236 improbum
534 2202 571 2228 et
594 2197 659 2228 vim
682 2197 746 2228 sibi
768 2196 894 2228 inferre
915 2206 1012 2228 cona-

328 2252 410 2276 tum.
432 2245 574 2276 Lambin.

369 2297 408 2325 18
430 2294 628 2332 Magnessam
646 2294 852 2335 Hippolyten]
891 2294 1014 2325 Pinda-

323 2352 382 2374 rus
409 2344 504 2373 Nem.
529 2342 650 2374 cans.
677 2343 899 2383 Hippolytum
916 2347 1015 2374 vocat

325 2397 362 2423 et
373 2391 508 2433 quidem
521 2390 687 2431 Κρηθηῒδα.
731 2391 829 2423 Quod
847 2392 1015 2431 interpres

326 2441 374 2471 sic
411 2441 564 2480 exponit,
595 2444 632 2470 ut
668 2440 807 2471 Cretheis
843 2441 1015 2481 proprium

326 2489 401 2530 ejus
424 2487 528 2519 fuisse
549 2497 669 2519 nomen
687 2488 862 2527 videatur;
885 2489 1016 2529 Hippo·

327 2540 407 2579 lytae
425 2547 503 2568 vero
526 2547 545 2568 a
567 2543 664 2578 patre
689 2537 880 2578 Hippolyto
906 2547 1016 2578 sump-

327 2593 411 2618 tum.
454 2587 534 2618 Fuit
560 2592 673 2617 autem
691 2585 810 2618 Acasti
830 2587 1016 2627 Magnesiae

325 2635 506 2666 Thessaliae
518 2635 680 2666 orientem
697 2644 813 2667 versus
829 2635 1015 2676 adjacentis

327 2683 380 2722 (in
395 2694 457 2723 qua
469 2685 593 2715 Golcos
609 2684 788 2726 oppidum)
803 2687 891 2726 regis
907 2695 991 2717 uxor
1005 2696 1015 2724 ;

327 2731 415 2812 uiride
441 2733 655 2773 Magnessam
679 2735 830 2775 appellat
846 2734 1016 2767 Horatius.

358 2784 472 2812 orrent-

774 311 911 340 NOTAE
945 310 1198 341 VARIORUM
1233 312 1282 341 ΙΝ

1096 405 1135 432 19
1158 403 1199 432 Et
1227 412 1346 441 peccare
1381 404 1535 444 docentes]
1574 405 1736 446 Exempla

1054 461 1126 492 quae
1142 453 1302 483 hacteuus
1319 454 1433 484 retulit
1453 454 1629 494 Horatius,
1646 463 1737 493 metu

1054 501 1129 530 mali
1146 500 1306 541 flagitium
1321 502 1472 532 suadent.
1516 504 1601 534 Sunt
1616 510 1648 535 et
1662 505 1738 537 aliae

1055 547 1213 587 liistoriae,
1235 559 1322 589 quae,
1347 550 1435 590 quod
1457 551 1579 590 probro
1594 552 1738 584 dandum

1056 596 1111 632 sit,
1135 596 1224 626 laudi
1247 597 1394 628 ducunt:
1421 598 1524 638 qualis
1541 599 1572 629 in
1588 599 1739 631 Terentii

1056 644 1217 675 Eunucho
1245 645 1339 677 Jovis
1373 654 1412 676 ac
1438 646 1575 678 Danaes
1602 647 1738 679 tabella.

1056 692 1218 731 Exempla
1230 698 1341 724 autem
1356 693 1473 726 Anteae
1486 700 1522 726 et
1538 696 1736 737 Hippolyta

1057 740 1210 770 similium
1234 741 1339 772 adhuc
1362 748 1437 773 octo
1461 749 1634 775 enumerat
1658 745 1736 776 Mu-

1057 792 1148 818 retus
1175 789 1253 820 Var.
1278 790 1371 821 Lect.
1395 799 1419 821 1.
1445 794 1496 823 12.
1519 797 1554 824 et
1575 794 1740 824 Canterus

1058 836 1145 866 Nov.
1163 837 1256 868 Lect.
1275 847 1324 869 vr.
1339 843 1369 870 2.
1414 840 1489 871 Nec
1515 841 1661 872 omisisse
1684 851 1739 872 ve-

1058 885 1126 923 lim,
1146 885 1232 924 quod
1249 895 1307 926 pro
1328 892 1427 919 monet
1450 889 1483 920 in
1505 890 1610 920 tribus
1626 895 1747 921 exem·>

1059 933 1207 972 pleribus
1222 935 1347 974 legitur
1361 941 1474 968 movet.-
1496 947 1558 970 nec
1581 940 1678 976 male,
1704 939 1739 969 ni

1058 981 1165 1013 fallor.
1190 983 1330 1014 Torreat.

1100 1034 1141 1062 20
1163 1031 1278 1064 Fallax
1305 1033 1450 1065 historias
1471 1036 1584 1075 mna]
1607 1034 1649 1066 ld
1675 1041 1741 1075 est,
1798 1054 1804 1059 -

1059 1084 1172 1110 narrat
1200 1079 1367 1117 historias,
1405 1091 1479 1121 quae
1509 1082 1634 1114 docent
1664 1092 1743 1123 pec·

1060 1137 1149 1165 care,
1162 1130 1292 1160 scilicet
1310 1131 1341 1161 in
1358 1140 1468 1162 amore
1482 1141 1491 1162 :
1514 1131 1578 1163 hoc
1591 1136 1655 1171 est,
1669 1141 1743 1162 nar·

1060 1183 1113 1210 rat
1137 1188 1235 1219 quam
1259 1179 1425 1219 plurimos.
1449 1181 1584 1221 quinon
1599 1180 1743 1212 servatis

1061 1228 1227 1260 amoribus
1241 1229 1400 1268 antiquis,
1425 1230 1517 1260 novis
1532 1238 1664 1270 quoque
1678 1239 1743 1262 non

1060 1276 1240 1316 injucunde
1271 1276 1438 1309 dederunt
1473 1287 1608 1318 operam
1621 1290 1630 1308 ι
1662 1287 1744 1318 qno-

1060 1334 1131 1356 rum
1160 1326 1314 1365 exemplo
1343 1325 1436 1365 Gygi
1467 1326 1585 1358 liceret
1614 1325 1741 1358 Clilo'en

1060 1374 1231 1413 amplecti.
1252 1374 1347 1413 Cruq.
1393 1373 1514 1412 [Fallas
1527 1375 1673 1405 historias
1682 1385 1743 1406 mo·

1058 1426 1109 1453 net
1125 1422 1351 1453 Schoenborn.
1365 1422 1412 1461 2.]

1099 1474 1139 1502 21
1176 1470 1313 1510 Scopulis
1334 1470 1470 1511 surdior]
1516 1471 1624 1502 Recte
1652 1470 1740 1502 enim

1059 1518 1236 1549 ‘surdum’
1267 1519 1420 1554 dicimus,
1458 1519 1514 1559 qni
1544 1529 1620 1559 quae
1648 1518 1744 1550 audit

1059 1568 1250 1599 interiorem
1266 1566 1369 1598 ferire
1382 1576 1514 1598 sensum
1528 1576 1593 1598 non
1607 1567 1745 1607 patitur.

1061 1617 1149 1648 Torr.
1190 1615 1364 1655 Significat
1396 1626 1470 1647 oum
1501 1625 1566 1647 non
1604 1617 1742 1654 moveri,

1060 1674 1166 1705 neque
1195 1663 1287 1694 flecti
1318 1663 1429 1694 verbis
1461 1664 1569 1694 nuntii
1605 1664 1691 1694 illius
1722 1673 1742 1694 a

1062 1713 1167 1743 cliton
1181 1711 1286 1743 missi.
1309 1711 1448 1742 Lambin.
1490 1711 1628 1751 Scapulis
1644 1712 1743 1753 Icari]

1060 1761 1214 1801 Scopulis
1244 1760 1345 1791 Icarii
1373 1761 1472 1790 maris
1498 1761 1628 1792 surdior
1651 1763 1746 1794 audit

1062 1810 1206 1849 integer,
1227 1808 1278 1849 (id
1295 1812 1358 1848 est,
1372 1809 1616 1850 incorruptus‚)
1638 1810 1686 1841 ita
1707 1816 1746 1842 ut

1063 1858 1174 1889 verbis
1188 1857 1337 1897 nuntii,a
1349 1857 1451 1888 Chloe
1461 1857 1566 1896 missi,
1579 1867 1643 1889 non
1657 1867 1748 1889 com-
1774 1872 1777 1880 ·

1064 1910 1249 1945 moveatur,
1259 1906 1316 1937 sed
1326 1906 1512 1946 continens,
1523 1915 1662 1948 eamque
1671 1916 1749 1938 con-

1066 1959 1229 1992 temnens,
1250 1959 1454 1994 permaneat.

1106 2006 1146 2034 23
1173 2003 1323 2043 Enipeus]
1349 2004 1477 2034 Nomen
1493 2008 1544 2034 est
1561 2003 1660 2034 vicini
1674 2004 1749 2034 libi-

1064 2051 1187 2090 dinosi,
1200 2052 1258 2091 qui
1273 2060 1346 2083 eam
1363 2051 1506 2082 amabat.

1103 2102 1145 2131 25
1169 2100 1307 2130 Flectere
1333 2099 1456 2138 equam]
1487 2099 1592 2139 AEque
1620 2099 1746 2138 peritus

1063 2148 1097 2179 in
1114 2147 1285 2187 equitandi
1301 2147 1455 2177 scientia.

1105 2198 1147 2228 26
1168 2195 1317 2226 Gramine
1327 2194 1462 2234 Martio]
1476 2194 1514 2225 In
1525 2204 1644 2234 campo
1655 2195 1748 2227 Mar·

1065 2244 1124 2281 tio,
1140 2244 1195 2275 ubi
1211 2253 1246 2274 se
1267 2243 1450 2274 exercebat
1464 2243 1559 2274 Rom.
1574 2243 1748 2284 juventus,

1065 2297 1103 2324 ut
1118 2302 1204 2332 equo
1220 2292 1269 2322 uti
1287 2293 1371 2322 bene
1385 2292 1519 2323 scirent.
1698 2327 1703 2337 ι

1106 2344 1148 2373 28
1173 2341 1267 2371 Tusco
1281 2340 1422 2380 denatat]
1457 2339 1612 2371 Tiberino
1635 2339 1748 2378 fluvio,

1065 2391 1122 2431 qui
1136 2390 1294 2421 Tusciam
1310 2399 1329 2420 a
1349 2389 1474 2420 Sabino
1487 2389 1619 2422 dividit.
1661 2391 1749 2422 Vide

1067 2448 1091 2470 1.
1109 2438 1177 2469 Od.
1196 2441 1248 2468 20.

1108 2490 1150 2518 29
1174 2487 1283 2518 Prima
1299 2486 1400 2526 nocte]
1425 2485 1544 2517 Noctis
1555 2486 1661 2518 initio.
1683 2487 1750 2518 Da-

1065 2545 1146 2567 mum
1159 2535 1279 2575 claude]
1304 2533 1423 2566 Refert
1437 2534 1638 2567 Plutarchus
1654 2535 1750 2567 1³1·ae-

1066 2585 1176 2624 ceptis
1197 2582 1385 2614 connubial.
1406 2583 1484 2614 olim
1506 2583 1659 2615 Phidiam
1679 2583 1750 2615 Eli-

1066 2633 1201 2665 ensibus
1221 2631 1357 2663 tinxisse
1372 2631 1538 2663 Venerem
1561 2634 1748 2665 calcantem

1066 2681 1291 2713 testudinem:
1314 2690 1380 2720 quo
1405 2679 1654 2720 significabatur
1678 2690 1748 2712 mn-

1067 2731 1158 2763 lieris
1175 2739 1248 2761 esse
1266 2738 1395 2769 munus,
1418 2733 1454 2760 et
1467 2729 1598 2760 domum
1611 2737 1746 2760 servare

1068 2786 1102 2812 et
1119 2779 1299 2811 silentium.
1325 2778 1465 2810 Tor-rent.
1508 2776 1747 2819 Nequinvias]
