<?xml version="1.0" encoding="UTF-8"?>
<!DOCTYPE html PUBLIC "-//W3C//DTD XHTML 1.0 Transitional//EN"
    "http://www.w3.org/TR/xhtml1/DTD/xhtml1-transitional.dtd">
<html xmlns="http://www.w3.org/1999/xhtml" xml:lang="en" lang="en">
 <head>
  <title>
</title>
<meta http-equiv="Content-Type" content="text/html;charset=utf-8" />
  <meta name='ocr-system' content='tesseract 3.04.00' />
  <meta name='ocr-capabilities' content='ocr_page ocr_carea ocr_par ocr_line ocrx_word'/>
</head>
<body>
  <div class='ocr_page' id='page_1' title='image "./operazeune03horauoft/operazeune03horauoft_0442.png"; bbox 0 0 1930 3204; ppageno 0'>
   <div class='ocr_carea' id='block_1_1' title="bbox 407 308 516 350">
    <p class='ocr_par' dir='ltr' id='par_1_1' title="bbox 407 308 516 350">
     <span class='ocr_line' id='line_1_1' title="bbox 407 308 516 350; baseline 0.009 -1"><span class='ocrx_word' id='word_1_1' title='bbox 407 308 516 350; x_wconf 79' lang='lat'>1588</span> 
     </span>
    </p>
   </div>
   <div class='ocr_carea' id='block_1_2' title="bbox 406 410 1092 588">
    <p class='ocr_par' dir='ltr' id='par_1_2' title="bbox 406 410 1092 588">
     <span class='ocr_line' id='line_1_2' title="bbox 409 410 1092 450; baseline 0 -9"><span class='ocrx_word' id='word_1_2' title='bbox 409 411 586 448; x_wconf 84' lang='lat' dir='ltr'><strong>assentior,</strong></span> <span class='ocrx_word' id='word_1_3' title='bbox 606 414 642 440; x_wconf 90' lang='lat' dir='ltr'><strong>ut</strong></span> <span class='ocrx_word' id='word_1_4' title='bbox 658 410 729 447; x_wconf 84' lang='lat' dir='ltr'><strong>fors</strong></span> <span class='ocrx_word' id='word_1_5' title='bbox 756 410 925 450; x_wconf 86' lang='lat' dir='ltr'><strong>legamus:</strong></span> <span class='ocrx_word' id='word_1_6' title='bbox 955 410 1042 441; x_wconf 86' lang='lat' dir='ltr'><strong>sicut</strong></span> <span class='ocrx_word' id='word_1_7' title='bbox 1057 414 1092 441; x_wconf 90' lang='lat' dir='ltr'><strong>et</strong></span> 
     </span>
     <span class='ocr_line' id='line_1_3' title="bbox 406 457 1091 491; baseline -0.001 0"><span class='ocrx_word' id='word_1_8' title='bbox 406 469 432 491; x_wconf 89' lang='lat'><strong>1.</strong></span> <span class='ocrx_word' id='word_1_9' title='bbox 449 460 517 491; x_wconf 91' lang='lat' dir='ltr'><strong>Od.</strong></span> <span class='ocrx_word' id='word_1_10' title='bbox 536 462 586 491; x_wconf 83' lang='lat'><strong>11.</strong></span> <span class='ocrx_word' id='word_1_11' title='bbox 610 463 618 476; x_wconf 89' lang='lat'>‘</span> <span class='ocrx_word' id='word_1_12' title='bbox 632 459 739 491; x_wconf 83' lang='lat' dir='ltr'><strong>Quem</strong></span> <span class='ocrx_word' id='word_1_13' title='bbox 763 457 832 489; x_wconf 85' lang='lat' dir='ltr'><strong>fors</strong></span> <span class='ocrx_word' id='word_1_14' title='bbox 855 459 980 490; x_wconf 88' lang='lat' dir='ltr'><strong>dierum</strong></span> <span class='ocrx_word' id='word_1_15' title='bbox 1001 469 1091 491; x_wconf 92' lang='lat' dir='ltr'><strong>cum-</strong></span> 
     </span>
     <span class='ocr_line' id='line_1_4' title="bbox 407 506 1091 550; baseline 0 -11"><span class='ocrx_word' id='word_1_16' title='bbox 407 519 472 550; x_wconf 88' lang='lat' dir='ltr'><strong>que</strong></span> <span class='ocrx_word' id='word_1_17' title='bbox 502 508 610 546; x_wconf 86' lang='lat' dir='ltr'><strong>dabit,</strong></span> <span class='ocrx_word' id='word_1_18' title='bbox 634 508 724 538; x_wconf 90' lang='lat' dir='ltr'><strong>lucro</strong></span> <span class='ocrx_word' id='word_1_19' title='bbox 750 506 935 548; x_wconf 80' lang='lat' dir='ltr'><strong>Appone3’</strong></span> <span class='ocrx_word' id='word_1_20' title='bbox 962 508 1091 539; x_wconf 83' lang='lat' dir='ltr'><strong>scilicet</strong></span> 
     </span>
     <span class='ocr_line' id='line_1_5' title="bbox 407 555 1090 588; baseline 0.001 -1"><span class='ocrx_word' id='word_1_21' title='bbox 407 557 507 587; x_wconf 91' lang='lat' dir='ltr'><strong>diem.</strong></span> <span class='ocrx_word' id='word_1_22' title='bbox 550 556 628 586; x_wconf 90' lang='lat' dir='ltr'><strong>Vid.</strong></span> <span class='ocrx_word' id='word_1_23' title='bbox 645 555 790 587; x_wconf 85' lang='lat' dir='ltr'><strong>Turneb.</strong></span> <span class='ocrx_word' id='word_1_24' title='bbox 809 565 907 588; x_wconf 78' lang='lat' dir='ltr'><strong>xxvi.</strong></span> <span class='ocrx_word' id='word_1_25' title='bbox 923 559 974 588; x_wconf 84' lang='lat'><strong>15.</strong></span> <span class='ocrx_word' id='word_1_26' title='bbox 1003 557 1090 588; x_wconf 83' lang='lat' dir='ltr'><strong>Torr.</strong></span> 
     </span>
    </p>
   </div>
   <div class='ocr_carea' id='block_1_3' title="bbox 407 604 1235 646">
    <p class='ocr_par' dir='ltr' id='par_1_3' title="bbox 407 604 1235 646">
     <span class='ocr_line' id='line_1_6' title="bbox 407 604 1235 646; baseline 0.001 -11"><span class='ocrx_word' id='word_1_27' title='bbox 407 606 504 636; x_wconf 80' lang='lat' dir='ltr'><em>Ratio</em></span> <span class='ocrx_word' id='word_1_28' title='bbox 518 605 652 645; x_wconf 79' lang='lat' dir='ltr'><strong><em>dederit]</em></strong></span> <span class='ocrx_word' id='word_1_29' title='bbox 681 605 779 636; x_wconf 82' lang='lat' dir='ltr'><strong>Ratio</strong></span> <span class='ocrx_word' id='word_1_30' title='bbox 794 615 868 646; x_wconf 87' lang='lat' dir='ltr'><strong>quae</strong></span> <span class='ocrx_word' id='word_1_31' title='bbox 882 611 974 637; x_wconf 85' lang='lat' dir='ltr'><strong>certo</strong></span> <span class='ocrx_word' id='word_1_32' title='bbox 986 606 1090 636; x_wconf 82' lang='lat' dir='ltr'><strong>consi·</strong></span> <span class='ocrx_word' id='word_1_33' title='bbox 1133 604 1235 644; x_wconf 88' lang='lat' dir='ltr'><strong>jura.’</strong></span> 
     </span>
    </p>
   </div>
   <div class='ocr_carea' id='block_1_4' title="bbox 403 654 1100 2790">
    <p class='ocr_par' dir='ltr' id='par_1_4' title="bbox 404 654 1092 783">
     <span class='ocr_line' id='line_1_7' title="bbox 406 654 1092 695; baseline 0.001 -11"><span class='ocrx_word' id='word_1_34' title='bbox 406 654 668 695; x_wconf 87' lang='lat' dir='ltr'><strong>lio‚judicioque</strong></span> <span class='ocrx_word' id='word_1_35' title='bbox 681 654 844 694; x_wconf 76' lang='lat' dir='ltr'>dirigitur.</span> <span class='ocrx_word' id='word_1_36' title='bbox 888 655 967 686; x_wconf 81' lang='lat' dir='ltr'><strong>Fors</strong></span> <span class='ocrx_word' id='word_1_37' title='bbox 979 654 1092 692; x_wconf 79' lang='lat' dir='ltr'><strong>objece-</strong></span> 
     </span>
     <span class='ocr_line' id='line_1_8' title="bbox 404 702 1090 744; baseline 0.004 -13"><span class='ocrx_word' id='word_1_38' title='bbox 404 702 464 742; x_wconf 70' lang='lat' dir='ltr'><strong>rit]</strong></span> <span class='ocrx_word' id='word_1_39' title='bbox 489 703 580 734; x_wconf 86' lang='lat' dir='ltr'><strong>Dens</strong></span> <span class='ocrx_word' id='word_1_40' title='bbox 604 703 720 744; x_wconf 88' lang='lat' dir='ltr'><strong>aliquis</strong></span> <span class='ocrx_word' id='word_1_41' title='bbox 737 707 795 734; x_wconf 87' lang='lat' dir='ltr'><strong>aut</strong></span> <span class='ocrx_word' id='word_1_42' title='bbox 810 704 969 735; x_wconf 86' lang='lat' dir='ltr'><strong>Fortuna.</strong></span> <span class='ocrx_word' id='word_1_43' title='bbox 1013 704 1090 743; x_wconf 83' lang='lat' dir='ltr'><strong>Illa]</strong></span> 
     </span>
     <span class='ocr_line' id='line_1_9' title="bbox 405 751 592 783; baseline 0.005 -1"><span class='ocrx_word' id='word_1_44' title='bbox 405 751 472 783; x_wconf 84' lang='lat' dir='ltr'><strong>Illa</strong></span> <span class='ocrx_word' id='word_1_45' title='bbox 491 757 592 783; x_wconf 80' lang='lat' dir='ltr'><strong>sorte.</strong></span> 
     </span>
    </p>

    <p class='ocr_par' dir='ltr' id='par_1_5' title="bbox 403 801 1094 1525">
     <span class='ocr_line' id='line_1_10' title="bbox 447 801 1091 841; baseline -0.002 -8"><span class='ocrx_word' id='word_1_46' title='bbox 447 805 466 833; x_wconf 83' lang='lat'><strong>3</strong></span> <span class='ocrx_word' id='word_1_47' title='bbox 488 802 609 833; x_wconf 79' lang='lat' dir='ltr'><strong>Laudet</strong></span> <span class='ocrx_word' id='word_1_48' title='bbox 622 801 758 841; x_wconf 81' lang='lat' dir='ltr'><strong>diversa]</strong></span> <span class='ocrx_word' id='word_1_49' title='bbox 780 801 865 833; x_wconf 85' lang='lat' dir='ltr'><strong>Haec</strong></span> <span class='ocrx_word' id='word_1_50' title='bbox 883 803 959 833; x_wconf 80' lang='lat' dir='ltr'><strong>vitoe</strong></span> <span class='ocrx_word' id='word_1_51' title='bbox 976 802 1091 833; x_wconf 85' lang='lat' dir='ltr'><strong>condi-</strong></span> 
     </span>
     <span class='ocr_line' id='line_1_11' title="bbox 406 850 1092 892; baseline 0 -12"><span class='ocrx_word' id='word_1_52' title='bbox 406 850 454 881; x_wconf 85' lang='lat' dir='ltr'><strong>tio</strong></span> <span class='ocrx_word' id='word_1_53' title='bbox 475 850 623 889; x_wconf 86' lang='lat' dir='ltr'><strong>taediosa,</strong></span> <span class='ocrx_word' id='word_1_54' title='bbox 646 860 742 892; x_wconf 82' lang='lat' dir='ltr'><strong>quam</strong></span> <span class='ocrx_word' id='word_1_55' title='bbox 765 859 807 881; x_wconf 86' lang='lat' dir='ltr'><strong>ex</strong></span> <span class='ocrx_word' id='word_1_56' title='bbox 828 860 927 882; x_wconf 77' lang='lat' dir='ltr'><strong>sensu</strong></span> <span class='ocrx_word' id='word_1_57' title='bbox 943 851 1017 881; x_wconf 80' lang='lat' dir='ltr'><strong>mali</strong></span> <span class='ocrx_word' id='word_1_58' title='bbox 1033 851 1092 881; x_wconf 90' lang='lat' dir='ltr'><strong>ali-</strong></span> 
     </span>
     <span class='ocr_line' id='line_1_12' title="bbox 405 899 1091 940; baseline 0 -10"><span class='ocrx_word' id='word_1_59' title='bbox 405 899 500 940; x_wconf 90' lang='lat' dir='ltr'><strong>cujus</strong></span> <span class='ocrx_word' id='word_1_60' title='bbox 517 909 535 929; x_wconf 84' lang='lat' dir='ltr'><strong>a</strong></span> <span class='ocrx_word' id='word_1_61' title='bbox 548 899 641 930; x_wconf 88' lang='lat' dir='ltr'><strong>nobis</strong></span> <span class='ocrx_word' id='word_1_62' title='bbox 651 899 850 940; x_wconf 81' lang='lat' dir='ltr'>apprehensi</span> <span class='ocrx_word' id='word_1_63' title='bbox 865 901 1013 930; x_wconf 89' lang='lat' dir='ltr'><strong>volumus</strong></span> <span class='ocrx_word' id='word_1_64' title='bbox 1025 909 1091 930; x_wconf 88' lang='lat' dir='ltr'><strong>om-</strong></span> 
     </span>
     <span class='ocr_line' id='line_1_13' title="bbox 403 948 1091 987; baseline 0.001 -9"><span class='ocrx_word' id='word_1_65' title='bbox 403 957 464 979; x_wconf 87' lang='lat' dir='ltr'><strong>nes</strong></span> <span class='ocrx_word' id='word_1_66' title='bbox 493 957 568 979; x_wconf 87' lang='lat' dir='ltr'><strong>cum</strong></span> <span class='ocrx_word' id='word_1_67' title='bbox 605 948 669 979; x_wconf 85' lang='lat' dir='ltr'><strong>alio</strong></span> <span class='ocrx_word' id='word_1_68' title='bbox 703 952 952 987; x_wconf 84' lang='lat' dir='ltr'><strong>commutatam,</strong></span> <span class='ocrx_word' id='word_1_69' title='bbox 981 959 1021 979; x_wconf 84' lang='lat' dir='ltr'><strong>ex</strong></span> <span class='ocrx_word' id='word_1_70' title='bbox 1051 958 1091 979; x_wconf 92' lang='lat' dir='ltr'><strong>eo</strong></span> 
     </span>
     <span class='ocr_line' id='line_1_14' title="bbox 404 995 1093 1037; baseline 0.003 -11"><span class='ocrx_word' id='word_1_71' title='bbox 404 995 501 1026; x_wconf 81' lang='lat' dir='ltr'><strong>fonte</strong></span> <span class='ocrx_word' id='word_1_72' title='bbox 524 996 684 1035; x_wconf 82' lang='lat' dir='ltr'><strong>dimanat,</strong></span> <span class='ocrx_word' id='word_1_73' title='bbox 705 997 793 1037; x_wconf 90' lang='lat' dir='ltr'><strong>quod</strong></span> <span class='ocrx_word' id='word_1_74' title='bbox 816 1001 852 1028; x_wconf 88' lang='lat' dir='ltr'><strong>et</strong></span> <span class='ocrx_word' id='word_1_75' title='bbox 874 997 985 1028; x_wconf 86' lang='lat' dir='ltr'><strong>aliena</strong></span> <span class='ocrx_word' id='word_1_76' title='bbox 1007 998 1093 1028; x_wconf 88' lang='lat' dir='ltr'><strong>mala</strong></span> 
     </span>
     <span class='ocr_line' id='line_1_15' title="bbox 403 1042 1092 1080; baseline 0.004 -7"><span class='ocrx_word' id='word_1_77' title='bbox 403 1042 531 1074; x_wconf 85' lang='lat' dir='ltr'><strong>leviora</strong></span> <span class='ocrx_word' id='word_1_78' title='bbox 546 1045 783 1080; x_wconf 79' lang='lat' dir='ltr'><strong>existimemus,</strong></span> <span class='ocrx_word' id='word_1_79' title='bbox 803 1049 839 1075; x_wconf 90' lang='lat' dir='ltr'><strong>et</strong></span> <span class='ocrx_word' id='word_1_80' title='bbox 854 1050 999 1076; x_wconf 87' lang='lat' dir='ltr'><strong>nostram</strong></span> <span class='ocrx_word' id='word_1_81' title='bbox 1017 1056 1092 1077; x_wconf 90' lang='lat' dir='ltr'><strong>cum</strong></span> 
     </span>
     <span class='ocr_line' id='line_1_16' title="bbox 404 1092 1091 1135; baseline 0.006 -12"><span class='ocrx_word' id='word_1_82' title='bbox 404 1092 612 1124; x_wconf 80' lang='lat' dir='ltr'><strong>felicioribus</strong></span> <span class='ocrx_word' id='word_1_83' title='bbox 626 1095 727 1125; x_wconf 86' lang='lat' dir='ltr'><strong>vitam</strong></span> <span class='ocrx_word' id='word_1_84' title='bbox 740 1093 963 1126; x_wconf 84' lang='lat' dir='ltr'><strong>conferamus.</strong></span> <span class='ocrx_word' id='word_1_85' title='bbox 997 1096 1091 1135; x_wconf 87' lang='lat' dir='ltr'><strong>Cruq.</strong></span> 
     </span>
     <span class='ocr_line' id='line_1_17' title="bbox 404 1142 1093 1183; baseline 0.004 -11"><span class='ocrx_word' id='word_1_86' title='bbox 404 1142 608 1173; x_wconf 85' lang='lat' dir='ltr'><strong>Plutarchus</strong></span> <span class='ocrx_word' id='word_1_87' title='bbox 624 1143 658 1174; x_wconf 91' lang='lat' dir='ltr'><strong>in</strong></span> <span class='ocrx_word' id='word_1_88' title='bbox 671 1143 727 1174; x_wconf 89' lang='lat' dir='ltr'><strong>lib.</strong></span> <span class='ocrx_word' id='word_1_89' title='bbox 742 1142 811 1183; x_wconf 73' lang='grc' dir='ltr'>περὶ</span> <span class='ocrx_word' id='word_1_90' title='bbox 821 1142 968 1182; x_wconf 78' lang='grc' dir='ltr'><strong><em>Εὔθυμίας</em></strong></span> <span class='ocrx_word' id='word_1_91' title='bbox 982 1149 1093 1175; x_wconf 89' lang='lat' dir='ltr'><strong>osten-</strong></span> 
     </span>
     <span class='ocr_line' id='line_1_18' title="bbox 405 1191 1093 1234; baseline 0.003 -12"><span class='ocrx_word' id='word_1_92' title='bbox 405 1191 469 1231; x_wconf 87' lang='lat' dir='ltr'><strong>dit,</strong></span> <span class='ocrx_word' id='word_1_93' title='bbox 485 1192 624 1223; x_wconf 87' lang='lat' dir='ltr'><strong>mnltum</strong></span> <span class='ocrx_word' id='word_1_94' title='bbox 641 1192 752 1223; x_wconf 81' lang='lat' dir='ltr'><strong>valere</strong></span> <span class='ocrx_word' id='word_1_95' title='bbox 765 1193 806 1223; x_wconf 85' lang='lat' dir='ltr'><strong>ad</strong></span> <span class='ocrx_word' id='word_1_96' title='bbox 819 1193 920 1224; x_wconf 89' lang='lat' dir='ltr'><strong>animi</strong></span> <span class='ocrx_word' id='word_1_97' title='bbox 933 1194 1093 1234; x_wconf 84' lang='lat' dir='ltr'><strong>tranquil-</strong></span> 
     </span>
     <span class='ocr_line' id='line_1_19' title="bbox 403 1241 1093 1282; baseline 0.004 -12"><span class='ocrx_word' id='word_1_98' title='bbox 403 1241 550 1280; x_wconf 82' lang='lat' dir='ltr'><strong>litatem,</strong></span> <span class='ocrx_word' id='word_1_99' title='bbox 565 1241 709 1280; x_wconf 82' lang='lat' dir='ltr'><strong>seipsum</strong></span> <span class='ocrx_word' id='word_1_100' title='bbox 723 1246 757 1272; x_wconf 85' lang='lat' dir='ltr'><strong>et</strong></span> <span class='ocrx_word' id='word_1_101' title='bbox 768 1251 826 1272; x_wconf 87' lang='lat' dir='ltr'><strong>sua</strong></span> <span class='ocrx_word' id='word_1_102' title='bbox 839 1242 1025 1282; x_wconf 71' lang='lat' dir='ltr'><strong>inspicerez</strong></span> <span class='ocrx_word' id='word_1_103' title='bbox 1043 1243 1093 1273; x_wconf 90' lang='lat' dir='ltr'><strong>sin</strong></span> 
     </span>
     <span class='ocr_line' id='line_1_20' title="bbox 405 1290 1093 1332; baseline 0.003 -12"><span class='ocrx_word' id='word_1_104' title='bbox 405 1290 527 1328; x_wconf 91' lang='lat' dir='ltr'><strong>minus,</strong></span> <span class='ocrx_word' id='word_1_105' title='bbox 542 1294 576 1321; x_wconf 90' lang='lat' dir='ltr'><strong>at</strong></span> <span class='ocrx_word' id='word_1_106' title='bbox 587 1295 680 1321; x_wconf 88' lang='lat' dir='ltr'><strong>certe</strong></span> <span class='ocrx_word' id='word_1_107' title='bbox 692 1299 726 1321; x_wconf 86' lang='lat' dir='ltr'><strong>se</strong></span> <span class='ocrx_word' id='word_1_108' title='bbox 739 1290 911 1322; x_wconf 81' lang='lat' dir='ltr'><strong>inferiores</strong></span> <span class='ocrx_word' id='word_1_109' title='bbox 925 1296 1093 1332; x_wconf 86' lang='lat' dir='ltr'><strong>spectare,</strong></span> 
     </span>
     <span class='ocr_line' id='line_1_21' title="bbox 406 1338 1094 1380; baseline 0.003 -12"><span class='ocrx_word' id='word_1_110' title='bbox 406 1342 441 1368; x_wconf 89' lang='lat' dir='ltr'><strong>et</strong></span> <span class='ocrx_word' id='word_1_111' title='bbox 464 1347 529 1369; x_wconf 94' lang='lat' dir='ltr'><strong>non</strong></span> <span class='ocrx_word' id='word_1_112' title='bbox 553 1338 674 1369; x_wconf 82' lang='lat' dir='ltr'><strong>imitari</strong></span> <span class='ocrx_word' id='word_1_113' title='bbox 699 1340 816 1379; x_wconf 85' lang='lat' dir='ltr'><strong>vulgus</strong></span> <span class='ocrx_word' id='word_1_114' title='bbox 838 1339 1017 1378; x_wconf 90' lang='lat' dir='ltr'><strong>hominum,</strong></span> <span class='ocrx_word' id='word_1_115' title='bbox 1038 1341 1094 1380; x_wconf 91' lang='lat' dir='ltr'><strong>qui</strong></span> 
     </span>
     <span class='ocr_line' id='line_1_22' title="bbox 405 1388 1093 1428; baseline 0.003 -11"><span class='ocrx_word' id='word_1_116' title='bbox 405 1395 441 1417; x_wconf 77' lang='lat' dir='ltr'><strong>se</strong></span> <span class='ocrx_word' id='word_1_117' title='bbox 471 1396 547 1417; x_wconf 91' lang='lat' dir='ltr'><strong>cum</strong></span> <span class='ocrx_word' id='word_1_118' title='bbox 575 1388 863 1427; x_wconf 69' lang='lat' dir='ltr'><strong>praestantioribus</strong></span> <span class='ocrx_word' id='word_1_119' title='bbox 886 1394 1093 1428; x_wconf 88' lang='lat' dir='ltr'><strong>comparant.</strong></span> 
     </span>
     <span class='ocr_line' id='line_1_23' title="bbox 404 1436 1094 1478; baseline 0.003 -12"><span class='ocrx_word' id='word_1_120' title='bbox 404 1436 545 1467; x_wconf 80' lang='lat' dir='ltr'><strong>Lambin.</strong></span> <span class='ocrx_word' id='word_1_121' title='bbox 590 1437 724 1468; x_wconf 77' lang='lat' dir='ltr'><strong>Diversa</strong></span> <span class='ocrx_word' id='word_1_122' title='bbox 739 1439 908 1478; x_wconf 74' lang='lat' dir='ltr'><strong>sequentes]</strong></span> <span class='ocrx_word' id='word_1_123' title='bbox 945 1438 1094 1468; x_wconf 51' lang='lat' dir='ltr'><strong>Dissimi*</strong></span> 
     </span>
     <span class='ocr_line' id='line_1_24' title="bbox 405 1483 933 1525; baseline 0.002 -11"><span class='ocrx_word' id='word_1_124' title='bbox 405 1483 450 1514; x_wconf 85' lang='lat' dir='ltr'><strong>lia</strong></span> <span class='ocrx_word' id='word_1_125' title='bbox 468 1484 601 1514; x_wconf 83' lang='lat' dir='ltr'><strong>vivendi</strong></span> <span class='ocrx_word' id='word_1_126' title='bbox 616 1484 729 1515; x_wconf 80' lang='lat' dir='ltr'><strong>studia</strong></span> <span class='ocrx_word' id='word_1_127' title='bbox 744 1490 933 1525; x_wconf 78' lang='lat' dir='ltr'><strong>sequentes.</strong></span> 
     </span>
    </p>

    <p class='ocr_par' dir='ltr' id='par_1_6' title="bbox 447 1533 983 1573">
     <span class='ocr_line' id='line_1_25' title="bbox 447 1533 983 1573; baseline 0 -9"><span class='ocrx_word' id='word_1_128' title='bbox 447 1536 468 1564; x_wconf 93' lang='grc'>4</span> <span class='ocrx_word' id='word_1_129' title='bbox 493 1533 610 1563; x_wconf 78' lang='lat' dir='ltr'><strong>Gravis</strong></span> <span class='ocrx_word' id='word_1_130' title='bbox 623 1533 728 1573; x_wconf 81' lang='lat' dir='ltr'><strong>annis]</strong></span> <span class='ocrx_word' id='word_1_131' title='bbox 751 1533 862 1564; x_wconf 88' lang='lat' dir='ltr'><strong>Senex</strong></span> <span class='ocrx_word' id='word_1_132' title='bbox 877 1533 983 1565; x_wconf 83' lang='lat' dir='ltr'><strong>miles.</strong></span> 
     </span>
    </p>

    <p class='ocr_par' dir='ltr' id='par_1_7' title="bbox 405 1581 1093 1663">
     <span class='ocr_line' id='line_1_26' title="bbox 447 1581 1093 1622; baseline 0.002 -10"><span class='ocrx_word' id='word_1_133' title='bbox 447 1585 466 1611; x_wconf 88' lang='lat'>5</span> <span class='ocrx_word' id='word_1_134' title='bbox 505 1582 580 1612; x_wconf 82' lang='lat' dir='ltr'><strong>Jam</strong></span> <span class='ocrx_word' id='word_1_135' title='bbox 609 1581 735 1618; x_wconf 79' lang='lat' dir='ltr'><strong>fractus</strong></span> <span class='ocrx_word' id='word_1_136' title='bbox 762 1581 911 1622; x_wconf 82' lang='lat' dir='ltr'><strong>membra]</strong></span> <span class='ocrx_word' id='word_1_137' title='bbox 954 1582 1093 1613; x_wconf 89' lang='lat' dir='ltr'><strong>Habens</strong></span> 
     </span>
     <span class='ocr_line' id='line_1_27' title="bbox 405 1630 974 1663; baseline 0.005 -3"><span class='ocrx_word' id='word_1_138' title='bbox 405 1630 555 1661; x_wconf 89' lang='lat' dir='ltr'><strong>membra</strong></span> <span class='ocrx_word' id='word_1_139' title='bbox 571 1630 706 1661; x_wconf 87' lang='lat' dir='ltr'><strong>militari</strong></span> <span class='ocrx_word' id='word_1_140' title='bbox 722 1631 838 1662; x_wconf 86' lang='lat' dir='ltr'><strong>labore</strong></span> <span class='ocrx_word' id='word_1_141' title='bbox 853 1630 974 1663; x_wconf 80' lang='lat' dir='ltr'><strong>fracta.</strong></span> 
     </span>
    </p>

    <p class='ocr_par' dir='ltr' id='par_1_8' title="bbox 405 1677 1098 2544">
     <span class='ocr_line' id='line_1_28' title="bbox 449 1677 1094 1719; baseline 0.002 -11"><span class='ocrx_word' id='word_1_142' title='bbox 449 1681 467 1708; x_wconf 88' lang='grc'><strong>7</strong></span> <span class='ocrx_word' id='word_1_143' title='bbox 495 1678 579 1713; x_wconf 73' lang='lat' dir='ltr'><strong>Quid</strong></span> <span class='ocrx_word' id='word_1_144' title='bbox 607 1677 703 1717; x_wconf 83' lang='lat' dir='ltr'><strong>enim]</strong></span> <span class='ocrx_word' id='word_1_145' title='bbox 739 1678 865 1709; x_wconf 83' lang='lat' dir='ltr'><strong>Militia</strong></span> <span class='ocrx_word' id='word_1_146' title='bbox 890 1684 942 1709; x_wconf 87' lang='lat' dir='ltr'><strong>est</strong></span> <span class='ocrx_word' id='word_1_147' title='bbox 972 1680 1094 1719; x_wconf 89' lang='lat' dir='ltr'><strong>potior,</strong></span> 
     </span>
     <span class='ocr_line' id='line_1_29' title="bbox 405 1726 1095 1768; baseline 0.001 -11"><span class='ocrx_word' id='word_1_148' title='bbox 405 1726 517 1766; x_wconf 89' lang='lat' dir='ltr'><strong>inquit</strong></span> <span class='ocrx_word' id='word_1_149' title='bbox 530 1726 716 1757; x_wconf 74' lang='lat' dir='ltr'><strong>Mercator.</strong></span> <span class='ocrx_word' id='word_1_150' title='bbox 762 1726 846 1760; x_wconf 77' lang='lat' dir='ltr'><strong>Quid</strong></span> <span class='ocrx_word' id='word_1_151' title='bbox 861 1726 960 1757; x_wconf 79' lang='lat' dir='ltr'><strong>enim?</strong></span> <span class='ocrx_word' id='word_1_152' title='bbox 982 1727 1014 1757; x_wconf 93' lang='lat' dir='ltr'><strong>id</strong></span> <span class='ocrx_word' id='word_1_153' title='bbox 1031 1733 1095 1768; x_wconf 88' lang='lat' dir='ltr'><strong>est,</strong></span> 
     </span>
     <span class='ocr_line' id='line_1_30' title="bbox 407 1774 1095 1816; baseline 0.001 -11"><span class='ocrx_word' id='word_1_154' title='bbox 407 1774 488 1816; x_wconf 90' lang='lat' dir='ltr'><strong>quid</strong></span> <span class='ocrx_word' id='word_1_155' title='bbox 515 1778 634 1805; x_wconf 88' lang='lat' dir='ltr'><strong>contra</strong></span> <span class='ocrx_word' id='word_1_156' title='bbox 656 1774 721 1805; x_wconf 85' lang='lat' dir='ltr'><strong>dici</strong></span> <span class='ocrx_word' id='word_1_157' title='bbox 745 1775 863 1814; x_wconf 84' lang='lat' dir='ltr'><strong>possit,</strong></span> <span class='ocrx_word' id='word_1_158' title='bbox 880 1775 1095 1815; x_wconf 87' lang='lat' dir='ltr'><strong>quamobrem</strong></span> 
     </span>
     <span class='ocr_line' id='line_1_31' title="bbox 407 1823 1096 1864; baseline -0.001 -9"><span class='ocrx_word' id='word_1_159' title='bbox 407 1825 457 1855; x_wconf 89' lang='lat' dir='ltr'><strong>ita</strong></span> <span class='ocrx_word' id='word_1_160' title='bbox 473 1833 538 1854; x_wconf 91' lang='lat' dir='ltr'><strong>non</strong></span> <span class='ocrx_word' id='word_1_161' title='bbox 550 1824 593 1854; x_wconf 87' lang='lat' dir='ltr'><strong>sit</strong></span> <span class='ocrx_word' id='word_1_162' title='bbox 607 1823 618 1854; x_wconf 82' lang='lat'>?</span> <span class='ocrx_word' id='word_1_163' title='bbox 634 1823 838 1863; x_wconf 80' lang='lat' dir='ltr'><strong>concurritur,</strong></span> <span class='ocrx_word' id='word_1_164' title='bbox 849 1824 902 1863; x_wconf 61' lang='grc' dir='ltr'><strong>ὅτ.</strong></span> <span class='ocrx_word' id='word_1_165' title='bbox 945 1824 1030 1854; x_wconf 89' lang='lat' dir='ltr'><strong>Sunt</strong></span> <span class='ocrx_word' id='word_1_166' title='bbox 1041 1824 1096 1864; x_wconf 91' lang='lat' dir='ltr'><strong>qui</strong></span> 
     </span>
     <span class='ocr_line' id='line_1_32' title="bbox 405 1872 1095 1913; baseline 0 -10"><span class='ocrx_word' id='word_1_167' title='bbox 405 1873 473 1913; x_wconf 83' lang='lat' dir='ltr'><strong>legi</strong></span> <span class='ocrx_word' id='word_1_168' title='bbox 488 1873 616 1912; x_wconf 89' lang='lat' dir='ltr'><strong>malint,</strong></span> <span class='ocrx_word' id='word_1_169' title='bbox 641 1873 725 1908; x_wconf 76' lang='lat' dir='ltr'><strong>Quid</strong></span> <span class='ocrx_word' id='word_1_170' title='bbox 749 1872 803 1903; x_wconf 76' lang='lat' dir='ltr'><strong>ni?</strong></span> <span class='ocrx_word' id='word_1_171' title='bbox 831 1872 960 1904; x_wconf 83' lang='lat' dir='ltr'><strong>scilicet</strong></span> <span class='ocrx_word' id='word_1_172' title='bbox 977 1873 1021 1903; x_wconf 84' lang='lat' dir='ltr'><strong>sit</strong></span> <span class='ocrx_word' id='word_1_173' title='bbox 1037 1882 1095 1913; x_wconf 90' lang='lat' dir='ltr'><strong>po-</strong></span> 
     </span>
     <span class='ocr_line' id='line_1_33' title="bbox 408 1920 1094 1960; baseline 0 -8"><span class='ocrx_word' id='word_1_174' title='bbox 408 1921 492 1952; x_wconf 86' lang='lat' dir='ltr'><strong>tior?</strong></span> <span class='ocrx_word' id='word_1_175' title='bbox 503 1921 646 1952; x_wconf 84' lang='lat' dir='ltr'><strong>Lambin.</strong></span> <span class='ocrx_word' id='word_1_176' title='bbox 678 1920 763 1956; x_wconf 77' lang='lat' dir='ltr'><strong>Quid</strong></span> <span class='ocrx_word' id='word_1_177' title='bbox 778 1920 874 1960; x_wconf 82' lang='lat' dir='ltr'><strong>enim]</strong></span> <span class='ocrx_word' id='word_1_178' title='bbox 887 1921 1001 1953; x_wconf 80' lang='lat' dir='ltr'><strong>Quare</strong></span> <span class='ocrx_word' id='word_1_179' title='bbox 1018 1931 1094 1952; x_wconf 88' lang='lat' dir='ltr'><strong>non.</strong></span> 
     </span>
     <span class='ocr_line' id='line_1_34' title="bbox 410 1970 1095 2012; baseline -0.003 -9"><span class='ocrx_word' id='word_1_180' title='bbox 410 1971 630 2012; x_wconf 83' lang='lat' dir='ltr'><strong>Concurritur]</strong></span> <span class='ocrx_word' id='word_1_181' title='bbox 661 1970 882 2002; x_wconf 89' lang='lat' dir='ltr'><strong>Concurritur</strong></span> <span class='ocrx_word' id='word_1_182' title='bbox 898 1981 916 2001; x_wconf 90' lang='lat' dir='ltr'><strong>a</strong></span> <span class='ocrx_word' id='word_1_183' title='bbox 933 1971 1095 2002; x_wconf 87' lang='lat' dir='ltr'><strong>militibus</strong></span> 
     </span>
     <span class='ocr_line' id='line_1_35' title="bbox 409 2021 1096 2061; baseline -0.001 -10"><span class='ocrx_word' id='word_1_184' title='bbox 409 2023 443 2052; x_wconf 90' lang='lat' dir='ltr'><strong>in</strong></span> <span class='ocrx_word' id='word_1_185' title='bbox 471 2031 593 2061; x_wconf 86' lang='lat' dir='ltr'><strong>pugna.</strong></span> <span class='ocrx_word' id='word_1_186' title='bbox 637 2021 740 2061; x_wconf 79' lang='lat' dir='ltr'><strong>[Quid</strong></span> <span class='ocrx_word' id='word_1_187' title='bbox 757 2021 791 2051; x_wconf 77' lang='lat' dir='ltr'><strong>ni</strong></span> <span class='ocrx_word' id='word_1_188' title='bbox 806 2021 883 2051; x_wconf 88' lang='lat' dir='ltr'><strong>Vat.</strong></span> <span class='ocrx_word' id='word_1_189' title='bbox 906 2023 956 2051; x_wconf 88' lang='lat'><strong>10.</strong></span> <span class='ocrx_word' id='word_1_190' title='bbox 972 2025 1007 2052; x_wconf 88' lang='lat' dir='ltr'><strong>et</strong></span> <span class='ocrx_word' id='word_1_191' title='bbox 1021 2022 1096 2051; x_wconf 89' lang='lat' dir='ltr'><strong>Vat.</strong></span> 
     </span>
     <span class='ocr_line' id='line_1_36' title="bbox 410 2069 1096 2109; baseline 0 -9"><span class='ocrx_word' id='word_1_192' title='bbox 410 2070 506 2100; x_wconf 88' lang='lat' dir='ltr'><strong>Rom.</strong></span> <span class='ocrx_word' id='word_1_193' title='bbox 523 2073 554 2100; x_wconf 89' lang='grc'><strong>7.</strong></span> <span class='ocrx_word' id='word_1_194' title='bbox 576 2072 585 2086; x_wconf 94' lang='lat'>‘</span> <span class='ocrx_word' id='word_1_195' title='bbox 599 2069 654 2099; x_wconf 77' lang='lat' dir='ltr'><strong>Ita</strong></span> <span class='ocrx_word' id='word_1_196' title='bbox 669 2070 768 2099; x_wconf 78' lang='lat' dir='ltr'><strong>etiam</strong></span> <span class='ocrx_word' id='word_1_197' title='bbox 784 2069 960 2109; x_wconf 85' lang='lat' dir='ltr'><strong>legendum</strong></span> <span class='ocrx_word' id='word_1_198' title='bbox 974 2079 1096 2109; x_wconf 90' lang='lat' dir='ltr'><strong>propo-</strong></span> 
     </span>
     <span class='ocr_line' id='line_1_37' title="bbox 410 2117 1095 2157; baseline 0.001 -10"><span class='ocrx_word' id='word_1_199' title='bbox 410 2117 514 2148; x_wconf 86' lang='lat' dir='ltr'><strong>nebat</strong></span> <span class='ocrx_word' id='word_1_200' title='bbox 536 2117 611 2148; x_wconf 84' lang='lat' dir='ltr'><strong>Jac.</strong></span> <span class='ocrx_word' id='word_1_201' title='bbox 627 2117 798 2147; x_wconf 78' lang='lat' dir='ltr'><strong>&#39;ram-ellus</strong></span> <span class='ocrx_word' id='word_1_202' title='bbox 822 2117 995 2157; x_wconf 88' lang='lat' dir='ltr'><strong>Lambino,</strong></span> <span class='ocrx_word' id='word_1_203' title='bbox 1017 2118 1095 2148; x_wconf 88' lang='lat' dir='ltr'><strong>dum</strong></span> 
     </span>
     <span class='ocr_line' id='line_1_38' title="bbox 412 2165 1095 2203; baseline -0.001 -7"><span class='ocrx_word' id='word_1_204' title='bbox 412 2165 511 2196; x_wconf 87' lang='lat' dir='ltr'><strong>ambo</strong></span> <span class='ocrx_word' id='word_1_205' title='bbox 535 2166 650 2196; x_wconf 81' lang='lat' dir='ltr'><strong>Romae</strong></span> <span class='ocrx_word' id='word_1_206' title='bbox 672 2165 853 2203; x_wconf 85' lang='lat' dir='ltr'><strong>degerent;</strong></span> <span class='ocrx_word' id='word_1_207' title='bbox 879 2165 937 2195; x_wconf 90' lang='lat' dir='ltr'><strong>sed</strong></span> <span class='ocrx_word' id='word_1_208' title='bbox 960 2174 1003 2194; x_wconf 90' lang='lat' dir='ltr'><strong>ex</strong></span> <span class='ocrx_word' id='word_1_209' title='bbox 1019 2174 1095 2196; x_wconf 91' lang='lat' dir='ltr'><strong>con-</strong></span> 
     </span>
     <span class='ocr_line' id='line_1_39' title="bbox 405 2212 1096 2254; baseline 0 -10"><span class='ocrx_word' id='word_1_210' title='bbox 405 2215 554 2254; x_wconf 85' lang='lat' dir='ltr'><strong>jectura,</strong></span> <span class='ocrx_word' id='word_1_211' title='bbox 578 2213 670 2244; x_wconf 86' lang='lat' dir='ltr'><strong>nulla</strong></span> <span class='ocrx_word' id='word_1_212' title='bbox 695 2212 846 2244; x_wconf 89' lang='lat' dir='ltr'><strong>codicum</strong></span> <span class='ocrx_word' id='word_1_213' title='bbox 873 2213 1096 2251; x_wconf 76' lang='lat' dir='ltr'><strong>auctoritate3</strong></span> 
     </span>
     <span class='ocr_line' id='line_1_40' title="bbox 411 2260 1095 2303; baseline -0.001 -10"><span class='ocrx_word' id='word_1_214' title='bbox 411 2272 485 2303; x_wconf 85' lang='lat' dir='ltr'><strong>qnae</strong></span> <span class='ocrx_word' id='word_1_215' title='bbox 502 2271 575 2293; x_wconf 89' lang='lat' dir='ltr'><strong>cum</strong></span> <span class='ocrx_word' id='word_1_216' title='bbox 592 2271 680 2292; x_wconf 88' lang='lat' dir='ltr'><strong>nunc</strong></span> <span class='ocrx_word' id='word_1_217' title='bbox 695 2260 850 2301; x_wconf 79' lang='lat' dir='ltr'><strong>accedat,</strong></span> <span class='ocrx_word' id='word_1_218' title='bbox 873 2262 993 2292; x_wconf 87' lang='lat' dir='ltr'><strong>merito</strong></span> <span class='ocrx_word' id='word_1_219' title='bbox 1010 2271 1095 2302; x_wconf 81' lang='lat' dir='ltr'><strong>prae-</strong></span> 
     </span>
     <span class='ocr_line' id='line_1_41' title="bbox 411 2310 1098 2347; baseline 0 -6"><span class='ocrx_word' id='word_1_220' title='bbox 411 2310 552 2341; x_wconf 83' lang='lat' dir='ltr'><strong>ferenda</strong></span> <span class='ocrx_word' id='word_1_221' title='bbox 576 2310 641 2340; x_wconf 88' lang='lat' dir='ltr'><strong>erit</strong></span> <span class='ocrx_word' id='word_1_222' title='bbox 663 2310 783 2347; x_wconf 88' lang='lat' dir='ltr'><strong>lectio;</strong></span> <span class='ocrx_word' id='word_1_223' title='bbox 807 2315 845 2340; x_wconf 92' lang='lat' dir='ltr'><strong>ut</strong></span> <span class='ocrx_word' id='word_1_224' title='bbox 867 2311 1032 2341; x_wconf 87' lang='lat' dir='ltr'><strong>sententia</strong></span> <span class='ocrx_word' id='word_1_225' title='bbox 1054 2312 1098 2342; x_wconf 92' lang='lat' dir='ltr'><strong>sit</strong></span> 
     </span>
     <span class='ocr_line' id='line_1_42' title="bbox 412 2357 1098 2400; baseline 0 -11"><span class='ocrx_word' id='word_1_226' title='bbox 412 2360 555 2400; x_wconf 83' lang='lat' dir='ltr'><strong>planior,</strong></span> <span class='ocrx_word' id='word_1_227' title='bbox 584 2360 655 2398; x_wconf 83' lang='lat' dir='ltr'><strong>ipso</strong></span> <span class='ocrx_word' id='word_1_228' title='bbox 676 2357 804 2388; x_wconf 80' lang='lat' dir='ltr'><strong>fatente</strong></span> <span class='ocrx_word' id='word_1_229' title='bbox 829 2357 999 2388; x_wconf 84' lang='lat' dir='ltr'><strong>Lambino.</strong></span> <span class='ocrx_word' id='word_1_230' title='bbox 1044 2359 1098 2390; x_wconf 90' lang='lat' dir='ltr'><strong>Ita</strong></span> 
     </span>
     <span class='ocr_line' id='line_1_43' title="bbox 413 2405 1097 2448; baseline 0 -10"><span class='ocrx_word' id='word_1_231' title='bbox 413 2409 540 2448; x_wconf 84' lang='lat' dir='ltr'><strong>pariter</strong></span> <span class='ocrx_word' id='word_1_232' title='bbox 555 2407 677 2445; x_wconf 82' lang='lat' dir='ltr'><strong>legisse</strong></span> <span class='ocrx_word' id='word_1_233' title='bbox 694 2406 826 2436; x_wconf 91' lang='lat' dir='ltr'><strong>videtur</strong></span> <span class='ocrx_word' id='word_1_234' title='bbox 849 2405 971 2441; x_wconf 84' lang='lat' dir='ltr'><strong>Acron,</strong></span> <span class='ocrx_word' id='word_1_235' title='bbox 996 2417 1097 2447; x_wconf 85' lang='lat' dir='ltr'><strong>expo-</strong></span> 
     </span>
     <span class='ocr_line' id='line_1_44' title="bbox 414 2455 1096 2496; baseline 0 -9"><span class='ocrx_word' id='word_1_236' title='bbox 414 2466 495 2487; x_wconf 86' lang='lat' dir='ltr'><strong>nens</strong></span> <span class='ocrx_word' id='word_1_237' title='bbox 517 2458 525 2473; x_wconf 88' lang='lat'>‘</span> <span class='ocrx_word' id='word_1_238' title='bbox 541 2464 644 2496; x_wconf 88' lang='lat' dir='ltr'><strong>quare</strong></span> <span class='ocrx_word' id='word_1_239' title='bbox 661 2455 750 2485; x_wconf 87' lang='lat' dir='ltr'><strong>non?</strong></span> <span class='ocrx_word' id='word_1_240' title='bbox 773 2460 808 2486; x_wconf 88' lang='lat' dir='ltr'><strong>et</strong></span> <span class='ocrx_word' id='word_1_241' title='bbox 824 2460 874 2486; x_wconf 83' lang='lat' dir='ltr'><strong>est</strong></span> <span class='ocrx_word' id='word_1_242' title='bbox 891 2456 1077 2487; x_wconf 88' lang='lat' dir='ltr'><strong>comicum.’</strong></span> <span class='ocrx_word' id='word_1_243' title='bbox 1089 2457 1096 2468; x_wconf 93' lang='lat'><em>&#39;</em></span> 
     </span>
     <span class='ocr_line' id='line_1_45' title="bbox 414 2505 506 2544; baseline -0.011 -7"><span class='ocrx_word' id='word_1_244' title='bbox 414 2505 506 2544; x_wconf 82' lang='lat' dir='ltr'><strong>Fea.]</strong></span> 
     </span>
    </p>

    <p class='ocr_par' dir='ltr' id='par_1_9' title="bbox 415 2555 1099 2742">
     <span class='ocr_line' id='line_1_46' title="bbox 456 2555 1098 2594; baseline 0.003 -9"><span class='ocrx_word' id='word_1_245' title='bbox 456 2558 476 2585; x_wconf 84' lang='lat'>8</span> <span class='ocrx_word' id='word_1_246' title='bbox 501 2555 597 2585; x_wconf 79' lang='lat' dir='ltr'><strong>Horae</strong></span> <span class='ocrx_word' id='word_1_247' title='bbox 612 2555 773 2594; x_wconf 81' lang='lat' dir='ltr'><strong>momento]</strong></span> <span class='ocrx_word' id='word_1_248' title='bbox 805 2555 846 2585; x_wconf 91' lang='lat' dir='ltr'><strong>In</strong></span> <span class='ocrx_word' id='word_1_249' title='bbox 874 2560 997 2594; x_wconf 78' lang='lat' dir='ltr'><strong>pimcto</strong></span> <span class='ocrx_word' id='word_1_250' title='bbox 1019 2559 1098 2586; x_wconf 90' lang='lat' dir='ltr'><strong>tem-</strong></span> 
     </span>
     <span class='ocr_line' id='line_1_47' title="bbox 415 2602 1099 2643; baseline 0.001 -9"><span class='ocrx_word' id='word_1_251' title='bbox 415 2603 517 2643; x_wconf 76' lang='lat' dir='ltr'><strong>poris.</strong></span> <span class='ocrx_word' id='word_1_252' title='bbox 564 2604 636 2634; x_wconf 79' lang='lat' dir='ltr'><strong>Cita</strong></span> <span class='ocrx_word' id='word_1_253' title='bbox 665 2602 759 2642; x_wconf 86' lang='lat' dir='ltr'><strong>mors]</strong></span> <span class='ocrx_word' id='word_1_254' title='bbox 783 2603 839 2634; x_wconf 89' lang='lat' dir='ltr'><strong>Sic</strong></span> <span class='ocrx_word' id='word_1_255' title='bbox 869 2604 974 2634; x_wconf 80' lang='lat' dir='ltr'><strong>nostri</strong></span> <span class='ocrx_word' id='word_1_256' title='bbox 1003 2604 1099 2635; x_wconf 86' lang='lat' dir='ltr'><strong>codd.</strong></span> 
     </span>
     <span class='ocr_line' id='line_1_48' title="bbox 417 2653 1099 2684; baseline 0.001 -2"><span class='ocrx_word' id='word_1_257' title='bbox 417 2663 541 2684; x_wconf 83' lang='lat' dir='ltr'><strong>omnes.</strong></span> <span class='ocrx_word' id='word_1_258' title='bbox 586 2653 700 2684; x_wconf 84' lang='lat' dir='ltr'><strong>Lamb.</strong></span> <span class='ocrx_word' id='word_1_259' title='bbox 727 2656 779 2683; x_wconf 77' lang='lat' dir='ltr'><strong>aul</strong></span> <span class='ocrx_word' id='word_1_260' title='bbox 801 2653 863 2683; x_wconf 77' lang='lat' dir='ltr'><strong>cita</strong></span> <span class='ocrx_word' id='word_1_261' title='bbox 888 2662 978 2684; x_wconf 86' lang='lat' dir='ltr'><strong>mors.</strong></span> <span class='ocrx_word' id='word_1_262' title='bbox 1001 2654 1099 2684; x_wconf 76' lang='lat' dir='ltr'><strong>Torr-</strong></span> 
     </span>
     <span class='ocr_line' id='line_1_49' title="bbox 421 2700 995 2742; baseline 0.002 -11"><span class='ocrx_word' id='word_1_263' title='bbox 421 2700 514 2738; x_wconf 89' lang='lat' dir='ltr'><strong>[Vat.</strong></span> <span class='ocrx_word' id='word_1_264' title='bbox 532 2704 583 2734; x_wconf 84' lang='lat' dir='ltr'><strong>lo.</strong></span> <span class='ocrx_word' id='word_1_265' title='bbox 599 2702 844 2741; x_wconf 76' lang='lat' dir='ltr'><strong>legumjurisque</strong></span> <span class='ocrx_word' id='word_1_266' title='bbox 852 2702 995 2742; x_wconf 65' lang='lat' dir='ltr'><strong>peritus]</strong></span> 
     </span>
    </p>

    <p class='ocr_par' dir='ltr' id='par_1_10' title="bbox 461 2749 1100 2790">
     <span class='ocr_line' id='line_1_50' title="bbox 461 2749 1100 2790; baseline 0.005 -11"><span class='ocrx_word' id='word_1_267' title='bbox 461 2752 499 2779; x_wconf 89' lang='lat'><strong>10</strong></span> <span class='ocrx_word' id='word_1_268' title='bbox 521 2749 584 2781; x_wconf 86' lang='lat' dir='ltr'><strong>Sub</strong></span> <span class='ocrx_word' id='word_1_269' title='bbox 595 2750 823 2790; x_wconf 77' lang='lat' dir='ltr'><strong>gallicantum]</strong></span> <span class='ocrx_word' id='word_1_270' title='bbox 859 2751 887 2782; x_wconf 88' lang='grc' dir='ltr'><strong>Ε</strong></span> <span class='ocrx_word' id='word_1_271' title='bbox 907 2751 1010 2783; x_wconf 87' lang='lat' dir='ltr'><strong>veteri</strong></span> <span class='ocrx_word' id='word_1_272' title='bbox 1035 2751 1100 2782; x_wconf 84' lang='lat' dir='ltr'><strong>Ro-</strong></span> 
     </span>
    </p>
   </div>
   <div class='ocr_carea' id='block_1_5' title="bbox 859 316 1368 350">
    <p class='ocr_par' dir='ltr' id='par_1_11' title="bbox 859 316 1368 350">
     <span class='ocr_line' id='line_1_51' title="bbox 859 316 1368 350; baseline 0.002 -2"><span class='ocrx_word' id='word_1_273' title='bbox 859 318 995 348; x_wconf 76' lang='lat' dir='ltr'><em>NO&#39;PAE</em></span> <span class='ocrx_word' id='word_1_274' title='bbox 1029 316 1285 350; x_wconf 76' lang='lat' dir='ltr'><strong>VARtoRUM</strong></span> <span class='ocrx_word' id='word_1_275' title='bbox 1319 319 1368 349; x_wconf 85' lang='grc' dir='ltr'><strong>ΙΝ</strong></span> 
     </span>
    </p>
   </div>
   <div class='ocr_carea' id='block_1_6' title="bbox 1140 410 1831 2792">
    <p class='ocr_par' dir='ltr' id='par_1_12' title="bbox 1140 410 1828 1232">
     <span class='ocr_line' id='line_1_52' title="bbox 1141 410 1821 452; baseline 0.004 -11"><span class='ocrx_word' id='word_1_276' title='bbox 1141 419 1311 442; x_wconf 85' lang='lat' dir='ltr'><strong>manorum</strong></span> <span class='ocrx_word' id='word_1_277' title='bbox 1341 410 1583 442; x_wconf 85' lang='lat' dir='ltr'><strong>consuetudine</strong></span> <span class='ocrx_word' id='word_1_278' title='bbox 1610 411 1821 452; x_wconf 84' lang='lat' dir='ltr'><strong>loquitur,de</strong></span> 
     </span>
     <span class='ocr_line' id='line_1_53' title="bbox 1142 459 1822 499; baseline 0.003 -10"><span class='ocrx_word' id='word_1_279' title='bbox 1142 469 1207 498; x_wconf 87' lang='lat' dir='ltr'><strong>qua</strong></span> <span class='ocrx_word' id='word_1_280' title='bbox 1223 459 1375 499; x_wconf 83' lang='lat' dir='ltr'><strong>Epistola</strong></span> <span class='ocrx_word' id='word_1_281' title='bbox 1392 459 1432 489; x_wconf 85' lang='lat' dir='ltr'><strong>ad</strong></span> <span class='ocrx_word' id='word_1_282' title='bbox 1451 459 1634 498; x_wconf 83' lang='lat' dir='ltr'><strong>Augustum</strong></span> <span class='ocrx_word' id='word_1_283' title='bbox 1649 469 1657 490; x_wconf 75' lang='lat' dir='ltr'><strong><em>z</em></strong></span> <span class='ocrx_word' id='word_1_284' title='bbox 1681 459 1692 476; x_wconf 92' lang='lat'>‘</span> <span class='ocrx_word' id='word_1_285' title='bbox 1707 459 1822 491; x_wconf 76' lang='lat' dir='ltr'><strong>Romae</strong></span> 
     </span>
     <span class='ocr_line' id='line_1_54' title="bbox 1140 506 1824 548; baseline 0.001 -11"><span class='ocrx_word' id='word_1_286' title='bbox 1140 508 1237 538; x_wconf 87' lang='lat' dir='ltr'><strong>dulce</strong></span> <span class='ocrx_word' id='word_1_287' title='bbox 1266 508 1322 539; x_wconf 91' lang='lat' dir='ltr'><strong>diu</strong></span> <span class='ocrx_word' id='word_1_288' title='bbox 1353 506 1430 546; x_wconf 81' lang='lat' dir='ltr'><strong>fuit,</strong></span> <span class='ocrx_word' id='word_1_289' title='bbox 1456 513 1491 538; x_wconf 85' lang='lat' dir='ltr'><strong>et</strong></span> <span class='ocrx_word' id='word_1_290' title='bbox 1519 508 1668 548; x_wconf 86' lang='lat' dir='ltr'><strong>solenne,</strong></span> <span class='ocrx_word' id='word_1_291' title='bbox 1695 507 1824 538; x_wconf 77' lang='lat' dir='ltr'><strong>reclusa</strong></span> 
     </span>
     <span class='ocr_line' id='line_1_55' title="bbox 1141 556 1823 596; baseline 0 -10"><span class='ocrx_word' id='word_1_292' title='bbox 1141 556 1243 587; x_wconf 85' lang='lat' dir='ltr'><strong>Mane</strong></span> <span class='ocrx_word' id='word_1_293' title='bbox 1259 557 1354 586; x_wconf 90' lang='lat' dir='ltr'><strong>domo</strong></span> <span class='ocrx_word' id='word_1_294' title='bbox 1376 556 1526 596; x_wconf 81' lang='lat' dir='ltr'><strong>vigilare,</strong></span> <span class='ocrx_word' id='word_1_295' title='bbox 1542 556 1655 587; x_wconf 87' lang='lat' dir='ltr'><strong>clienti</strong></span> <span class='ocrx_word' id='word_1_296' title='bbox 1671 565 1823 596; x_wconf 85' lang='lat' dir='ltr'><strong>promere</strong></span> 
     </span>
     <span class='ocr_line' id='line_1_56' title="bbox 1277 605 1823 645; baseline -0.004 -8"><span class='ocrx_word' id='word_1_297' title='bbox 1277 605 1395 637; x_wconf 82' lang='lat' dir='ltr'><strong>Gallos</strong></span> <span class='ocrx_word' id='word_1_298' title='bbox 1424 609 1534 636; x_wconf 85' lang='lat' dir='ltr'><strong>autem</strong></span> <span class='ocrx_word' id='word_1_299' title='bbox 1556 612 1721 645; x_wconf 81' lang='lat' dir='ltr'><strong>tamquam</strong></span> <span class='ocrx_word' id='word_1_300' title='bbox 1745 614 1823 635; x_wconf 90' lang='lat' dir='ltr'><strong>noc·</strong></span> 
     </span>
     <span class='ocr_line' id='line_1_57' title="bbox 1141 653 1825 694; baseline 0 -11"><span class='ocrx_word' id='word_1_301' title='bbox 1141 657 1256 684; x_wconf 81' lang='lat' dir='ltr'><strong>turnus</strong></span> <span class='ocrx_word' id='word_1_302' title='bbox 1266 654 1425 694; x_wconf 83' lang='lat' dir='ltr'><strong>quosdam</strong></span> <span class='ocrx_word' id='word_1_303' title='bbox 1439 654 1564 693; x_wconf 78' lang='lat' dir='ltr'><strong>vigiles,</strong></span> <span class='ocrx_word' id='word_1_304' title='bbox 1577 658 1613 684; x_wconf 91' lang='lat' dir='ltr'><strong>ut</strong></span> <span class='ocrx_word' id='word_1_305' title='bbox 1626 653 1825 694; x_wconf 80' lang='lat' dir='ltr'><strong>pulcerrime</strong></span> 
     </span>
     <span class='ocr_line' id='line_1_58' title="bbox 1141 701 1826 742; baseline 0 -11"><span class='ocrx_word' id='word_1_306' title='bbox 1141 701 1248 742; x_wconf 89' lang='lat' dir='ltr'><strong>inquit</strong></span> <span class='ocrx_word' id='word_1_307' title='bbox 1259 703 1349 734; x_wconf 80' lang='lat' dir='ltr'><strong>Ptin.</strong></span> <span class='ocrx_word' id='word_1_308' title='bbox 1366 711 1399 733; x_wconf 80' lang='lat' dir='ltr'><strong>x.</strong></span> <span class='ocrx_word' id='word_1_309' title='bbox 1415 702 1661 733; x_wconf 85' lang='lat' dir='ltr'><strong>21.excitandis</strong></span> <span class='ocrx_word' id='word_1_310' title='bbox 1675 702 1707 732; x_wconf 92' lang='lat' dir='ltr'><strong>in</strong></span> <span class='ocrx_word' id='word_1_311' title='bbox 1722 710 1826 742; x_wconf 80' lang='lat' dir='ltr'><strong>opera</strong></span> 
     </span>
     <span class='ocr_line' id='line_1_59' title="bbox 1140 750 1825 792; baseline -0.004 -10"><span class='ocrx_word' id='word_1_312' title='bbox 1140 751 1346 791; x_wconf 77' lang='lat' dir='ltr'><strong>mortalibus,</strong></span> <span class='ocrx_word' id='word_1_313' title='bbox 1371 750 1621 792; x_wconf 85' lang='lat' dir='ltr'><strong>rumpendoque</strong></span> <span class='ocrx_word' id='word_1_314' title='bbox 1640 759 1753 781; x_wconf 86' lang='lat' dir='ltr'><strong>somno</strong></span> <span class='ocrx_word' id='word_1_315' title='bbox 1769 758 1825 780; x_wconf 85' lang='lat' dir='ltr'><strong>na-</strong></span> 
     </span>
     <span class='ocr_line' id='line_1_60' title="bbox 1141 798 1824 841; baseline -0.003 -11"><span class='ocrx_word' id='word_1_316' title='bbox 1141 804 1214 832; x_wconf 86' lang='lat' dir='ltr'><strong>tura</strong></span> <span class='ocrx_word' id='word_1_317' title='bbox 1230 801 1358 841; x_wconf 87' lang='lat' dir='ltr'><strong>genuit,</strong></span> <span class='ocrx_word' id='word_1_318' title='bbox 1374 809 1435 831; x_wconf 88' lang='lat' dir='ltr'><strong>nec</strong></span> <span class='ocrx_word' id='word_1_319' title='bbox 1450 800 1534 831; x_wconf 90' lang='lat' dir='ltr'><strong>Solis</strong></span> <span class='ocrx_word' id='word_1_320' title='bbox 1556 805 1666 830; x_wconf 84' lang='lat' dir='ltr'><strong>ortum</strong></span> <span class='ocrx_word' id='word_1_321' title='bbox 1683 798 1824 829; x_wconf 85' lang='lat' dir='ltr'><strong>incautis</strong></span> 
     </span>
     <span class='ocr_line' id='line_1_61' title="bbox 1140 847 1825 890; baseline -0.003 -10"><span class='ocrx_word' id='word_1_322' title='bbox 1140 851 1314 889; x_wconf 85' lang='lat' dir='ltr'><strong>patiuntur</strong></span> <span class='ocrx_word' id='word_1_323' title='bbox 1330 851 1508 890; x_wconf 86' lang='lat' dir='ltr'><strong>obrepere,</strong></span> <span class='ocrx_word' id='word_1_324' title='bbox 1523 849 1677 890; x_wconf 85' lang='lat' dir='ltr'><strong>diemque</strong></span> <span class='ocrx_word' id='word_1_325' title='bbox 1692 847 1825 878; x_wconf 86' lang='lat' dir='ltr'><strong>venien-</strong></span> 
     </span>
     <span class='ocr_line' id='line_1_62' title="bbox 1142 897 1825 930; baseline -0.003 -2"><span class='ocrx_word' id='word_1_326' title='bbox 1142 903 1208 928; x_wconf 89' lang='lat' dir='ltr'><strong>tem</strong></span> <span class='ocrx_word' id='word_1_327' title='bbox 1235 899 1387 928; x_wconf 83' lang='lat' dir='ltr'><strong>nuntiant</strong></span> <span class='ocrx_word' id='word_1_328' title='bbox 1412 904 1524 929; x_wconf 85' lang='lat' dir='ltr'><strong>cantu.</strong></span> <span class='ocrx_word' id='word_1_329' title='bbox 1567 898 1679 930; x_wconf 84' lang='lat' dir='ltr'><strong>Quare</strong></span> <span class='ocrx_word' id='word_1_330' title='bbox 1695 897 1825 928; x_wconf 81' lang='lat' dir='ltr'><strong>Graecis</strong></span> 
     </span>
     <span class='ocr_line' id='line_1_63' title="bbox 1141 944 1826 987; baseline -0.001 -11"><span class='ocrx_word' id='word_1_331' title='bbox 1141 956 1274 987; x_wconf 88' lang='lat' dir='ltr'><strong>quoque</strong></span> <span class='ocrx_word' id='word_1_332' title='bbox 1290 946 1427 986; x_wconf 77' lang='grc' dir='ltr'>ἀλέκτωρ</span> <span class='ocrx_word' id='word_1_333' title='bbox 1442 947 1563 986; x_wconf 84' lang='lat' dir='ltr'><strong>dictus,</strong></span> <span class='ocrx_word' id='word_1_334' title='bbox 1578 947 1626 978; x_wconf 79' lang='grc' dir='ltr'><strong>διὰ</strong></span> <span class='ocrx_word' id='word_1_335' title='bbox 1640 946 1676 977; x_wconf 75' lang='grc' dir='ltr'><strong>τὸ</strong></span> <span class='ocrx_word' id='word_1_336' title='bbox 1697 944 1826 987; x_wconf 75' lang='grc' dir='ltr'>ἐγείρειν</span> 
     </span>
     <span class='ocr_line' id='line_1_64' title="bbox 1140 987 1828 1035; baseline -0.001 -9"><span class='ocrx_word' id='word_1_337' title='bbox 1140 995 1219 1033; x_wconf 77' lang='grc' dir='ltr'>ἡμᾶς</span> <span class='ocrx_word' id='word_1_338' title='bbox 1244 996 1279 1026; x_wconf 85' lang='grc' dir='ltr'><strong>ἐκ</strong></span> <span class='ocrx_word' id='word_1_339' title='bbox 1305 996 1362 1025; x_wconf 78' lang='grc' dir='ltr'><strong>τοῦ</strong></span> <span class='ocrx_word' id='word_1_340' title='bbox 1387 994 1531 1034; x_wconf 84' lang='grc' dir='ltr'>λέκτρου,</span> <span class='ocrx_word' id='word_1_341' title='bbox 1564 987 1643 1035; x_wconf 73' lang='lat' dir='ltr'><strong>quod</strong></span> <span class='ocrx_word' id='word_1_342' title='bbox 1671 997 1747 1026; x_wconf 72' lang='lat' dir='ltr'><strong>lecto</strong></span> <span class='ocrx_word' id='word_1_343' title='bbox 1774 1005 1828 1025; x_wconf 79' lang='lat' dir='ltr'><strong>nos</strong></span> 
     </span>
     <span class='ocr_line' id='line_1_65' title="bbox 1141 1043 1826 1084; baseline -0.004 -8"><span class='ocrx_word' id='word_1_344' title='bbox 1141 1046 1266 1076; x_wconf 75' lang='lat' dir='ltr'><strong>excitet.</strong></span> <span class='ocrx_word' id='word_1_345' title='bbox 1298 1046 1451 1076; x_wconf 85' lang='lat' dir='ltr'><strong>Torrent.</strong></span> <span class='ocrx_word' id='word_1_346' title='bbox 1495 1044 1560 1076; x_wconf 78' lang='lat' dir='ltr'><strong>Sub</strong></span> <span class='ocrx_word' id='word_1_347' title='bbox 1585 1044 1666 1084; x_wconf 71' lang='lat' dir='ltr'><strong>galli</strong></span> <span class='ocrx_word' id='word_1_348' title='bbox 1689 1043 1826 1082; x_wconf 79' lang='lat' dir='ltr'><strong>cantum]</strong></span> 
     </span>
     <span class='ocr_line' id='line_1_66' title="bbox 1143 1093 1826 1134; baseline -0.001 -10"><span class='ocrx_word' id='word_1_349' title='bbox 1143 1096 1232 1125; x_wconf 87' lang='lat' dir='ltr'><strong>Ante</strong></span> <span class='ocrx_word' id='word_1_350' title='bbox 1249 1094 1328 1134; x_wconf 87' lang='lat' dir='ltr'><strong>galli</strong></span> <span class='ocrx_word' id='word_1_351' title='bbox 1343 1100 1488 1127; x_wconf 88' lang='lat' dir='ltr'><strong>cantum.</strong></span> <span class='ocrx_word' id='word_1_352' title='bbox 1538 1095 1705 1125; x_wconf 74' lang='lat' dir='ltr'><strong>Consultor</strong></span> <span class='ocrx_word' id='word_1_353' title='bbox 1715 1093 1768 1124; x_wconf 73' lang='lat' dir='ltr'><strong>ubi</strong></span> <span class='ocrx_word' id='word_1_354' title='bbox 1780 1102 1826 1123; x_wconf 84' lang='lat' dir='ltr'><strong>os-</strong></span> 
     </span>
     <span class='ocr_line' id='line_1_67' title="bbox 1143 1142 1828 1184; baseline -0.003 -10"><span class='ocrx_word' id='word_1_355' title='bbox 1143 1142 1204 1182; x_wconf 81' lang='lat' dir='ltr'><strong>tia]</strong></span> <span class='ocrx_word' id='word_1_356' title='bbox 1227 1144 1407 1175; x_wconf 89' lang='lat' dir='ltr'><strong>Consultor</strong></span> <span class='ocrx_word' id='word_1_357' title='bbox 1418 1148 1484 1183; x_wconf 87' lang='lat' dir='ltr'><strong>est,</strong></span> <span class='ocrx_word' id='word_1_358' title='bbox 1496 1144 1551 1184; x_wconf 93' lang='lat' dir='ltr'><strong>qui</strong></span> <span class='ocrx_word' id='word_1_359' title='bbox 1563 1143 1660 1174; x_wconf 87' lang='lat' dir='ltr'><strong>discit</strong></span> <span class='ocrx_word' id='word_1_360' title='bbox 1674 1147 1709 1173; x_wconf 89' lang='lat' dir='ltr'><strong>et</strong></span> <span class='ocrx_word' id='word_1_361' title='bbox 1721 1142 1828 1175; x_wconf 84' lang='lat' dir='ltr'><strong>Jnris-</strong></span> 
     </span>
     <span class='ocr_line' id='line_1_68' title="bbox 1144 1192 1783 1232; baseline -0.002 -9"><span class='ocrx_word' id='word_1_362' title='bbox 1144 1194 1333 1224; x_wconf 82' lang='lat' dir='ltr'><strong>consultum</strong></span> <span class='ocrx_word' id='word_1_363' title='bbox 1350 1194 1506 1232; x_wconf 89' lang='lat' dir='ltr'><strong>consulit,</strong></span> <span class='ocrx_word' id='word_1_364' title='bbox 1524 1193 1621 1232; x_wconf 82' lang='lat' dir='ltr'><strong>Augl.</strong></span> <span class='ocrx_word' id='word_1_365' title='bbox 1635 1202 1655 1223; x_wconf 87' lang='grc' dir='ltr'><em>α</em></span> <span class='ocrx_word' id='word_1_366' title='bbox 1671 1192 1783 1222; x_wconf 76' lang='lat' dir='ltr'><strong>Client-</strong></span> 
     </span>
    </p>

    <p class='ocr_par' dir='ltr' id='par_1_13' title="bbox 1143 1240 1831 2546">
     <span class='ocr_line' id='line_1_69' title="bbox 1186 1240 1827 1282; baseline -0.005 -9"><span class='ocrx_word' id='word_1_367' title='bbox 1186 1245 1224 1273; x_wconf 83' lang='lat' dir='ltr'><strong>lt</strong></span> <span class='ocrx_word' id='word_1_368' title='bbox 1249 1242 1321 1282; x_wconf 81' lang='lat' dir='ltr'><strong>Ille]</strong></span> <span class='ocrx_word' id='word_1_369' title='bbox 1347 1243 1516 1282; x_wconf 84' lang='lat' dir='ltr'><strong>Agricola.</strong></span> <span class='ocrx_word' id='word_1_370' title='bbox 1561 1242 1658 1272; x_wconf 75' lang='lat' dir='ltr'><strong>Datis</strong></span> <span class='ocrx_word' id='word_1_371' title='bbox 1684 1240 1827 1280; x_wconf 69' lang='lat' dir='ltr'><strong>vadibus]</strong></span> 
     </span>
     <span class='ocr_line' id='line_1_70' title="bbox 1145 1289 1828 1330; baseline -0.003 -8"><span class='ocrx_word' id='word_1_372' title='bbox 1145 1291 1155 1308; x_wconf 86' lang='lat'>‘</span> <span class='ocrx_word' id='word_1_373' title='bbox 1167 1291 1306 1330; x_wconf 87' lang='lat' dir='ltr'><strong>Vades‚&#39;</strong></span> <span class='ocrx_word' id='word_1_374' title='bbox 1322 1291 1408 1322; x_wconf 90' lang='lat' dir='ltr'><strong>unde</strong></span> <span class='ocrx_word' id='word_1_375' title='bbox 1432 1293 1442 1310; x_wconf 91' lang='lat'>‘</span> <span class='ocrx_word' id='word_1_376' title='bbox 1456 1291 1569 1322; x_wconf 77' lang='lat' dir='ltr'><strong>vadari</strong></span> <span class='ocrx_word' id='word_1_377' title='bbox 1581 1291 1589 1304; x_wconf 94' lang='lat'>&#39;</span> <span class='ocrx_word' id='word_1_378' title='bbox 1611 1295 1646 1321; x_wconf 87' lang='lat' dir='ltr'><strong>et</strong></span> <span class='ocrx_word' id='word_1_379' title='bbox 1660 1291 1669 1308; x_wconf 93' lang='lat'>‘</span> <span class='ocrx_word' id='word_1_380' title='bbox 1684 1289 1828 1320; x_wconf 82' lang='lat' dir='ltr'><strong>vadimo-</strong></span> 
     </span>
     <span class='ocr_line' id='line_1_71' title="bbox 1144 1338 1827 1380; baseline -0.003 -10"><span class='ocrx_word' id='word_1_381' title='bbox 1144 1341 1256 1378; x_wconf 88' lang='lat' dir='ltr'><strong>nium,’</strong></span> <span class='ocrx_word' id='word_1_382' title='bbox 1286 1349 1463 1379; x_wconf 79' lang='lat' dir='ltr'><strong>sponsores</strong></span> <span class='ocrx_word' id='word_1_383' title='bbox 1486 1340 1582 1379; x_wconf 86' lang='lat' dir='ltr'><strong>dicti,</strong></span> <span class='ocrx_word' id='word_1_384' title='bbox 1602 1338 1736 1380; x_wconf 85' lang='lat' dir='ltr'><strong>proprie</strong></span> <span class='ocrx_word' id='word_1_385' title='bbox 1756 1338 1827 1378; x_wconf 90' lang='lat' dir='ltr'><strong>qni-</strong></span> 
     </span>
     <span class='ocr_line' id='line_1_72' title="bbox 1144 1385 1825 1429; baseline -0.003 -11"><span class='ocrx_word' id='word_1_386' title='bbox 1144 1388 1218 1425; x_wconf 81' lang='lat' dir='ltr'><strong>dem</strong></span> <span class='ocrx_word' id='word_1_387' title='bbox 1243 1389 1275 1418; x_wconf 91' lang='lat' dir='ltr'><strong>in</strong></span> <span class='ocrx_word' id='word_1_388' title='bbox 1302 1398 1335 1418; x_wconf 87' lang='lat' dir='ltr'><strong>re</strong></span> <span class='ocrx_word' id='word_1_389' title='bbox 1359 1389 1506 1429; x_wconf 83' lang='lat' dir='ltr'><strong>capitali,</strong></span> <span class='ocrx_word' id='word_1_390' title='bbox 1529 1392 1615 1419; x_wconf 86' lang='lat' dir='ltr'><strong>teste</strong></span> <span class='ocrx_word' id='word_1_391' title='bbox 1639 1388 1751 1427; x_wconf 84' lang='lat' dir='ltr'><strong>Festo,</strong></span> <span class='ocrx_word' id='word_1_392' title='bbox 1767 1385 1825 1416; x_wconf 88' lang='lat' dir='ltr'><strong>sed</strong></span> 
     </span>
     <span class='ocr_line' id='line_1_73' title="bbox 1144 1437 1826 1476; baseline -0.003 -9"><span class='ocrx_word' id='word_1_393' title='bbox 1144 1446 1224 1467; x_wconf 86' lang='lat' dir='ltr'><strong>usus</strong></span> <span class='ocrx_word' id='word_1_394' title='bbox 1247 1437 1404 1476; x_wconf 88' lang='lat' dir='ltr'><strong>obtinuit,</strong></span> <span class='ocrx_word' id='word_1_395' title='bbox 1430 1442 1468 1468; x_wconf 92' lang='lat' dir='ltr'><strong>ut</strong></span> <span class='ocrx_word' id='word_1_396' title='bbox 1489 1437 1574 1468; x_wconf 82' lang='lat' dir='ltr'><strong>inre</strong></span> <span class='ocrx_word' id='word_1_397' title='bbox 1590 1437 1678 1468; x_wconf 86' lang='lat' dir='ltr'><strong>civili</strong></span> <span class='ocrx_word' id='word_1_398' title='bbox 1693 1443 1826 1476; x_wconf 85' lang='lat' dir='ltr'><strong>quoque</strong></span> 
     </span>
     <span class='ocr_line' id='line_1_74' title="bbox 1144 1484 1827 1525; baseline -0.003 -9"><span class='ocrx_word' id='word_1_399' title='bbox 1144 1486 1348 1517; x_wconf 86' lang='lat' dir='ltr'><strong>dicerentur.</strong></span> <span class='ocrx_word' id='word_1_400' title='bbox 1393 1487 1485 1519; x_wconf 89' lang='lat' dir='ltr'><strong>Quos</strong></span> <span class='ocrx_word' id='word_1_401' title='bbox 1508 1491 1543 1516; x_wconf 91' lang='lat' dir='ltr'><strong>et</strong></span> <span class='ocrx_word' id='word_1_402' title='bbox 1566 1491 1576 1504; x_wconf 80' lang='lat'><strong>¹</strong></span> <span class='ocrx_word' id='word_1_403' title='bbox 1591 1484 1741 1525; x_wconf 74' lang='lat' dir='ltr'><strong>praedes’</strong></span> <span class='ocrx_word' id='word_1_404' title='bbox 1770 1494 1827 1523; x_wconf 88' lang='lat' dir='ltr'><strong>ap-</strong></span> 
     </span>
     <span class='ocr_line' id='line_1_75' title="bbox 1143 1533 1826 1574; baseline -0.003 -10"><span class='ocrx_word' id='word_1_405' title='bbox 1143 1535 1325 1574; x_wconf 84' lang='lat' dir='ltr'><strong>pellabant,</strong></span> <span class='ocrx_word' id='word_1_406' title='bbox 1348 1534 1492 1564; x_wconf 86' lang='lat' dir='ltr'><strong>maxime</strong></span> <span class='ocrx_word' id='word_1_407' title='bbox 1514 1534 1570 1574; x_wconf 89' lang='lat' dir='ltr'><strong>qui</strong></span> <span class='ocrx_word' id='word_1_408' title='bbox 1591 1533 1729 1574; x_wconf 85' lang='lat' dir='ltr'><strong>populo,</strong></span> <span class='ocrx_word' id='word_1_409' title='bbox 1745 1533 1826 1562; x_wconf 84' lang='lat' dir='ltr'><strong>etin</strong></span> 
     </span>
     <span class='ocr_line' id='line_1_76' title="bbox 1144 1583 1830 1623; baseline -0.003 -9"><span class='ocrx_word' id='word_1_410' title='bbox 1144 1583 1313 1623; x_wconf 86' lang='lat' dir='ltr'><strong>publicum</strong></span> <span class='ocrx_word' id='word_1_411' title='bbox 1333 1592 1381 1622; x_wconf 84' lang='lat' dir='ltr'><strong>se,</strong></span> <span class='ocrx_word' id='word_1_412' title='bbox 1401 1584 1599 1623; x_wconf 85' lang='lat' dir='ltr'><strong>magistratu</strong></span> <span class='ocrx_word' id='word_1_413' title='bbox 1623 1583 1830 1622; x_wconf 74' lang='lat' dir='ltr'><strong>interrogan-</strong></span> 
     </span>
     <span class='ocr_line' id='line_1_77' title="bbox 1144 1631 1827 1672; baseline -0.001 -10"><span class='ocrx_word' id='word_1_414' title='bbox 1144 1637 1190 1670; x_wconf 87' lang='lat' dir='ltr'><strong>te,</strong></span> <span class='ocrx_word' id='word_1_415' title='bbox 1200 1632 1404 1672; x_wconf 82' lang='lat' dir='ltr'><strong>obligabant.</strong></span> <span class='ocrx_word' id='word_1_416' title='bbox 1428 1632 1504 1664; x_wconf 88' lang='lat' dir='ltr'><strong>Quo</strong></span> <span class='ocrx_word' id='word_1_417' title='bbox 1515 1631 1604 1663; x_wconf 88' lang='lat' dir='ltr'><strong>facto</strong></span> <span class='ocrx_word' id='word_1_418' title='bbox 1615 1631 1707 1662; x_wconf 82' lang='lat' dir='ltr'><strong>dicta</strong></span> <span class='ocrx_word' id='word_1_419' title='bbox 1718 1634 1727 1649; x_wconf 81' lang='lat'><strong><em>⁴</em></strong></span> <span class='ocrx_word' id='word_1_420' title='bbox 1741 1640 1827 1671; x_wconf 85' lang='lat' dir='ltr'><strong>prae-</strong></span> 
     </span>
     <span class='ocr_line' id='line_1_78' title="bbox 1143 1679 1828 1720; baseline 0.001 -11"><span class='ocrx_word' id='word_1_421' title='bbox 1143 1679 1218 1710; x_wconf 87' lang='lat' dir='ltr'><strong>dia&#39;</strong></span> <span class='ocrx_word' id='word_1_422' title='bbox 1233 1681 1381 1719; x_wconf 88' lang='lat' dir='ltr'><strong>ipsorum</strong></span> <span class='ocrx_word' id='word_1_423' title='bbox 1397 1681 1495 1715; x_wconf 85' lang='lat' dir='ltr'><strong>bona,</strong></span> <span class='ocrx_word' id='word_1_424' title='bbox 1511 1687 1547 1711; x_wconf 87' lang='lat' dir='ltr'><strong>et</strong></span> <span class='ocrx_word' id='word_1_425' title='bbox 1559 1681 1633 1710; x_wconf 85' lang='lat' dir='ltr'><strong>hinc</strong></span> <span class='ocrx_word' id='word_1_426' title='bbox 1649 1679 1722 1720; x_wconf 82' lang='lat' dir='ltr'><strong>‘jus</strong></span> <span class='ocrx_word' id='word_1_427' title='bbox 1742 1688 1828 1720; x_wconf 82' lang='lat' dir='ltr'><strong>prae·</strong></span> 
     </span>
     <span class='ocr_line' id='line_1_79' title="bbox 1145 1727 1828 1769; baseline 0.001 -12"><span class='ocrx_word' id='word_1_428' title='bbox 1145 1727 1343 1765; x_wconf 86' lang='lat' dir='ltr'><strong>diatorium‚’</strong></span> <span class='ocrx_word' id='word_1_429' title='bbox 1365 1731 1374 1746; x_wconf 88' lang='lat'>‘</span> <span class='ocrx_word' id='word_1_430' title='bbox 1386 1728 1693 1768; x_wconf 63' lang='lat' dir='ltr'><strong>praediatoresque:</strong></span> <span class='ocrx_word' id='word_1_431' title='bbox 1721 1728 1776 1769; x_wconf 81' lang='lat' dir='ltr'><strong>qui</strong></span> <span class='ocrx_word' id='word_1_432' title='bbox 1793 1728 1828 1758; x_wconf 90' lang='lat' dir='ltr'><strong>in</strong></span> 
     </span>
     <span class='ocr_line' id='line_1_80' title="bbox 1146 1775 1830 1816; baseline -0.001 -10"><span class='ocrx_word' id='word_1_433' title='bbox 1146 1785 1186 1807; x_wconf 86' lang='lat' dir='ltr'><strong>eo</strong></span> <span class='ocrx_word' id='word_1_434' title='bbox 1202 1777 1438 1808; x_wconf 84' lang='lat' dir='ltr'><strong>versabantur:</strong></span> <span class='ocrx_word' id='word_1_435' title='bbox 1467 1781 1504 1808; x_wconf 87' lang='lat' dir='ltr'><strong>ut</strong></span> <span class='ocrx_word' id='word_1_436' title='bbox 1518 1786 1598 1816; x_wconf 81' lang='lat' dir='ltr'><strong>ergo</strong></span> <span class='ocrx_word' id='word_1_437' title='bbox 1621 1778 1630 1794; x_wconf 90' lang='lat'>‘</span> <span class='ocrx_word' id='word_1_438' title='bbox 1643 1775 1792 1816; x_wconf 82' lang='lat' dir='ltr'><strong>praedes&#39;</strong></span> <span class='ocrx_word' id='word_1_439' title='bbox 1809 1786 1830 1806; x_wconf 80' lang='lat' dir='ltr'><strong>a</strong></span> 
     </span>
     <span class='ocr_line' id='line_1_81' title="bbox 1146 1825 1829 1866; baseline 0 -11"><span class='ocrx_word' id='word_1_440' title='bbox 1146 1825 1337 1864; x_wconf 76' lang='lat' dir='ltr'><strong>praestando</strong></span> <span class='ocrx_word' id='word_1_441' title='bbox 1362 1825 1459 1860; x_wconf 84' lang='lat' dir='ltr'><strong>dicti,</strong></span> <span class='ocrx_word' id='word_1_442' title='bbox 1488 1826 1536 1856; x_wconf 91' lang='lat' dir='ltr'><strong>sic</strong></span> <span class='ocrx_word' id='word_1_443' title='bbox 1561 1825 1723 1866; x_wconf 83' lang='lat' dir='ltr'><strong>appellati</strong></span> <span class='ocrx_word' id='word_1_444' title='bbox 1750 1825 1829 1855; x_wconf 80' lang='lat' dir='ltr'><strong>‘va-</strong></span> 
     </span>
     <span class='ocr_line' id='line_1_82' title="bbox 1146 1873 1829 1915; baseline 0.001 -11"><span class='ocrx_word' id='word_1_445' title='bbox 1146 1873 1233 1914; x_wconf 68' lang='lat' dir='ltr'><strong>des,’,</strong></span> <span class='ocrx_word' id='word_1_446' title='bbox 1254 1874 1343 1915; x_wconf 85' lang='lat' dir='ltr'><strong>quod</strong></span> <span class='ocrx_word' id='word_1_447' title='bbox 1362 1875 1418 1913; x_wconf 87' lang='lat' dir='ltr'><strong>qui</strong></span> <span class='ocrx_word' id='word_1_448' title='bbox 1433 1884 1491 1905; x_wconf 90' lang='lat' dir='ltr'><strong>eos</strong></span> <span class='ocrx_word' id='word_1_449' title='bbox 1507 1874 1668 1906; x_wconf 82' lang='lat' dir='ltr'><strong>dederant</strong></span> <span class='ocrx_word' id='word_1_450' title='bbox 1684 1873 1829 1905; x_wconf 81' lang='lat' dir='ltr'><strong>vadendi</strong></span> 
     </span>
     <span class='ocr_line' id='line_1_83' title="bbox 1146 1922 1831 1963; baseline 0.001 -11"><span class='ocrx_word' id='word_1_451' title='bbox 1146 1932 1205 1952; x_wconf 86' lang='lat' dir='ltr'><strong>seu</strong></span> <span class='ocrx_word' id='word_1_452' title='bbox 1225 1922 1416 1953; x_wconf 88' lang='lat' dir='ltr'><strong>discedendi</strong></span> <span class='ocrx_word' id='word_1_453' title='bbox 1433 1922 1594 1954; x_wconf 82' lang='lat' dir='ltr'><strong>haberent</strong></span> <span class='ocrx_word' id='word_1_454' title='bbox 1615 1927 1831 1963; x_wconf 86' lang='lat' dir='ltr'><strong>potestatem,</strong></span> 
     </span>
     <span class='ocr_line' id='line_1_84' title="bbox 1146 1970 1831 2012; baseline 0.001 -11"><span class='ocrx_word' id='word_1_455' title='bbox 1146 1970 1252 2002; x_wconf 90' lang='lat' dir='ltr'><strong>donec</strong></span> <span class='ocrx_word' id='word_1_456' title='bbox 1268 1971 1408 2002; x_wconf 85' lang='lat' dir='ltr'><strong>sistendi</strong></span> <span class='ocrx_word' id='word_1_457' title='bbox 1425 1972 1602 2012; x_wconf 86' lang='lat' dir='ltr'><strong>sejudicio</strong></span> <span class='ocrx_word' id='word_1_458' title='bbox 1623 1971 1831 2012; x_wconf 68' lang='lat' dir='ltr'><strong>praestitutus</strong></span> 
     </span>
     <span class='ocr_line' id='line_1_85' title="bbox 1147 2020 1830 2060; baseline 0 -10"><span class='ocrx_word' id='word_1_459' title='bbox 1147 2021 1281 2051; x_wconf 87' lang='lat' dir='ltr'><strong>adesset</strong></span> <span class='ocrx_word' id='word_1_460' title='bbox 1295 2020 1378 2051; x_wconf 86' lang='lat' dir='ltr'><strong>dies.</strong></span> <span class='ocrx_word' id='word_1_461' title='bbox 1422 2021 1530 2053; x_wconf 89' lang='lat' dir='ltr'><strong>Quem</strong></span> <span class='ocrx_word' id='word_1_462' title='bbox 1546 2020 1572 2051; x_wconf 91' lang='lat' dir='ltr'><strong>si</strong></span> <span class='ocrx_word' id='word_1_463' title='bbox 1586 2020 1830 2060; x_wconf 86' lang='lat' dir='ltr'><strong>praeterissent,</strong></span> 
     </span>
     <span class='ocr_line' id='line_1_86' title="bbox 1146 2067 1828 2100; baseline -0.001 -2"><span class='ocrx_word' id='word_1_464' title='bbox 1146 2077 1186 2098; x_wconf 85' lang='lat' dir='ltr'><strong>ea</strong></span> <span class='ocrx_word' id='word_1_465' title='bbox 1209 2074 1281 2099; x_wconf 83' lang='lat' dir='ltr'><strong>erat</strong></span> <span class='ocrx_word' id='word_1_466' title='bbox 1303 2069 1430 2100; x_wconf 86' lang='lat' dir='ltr'><strong>deserti</strong></span> <span class='ocrx_word' id='word_1_467' title='bbox 1453 2070 1523 2100; x_wconf 87' lang='lat' dir='ltr'><strong>sive</strong></span> <span class='ocrx_word' id='word_1_468' title='bbox 1546 2078 1611 2100; x_wconf 87' lang='lat' dir='ltr'><strong>uon</strong></span> <span class='ocrx_word' id='word_1_469' title='bbox 1633 2068 1716 2100; x_wconf 88' lang='lat' dir='ltr'><strong>obiti</strong></span> <span class='ocrx_word' id='word_1_470' title='bbox 1738 2067 1828 2098; x_wconf 80' lang='lat' dir='ltr'><strong>vadi-</strong></span> 
     </span>
     <span class='ocr_line' id='line_1_87' title="bbox 1145 2117 1830 2158; baseline 0 -12"><span class='ocrx_word' id='word_1_471' title='bbox 1145 2117 1245 2146; x_wconf 89' lang='lat' dir='ltr'><strong>monii</strong></span> <span class='ocrx_word' id='word_1_472' title='bbox 1261 2117 1419 2147; x_wconf 81' lang='lat' dir='ltr'><strong>adversus</strong></span> <span class='ocrx_word' id='word_1_473' title='bbox 1435 2122 1648 2148; x_wconf 84' lang='lat' dir='ltr'><strong>contumaces</strong></span> <span class='ocrx_word' id='word_1_474' title='bbox 1662 2125 1770 2158; x_wconf 71' lang='lat' dir='ltr'><strong>poena,</strong></span> <span class='ocrx_word' id='word_1_475' title='bbox 1791 2119 1830 2146; x_wconf 86' lang='lat' dir='ltr'><strong>ut</strong></span> 
     </span>
     <span class='ocr_line' id='line_1_88' title="bbox 1146 2164 1830 2205; baseline 0.003 -12"><span class='ocrx_word' id='word_1_476' title='bbox 1146 2164 1178 2193; x_wconf 91' lang='lat' dir='ltr'><strong>in</strong></span> <span class='ocrx_word' id='word_1_477' title='bbox 1193 2164 1337 2203; x_wconf 87' lang='lat' dir='ltr'><strong>ipsorum</strong></span> <span class='ocrx_word' id='word_1_478' title='bbox 1355 2165 1441 2194; x_wconf 86' lang='lat' dir='ltr'><strong>bona</strong></span> <span class='ocrx_word' id='word_1_479' title='bbox 1463 2165 1678 2196; x_wconf 85' lang='lat' dir='ltr'><strong>mitterentur</strong></span> <span class='ocrx_word' id='word_1_480' title='bbox 1691 2165 1740 2195; x_wconf 83' lang='lat' dir='ltr'><strong>his</strong></span> <span class='ocrx_word' id='word_1_481' title='bbox 1755 2165 1830 2205; x_wconf 88' lang='lat' dir='ltr'><strong>qui·</strong></span> 
     </span>
     <span class='ocr_line' id='line_1_89' title="bbox 1146 2211 1829 2252; baseline 0.004 -11"><span class='ocrx_word' id='word_1_482' title='bbox 1146 2211 1206 2242; x_wconf 89' lang='lat' dir='ltr'><strong>bus</strong></span> <span class='ocrx_word' id='word_1_483' title='bbox 1217 2211 1404 2243; x_wconf 86' lang='lat' dir='ltr'><strong>vadimonio</strong></span> <span class='ocrx_word' id='word_1_484' title='bbox 1414 2221 1449 2243; x_wconf 82' lang='lat' dir='ltr'><strong>se</strong></span> <span class='ocrx_word' id='word_1_485' title='bbox 1459 2213 1720 2244; x_wconf 83' lang='lat' dir='ltr'><strong>obstrinxerant.</strong></span> <span class='ocrx_word' id='word_1_486' title='bbox 1732 2213 1829 2252; x_wconf 85' lang='lat' dir='ltr'><strong>Mag-</strong></span> 
     </span>
     <span class='ocr_line' id='line_1_90' title="bbox 1145 2261 1829 2303; baseline 0.003 -12"><span class='ocrx_word' id='word_1_487' title='bbox 1145 2270 1189 2291; x_wconf 87' lang='lat' dir='ltr'><strong>na</strong></span> <span class='ocrx_word' id='word_1_488' title='bbox 1205 2261 1306 2300; x_wconf 85' lang='lat' dir='ltr'><strong>igitur</strong></span> <span class='ocrx_word' id='word_1_489' title='bbox 1330 2271 1382 2292; x_wconf 90' lang='lat' dir='ltr'><strong>res</strong></span> <span class='ocrx_word' id='word_1_490' title='bbox 1405 2267 1544 2302; x_wconf 88' lang='lat' dir='ltr'><strong>propter</strong></span> <span class='ocrx_word' id='word_1_491' title='bbox 1565 2272 1662 2303; x_wconf 85' lang='lat' dir='ltr'><strong>quam</strong></span> <span class='ocrx_word' id='word_1_492' title='bbox 1684 2261 1829 2293; x_wconf 87' lang='lat' dir='ltr'><strong>vadimo-</strong></span> 
     </span>
     <span class='ocr_line' id='line_1_91' title="bbox 1147 2310 1828 2351; baseline 0.003 -12"><span class='ocrx_word' id='word_1_493' title='bbox 1147 2310 1202 2340; x_wconf 81' lang='lat' dir='ltr'><strong>nia</strong></span> <span class='ocrx_word' id='word_1_494' title='bbox 1217 2310 1270 2340; x_wconf 91' lang='lat' dir='ltr'><strong>vel</strong></span> <span class='ocrx_word' id='word_1_495' title='bbox 1286 2320 1305 2340; x_wconf 83' lang='lat' dir='ltr'><strong>a</strong></span> <span class='ocrx_word' id='word_1_496' title='bbox 1326 2319 1383 2340; x_wconf 92' lang='lat' dir='ltr'><strong>reo</strong></span> <span class='ocrx_word' id='word_1_497' title='bbox 1404 2310 1649 2350; x_wconf 85' lang='lat' dir='ltr'><strong>desererentur,</strong></span> <span class='ocrx_word' id='word_1_498' title='bbox 1670 2312 1722 2342; x_wconf 88' lang='lat' dir='ltr'><strong>vel</strong></span> <span class='ocrx_word' id='word_1_499' title='bbox 1738 2321 1757 2342; x_wconf 87' lang='lat' dir='ltr'><strong>a</strong></span> <span class='ocrx_word' id='word_1_500' title='bbox 1773 2311 1828 2351; x_wconf 88' lang='lat' dir='ltr'><strong>ju-</strong></span> 
     </span>
     <span class='ocr_line' id='line_1_92' title="bbox 1147 2357 1829 2400; baseline 0.004 -12"><span class='ocrx_word' id='word_1_501' title='bbox 1147 2358 1222 2389; x_wconf 89' lang='lat' dir='ltr'><strong>dice</strong></span> <span class='ocrx_word' id='word_1_502' title='bbox 1238 2357 1461 2390; x_wconf 81' lang='lat' dir='ltr'><strong>differrentur.</strong></span> <span class='ocrx_word' id='word_1_503' title='bbox 1484 2360 1574 2390; x_wconf 83' lang='lat' dir='ltr'><strong>Torr.</strong></span> <span class='ocrx_word' id='word_1_504' title='bbox 1623 2359 1755 2391; x_wconf 69' lang='lat' dir='ltr'><strong>vadibus</strong></span> <span class='ocrx_word' id='word_1_505' title='bbox 1777 2361 1829 2400; x_wconf 77' lang='lat' dir='ltr'><strong>qui</strong></span> 
     </span>
     <span class='ocr_line' id='line_1_93' title="bbox 1147 2409 1829 2449; baseline 0.003 -11"><span class='ocrx_word' id='word_1_506' title='bbox 1147 2418 1218 2439; x_wconf 84' lang='lat' dir='ltr'><strong>rure</strong></span> <span class='ocrx_word' id='word_1_507' title='bbox 1246 2409 1416 2449; x_wconf 69' lang='lat' dir='ltr'><strong>extractus]</strong></span> <span class='ocrx_word' id='word_1_508' title='bbox 1453 2409 1675 2448; x_wconf 65' lang='lat' dir='ltr'><strong>Sponsor-ibus</strong></span> <span class='ocrx_word' id='word_1_509' title='bbox 1710 2409 1796 2440; x_wconf 87' lang='lat' dir='ltr'><strong>datis</strong></span> <span class='ocrx_word' id='word_1_510' title='bbox 1819 2419 1829 2440; x_wconf 75' lang='lat' dir='ltr'><strong>t</strong></span> 
     </span>
     <span class='ocr_line' id='line_1_94' title="bbox 1148 2456 1831 2498; baseline 0.003 -10"><span class='ocrx_word' id='word_1_511' title='bbox 1148 2456 1236 2497; x_wconf 80' lang='lat' dir='ltr'><strong>Ang-</strong></span> <span class='ocrx_word' id='word_1_512' title='bbox 1265 2457 1378 2496; x_wconf 77' lang='lat' dir='ltr'><strong>having</strong></span> <span class='ocrx_word' id='word_1_513' title='bbox 1410 2462 1465 2498; x_wconf 80' lang='lat' dir='ltr'><strong>pul</strong></span> <span class='ocrx_word' id='word_1_514' title='bbox 1494 2459 1527 2489; x_wconf 77' lang='lat' dir='ltr'><strong>in</strong></span> <span class='ocrx_word' id='word_1_515' title='bbox 1554 2459 1689 2498; x_wconf 80' lang='lat' dir='ltr'><strong>pledges.</strong></span> <span class='ocrx_word' id='word_1_516' title='bbox 1733 2458 1831 2498; x_wconf 69' lang='lat' dir='ltr'><strong>[Vnt.</strong></span> 
     </span>
     <span class='ocr_line' id='line_1_95' title="bbox 1149 2505 1530 2546; baseline 0.003 -10"><span class='ocrx_word' id='word_1_517' title='bbox 1149 2505 1236 2536; x_wconf 87' lang='lat' dir='ltr'><strong>Rom</strong></span> <span class='ocrx_word' id='word_1_518' title='bbox 1251 2509 1282 2536; x_wconf 86' lang='grc'><strong>9.</strong></span> <span class='ocrx_word' id='word_1_519' title='bbox 1295 2507 1334 2536; x_wconf 84' lang='lat' dir='ltr'><strong>ad</strong></span> <span class='ocrx_word' id='word_1_520' title='bbox 1345 2506 1448 2537; x_wconf 81' lang='lat' dir='ltr'><strong>urbem</strong></span> <span class='ocrx_word' id='word_1_521' title='bbox 1459 2506 1530 2546; x_wconf 84' lang='lat' dir='ltr'><strong>est.]</strong></span> 
     </span>
    </p>

    <p class='ocr_par' dir='ltr' id='par_1_14' title="bbox 1148 2554 1829 2743">
     <span class='ocr_line' id='line_1_96' title="bbox 1192 2554 1829 2597; baseline 0.002 -11"><span class='ocrx_word' id='word_1_522' title='bbox 1192 2558 1230 2586; x_wconf 82' lang='lat'><strong>13</strong></span> <span class='ocrx_word' id='word_1_523' title='bbox 1258 2555 1380 2586; x_wconf 64' lang='lat' dir='ltr'><strong>Caetera</strong></span> <span class='ocrx_word' id='word_1_524' title='bbox 1395 2557 1431 2586; x_wconf 82' lang='lat' dir='ltr'><strong>de</strong></span> <span class='ocrx_word' id='word_1_525' title='bbox 1443 2565 1554 2595; x_wconf 85' lang='lat' dir='ltr'><strong>genere</strong></span> <span class='ocrx_word' id='word_1_526' title='bbox 1571 2556 1625 2587; x_wconf 80' lang='lat' dir='ltr'><strong>hoc</strong></span> <span class='ocrx_word' id='word_1_527' title='bbox 1647 2554 1735 2597; x_wconf 81' lang='lat' dir='ltr'><strong>(adeo</strong></span> <span class='ocrx_word' id='word_1_528' title='bbox 1759 2559 1829 2587; x_wconf 73' lang='lat' dir='ltr'><strong>sunt</strong></span> 
     </span>
     <span class='ocr_line' id='line_1_97' title="bbox 1148 2604 1829 2645; baseline -0.001 -10"><span class='ocrx_word' id='word_1_529' title='bbox 1148 2604 1277 2645; x_wconf 60' lang='lat' dir='ltr'><strong>maluo]</strong></span> <span class='ocrx_word' id='word_1_530' title='bbox 1311 2605 1436 2636; x_wconf 79' lang='lat' dir='ltr'><strong>Caeteri</strong></span> <span class='ocrx_word' id='word_1_531' title='bbox 1464 2610 1542 2636; x_wconf 83' lang='lat' dir='ltr'><strong>sunt</strong></span> <span class='ocrx_word' id='word_1_532' title='bbox 1565 2604 1751 2636; x_wconf 73' lang='lat' dir='ltr'><strong>tammulti</strong></span> <span class='ocrx_word' id='word_1_533' title='bbox 1773 2604 1829 2645; x_wconf 88' lang='lat' dir='ltr'><strong>qni</strong></span> 
     </span>
     <span class='ocr_line' id='line_1_98' title="bbox 1149 2653 1827 2694; baseline -0.003 -10"><span class='ocrx_word' id='word_1_534' title='bbox 1149 2663 1209 2694; x_wconf 86' lang='lat' dir='ltr'><strong>per</strong></span> <span class='ocrx_word' id='word_1_535' title='bbox 1224 2654 1474 2685; x_wconf 82' lang='lat' dir='ltr'><strong>inconstantiam</strong></span> <span class='ocrx_word' id='word_1_536' title='bbox 1487 2653 1620 2684; x_wconf 82' lang='lat' dir='ltr'><strong>diversa</strong></span> <span class='ocrx_word' id='word_1_537' title='bbox 1634 2653 1779 2691; x_wconf 82' lang='lat' dir='ltr'><strong>laudant,</strong></span> <span class='ocrx_word' id='word_1_538' title='bbox 1791 2654 1827 2682; x_wconf 85' lang='lat' dir='ltr'><strong>ut</strong></span> 
     </span>
     <span class='ocr_line' id='line_1_99' title="bbox 1149 2703 1561 2743; baseline 0 -10"><span class='ocrx_word' id='word_1_539' title='bbox 1149 2703 1320 2734; x_wconf 85' lang='lat' dir='ltr'><strong>delassare</strong></span> <span class='ocrx_word' id='word_1_540' title='bbox 1337 2703 1482 2743; x_wconf 87' lang='lat' dir='ltr'><strong>valeant,</strong></span> <span class='ocrx_word' id='word_1_541' title='bbox 1498 2704 1561 2733; x_wconf 63' lang='grc' dir='ltr'><strong>ἃς.</strong></span> 
     </span>
    </p>

    <p class='ocr_par' dir='ltr' id='par_1_15' title="bbox 1191 2747 1828 2792">
     <span class='ocr_line' id='line_1_100' title="bbox 1191 2747 1828 2792; baseline -0.006 -10"><span class='ocrx_word' id='word_1_542' title='bbox 1191 2754 1232 2782; x_wconf 88' lang='grc'><strong>14</strong></span> <span class='ocrx_word' id='word_1_543' title='bbox 1252 2750 1395 2790; x_wconf 81' lang='lat' dir='ltr'><strong>Fabium]</strong></span> <span class='ocrx_word' id='word_1_544' title='bbox 1431 2750 1514 2783; x_wconf 80' lang='lat' dir='ltr'><strong>Quis</strong></span> <span class='ocrx_word' id='word_1_545' title='bbox 1536 2751 1656 2792; x_wconf 85' lang='lat' dir='ltr'><strong>loquax</strong></span> <span class='ocrx_word' id='word_1_546' title='bbox 1679 2748 1742 2780; x_wconf 80' lang='lat' dir='ltr'><strong>iste</strong></span> <span class='ocrx_word' id='word_1_547' title='bbox 1764 2747 1828 2778; x_wconf 86' lang='lat' dir='ltr'><strong>Fa-</strong></span> 
     </span>
    </p>
   </div>
  </div>
 </body>
</html>
