1930 3204
655 270 865 300 HORA'rn

156 364 300 396 sextum
327 363 528 405 Pompeium
552 366 654 395 vocat
674 361 795 396 Poeta,
819 361 852 392 id

155 423 290 456 quoque
304 423 347 445 ex
363 414 501 446 historia
516 411 713 454 petendum.
738 411 853 442 Patris

156 465 259 504 enim,
271 465 329 506 qni
345 465 502 496 universo
514 463 598 496 mari
614 463 855 502 imperaverat,

157 514 264 554 gloria
278 514 401 554 elatus,
418 519 453 546 et
469 516 635 553 occupata
644 511 717 552 jam
734 511 854 542 Sicilia

155 561 268 604 ferox,
296 563 450 604 Neptuni
480 562 568 594 filins
597 560 704 592 videri
735 559 852 599 voluit,

155 616 353 655 vestemque
369 613 548 645 caernleam
563 609 702 651 (στολὴν
717 621 854 641 κυανοει-

154 662 193 698 δῆ
210 666 308 694 vocat
323 661 430 703 Dion)
453 660 610 702 sumpsit,
625 668 798 700 equosque
814 668 853 690 ac

155 711 247 742 viros
264 711 356 743 vivos
377 711 411 743 in
431 710 569 748 fretum,
588 714 759 751 tamquam
778 710 854 740 hos·

154 760 237 791 tiam
265 761 436 802 conjecit:
474 770 540 802 qua
567 759 610 791 de
640 769 690 796 re,
727 764 855 800 praeter

154 809 318 850 Dionem,
343 810 433 841 Plin.
461 818 540 842 xix.
567 811 620 841 16.
675 809 718 840 Ul
741 809 853 849 nuper]

155 858 205 890 Ut
229 867 340 900 nuper
361 863 474 891 tecum
502 859 586 890 bibi.
638 859 739 890 Actus
762 868 855 899 quum

150 907 250 950 stete]
265 909 417 950 Fugatus
432 914 468 941 et
484 911 599 951 pulsus
611 908 700 941 freto
716 909 854 940 Siciliae.

155 957 350 999 Neptunius]
373 959 497 991 Sextus
521 960 719 1000 Pompeius,
740 959 798 1000 qui
818 968 855 990 se

153 1007 311 1048 Neptuni
327 1008 430 1040 filium
448 1009 670 1049 praedicabat.

198 1060 219 1088 8
246 1058 336 1090 Uati·
358 1059 503 1100 navibus]
541 1059 636 1091 Ustis
651 1058 795 1090 navibus
811 1058 854 1090 ab

155 1106 324 1147 Augusto.

198 1159 220 1188 9
242 1157 389 1190 Minonis
417 1159 487 1190 urbi
515 1159 654 1200 vinc-tela]
702 1159 857 1191 Minatus

155 1207 340 1248 compedes
357 1208 488 1239 civibus
504 1209 680 1248 Romanis,
694 1218 776 1250 quas
791 1219 857 1240 ser-

155 1257 206 1288 vis
221 1257 422 1290 detraxerat
437 1260 470 1289 in
486 1259 617 1296 Sicilia,
632 1268 690 1290 eos
700 1263 739 1290 ut
749 1268 857 1290 arma·

154 1311 210 1338 ret
230 1312 352 1340 contra
374 1309 531 1348 patriam.
577 1308 666 1339 Vide
690 1317 792 1347 supra
814 1309 858 1339 E-

154 1356 235 1397 pod.
251 1367 304 1390 iv.
348 1357 476 1400 [Codd.
493 1367 547 1398 ap.
560 1357 672 1389 Jaeck
686 1362 721 1388 et
731 1357 857 1397 Bothe,

154 1406 346 1447 detexeram]

199 1459 240 1488 10
255 1456 365 1488 Servis
378 1457 496 1488 amicus
507 1454 654 1497 perfidis]
677 1453 784 1486 Addit
799 1454 857 1484 Di-

154 1515 199 1538 on
214 1510 345 1538 tantam
360 1505 466 1537 fuisse
478 1506 563 1537 hanc
579 1504 798 1544 fugitivorum
813 1512 855 1533 ex

153 1559 229 1587 tota·
242 1555 343 1587 Italia
362 1555 628 1594 multitudinem,
653 1558 691 1585 ut
707 1554 855 1594 virgines

153 1606 310 1638 Vestales
326 1614 395 1637 rem
416 1606 562 1636 divinam
589 1605 755 1636 facientes
778 1608 855 1635 vota

154 1655 392 1696 conciperent,
415 1656 441 1687 si
466 1655 618 1695 fugiendi
642 1654 718 1685 finis
743 1653 854 1686 factus

155 1703 287 1738 ruisset.
311 1701 432 1748 Persidi
447 1711 560 1737 autem
576 1705 713 1744 fugitivi
729 1714 857 1736 omnes.

157 1755 368 1795 Quamquam
384 1764 450 1785 non
468 1759 537 1785 tam
554 1754 596 1784 de
610 1758 727 1784 cetera
743 1752 858 1790 fugiti-

155 1812 276 1834 vorum
299 1802 399 1834 turba
424 1802 516 1843 loqui
539 1801 684 1843 Poe'tam
704 1801 858 1832 eredide-

157 1852 233 1887 rim.
269 1861 370 1893 qnam
405 1852 448 1882 de
478 1852 607 1891 Maena,
645 1851 858 1890 Menecrate,

160 1901 555 1942 Apollophane‚quorum
566 1900 740 1941 praecipue
752 1900 858 1932 ductu

159 1960 230 1982 rem
247 1950 390 1992 gerebat
408 1951 603 1990 Pompeius.

203 2003 242 2031 11
268 2000 440 2040 Βοπιαηω]
477 2000 530 2031 Ad
555 1999 739 2031 Antoninum
757 1999 860 2038 redit,

158 2050 303 2090 ejusque
313 2050 516 2088 exercitum,
527 2049 705 2090 indignans
718 2059 794 2081 eum
811 2049 860 2080 fe-

158 2099 257 2130 minoe
274 2099 416 2137 servire,
433 2108 473 2130 ac
490 2099 595 2130 veluti
616 2099 786 2140 mancipio
801 2099 860 2131 da-

158 2149 206 2180 ri:
230 2148 293 2180 boe
307 2149 396 2180 enim
411 2149 466 2180 bic
481 2148 651 2189 significat
671 2150 860 2190 Emancipa-

157 2202 223 2236 eus,
235 2207 298 2230 sua
310 2203 434 2239 sponte
452 2199 609 2229 traditus.
643 2199 730 2230 Nam
744 2198 754 2215 ‘
766 2208 859 2231 msu-

160 2248 315 2289 cupium'
339 2248 503 2280 dicebant
523 2253 656 2280 veteres
672 2249 732 2290 jus
749 2249 858 2290 ipsum

158 2298 412 2340 dominiumque
435 2307 495 2329 sen
517 2297 763 2338 proprietatem
785 2299 858 2336 rei;

161 2352 200 2379 ut
215 2348 249 2382 in
265 2348 468 2389 pulcerrimo
490 2347 548 2378 illo
571 2348 720 2387 Lucretii
737 2357 856 2378 versu:

162 2398 172 2414 ‘
185 2395 332 2438 Vitaque
354 2396 534 2436 mancupio
554 2396 635 2426 nulli
661 2395 775 2434 datur,
789 2405 859 2426 om-

164 2445 264 2476 nibus
293 2445 379 2476 usu?
424 2445 515 2476 Hinc
549 2446 559 2463 ⁴
574 2445 792 2485 mancipare,ss
823 2450 861 2477 ut

166 2504 255 2526 nunc
270 2494 344 2526 fere
361 2495 534 2534 scribitur,
546 2499 582 2526 et
604 2495 614 2511 ‘
625 2495 862 2536 emancipare,’

166 2555 228 2586 pro
259 2545 429 2585 mancipio
461 2543 557 2582 dare,
592 2544 625 2574 in
654 2545 862 2586 alteriusque

164 2604 301 2627 manum
327 2603 367 2626 ae
397 2598 600 2634 potestatem
630 2594 767 2625 tradere
785 2605 794 2632 ;
825 2600 863 2627 ut

167 2649 289 2678 contra
316 2643 508 2684 ‘mancipio
530 2643 709 2684 accipere‘
739 2644 863 2676 dicitur

166 2697 207 2738 is,
222 2695 277 2728 cui
296 2704 350 2726 res
368 2695 524 2727 traditur.
570 2693 766 2735 Eademque
782 2695 863 2726 rati·

167 2755 232 2778 one
247 2745 456 2786 emancipatus
469 2743 596 2775 dicitur
611 2742 712 2784 tilius,
736 2745 793 2785 qui
811 2754 862 2775 so-

166 2797 258 2828 lutus
274 2795 388 2836 patria
401 2797 584 2836 potestate,
595 2794 645 2825 sui
658 2793 747 2834 juris
761 2791 862 2826 effici—

905 271 1044 300 EPOD.
1078 271 1149 301 ix.
1497 262 1610 302 1555

910 366 977 394 tur.
1023 363 1158 403 Festus,
1174 366 1211 393 et
1234 360 1430 402 pererudite
1450 361 1611 403 Budaeus,

909 413 1079 454 Cruquius
1094 423 1136 444 ex
1158 412 1438 444 annotationibus
1462 413 1612 453 scriptis,

907 463 996 494 hunc
1011 464 1122 494 locum
1136 463 1184 495 sic
1199 463 1340 504 exponit
1355 474 1362 493 :
1388 463 1483 494 Eheu
1499 467 1612 502 poste-

907 512 935 543 ri
962 513 1147 553 negabitis,
1181 513 1272 555 quod
1304 514 1476 545 Romanus
1513 513 1612 544 miles

908 563 1158 603 emancipatus,
1187 563 1221 594 id
1255 567 1322 602 est,
1347 563 1434 594 liber
1457 567 1494 594 et
1518 562 1613 604 inge·

907 622 1007 653 nuus,
1033 614 1115 644 tulit
1139 613 1308 655 qnondam
1335 614 1475 652 vallum,
1499 613 1532 644 id
1550 618 1615 651 est,

908 662 1099 703 papiliones
1128 667 1164 694 et
1195 672 1290 694 arma
1318 662 1466 699 feminae,
1490 663 1525 694 id
1550 667 1613 699 est,

908 712 1085 743 mollitiem
1113 722 1247 744 omnem
1279 722 1354 745 cum
1389 722 1554 753 conopeo,
1578 718 1616 744 et

909 765 1078 802 praeterea
1107 767 1220 802 potest
1249 763 1379 794 servire
1407 761 1614 802 spadonibus

909 809 1048 850 rugosis.
1075 811 1250 853 Romanus]
1266 811 1434 843 Antonius
1449 821 1510 852 pro
1521 820 1614 842 man-

910 860 999 901 cipio
1013 861 1206 902 Cleopatras
1222 860 1292 892 fert
1309 862 1445 892 vallum.
1483 861 1578 892 Eheu
1595 871 1615 891 o

904 911 1051 950 posteri,
1078 919 1136 942 vos
1159 915 1302 951 propter
1319 909 1494 943 infamiam
1511 919 1616 951 nega·

910 959 1003 991 bitis.

954 1012 994 1041 13
1018 1010 1097 1041 Fert
1124 1011 1255 1052 vallum]
1292 1011 1402 1042 Notat
1439 1010 1614 1052 praecipue

910 1058 1109 1094 Antonium,
1132 1060 1274 1101 ejusque
1303 1060 1445 1091 comites
1470 1060 1551 1090 luxu
1576 1068 1616 1090 ac

910 1110 1053 1141 mollitia
1068 1109 1273 1148 diffluentes,
1290 1114 1326 1141 et
1343 1110 1483 1150 Reginae
1504 1108 1618 1140 libidi-

912 1159 945 1190 ni
971 1158 1168 1199 turpissime
1195 1159 1394 1190 servientes.
1440 1158 1506 1190 His
1526 1159 1616 1190 cinc-

914 1213 984 1240 tum
1001 1208 1181 1239 comitibus
1199 1208 1399 1247 Antonium,
1418 1219 1495 1240 cum
1517 1218 1552 1240 se
1567 1210 1618 1248 ip·

912 1269 984 1290 sum
1013 1267 1130 1299 regere
1157 1268 1223 1290 non
1246 1262 1376 1299 posset,
1392 1258 1534 1298 Reginae
1550 1258 1616 1289 En-

910 1308 1011 1339 nucbi
1029 1308 1289 1348 gubernabant:
1315 1308 1378 1339 boc
1399 1312 1466 1347 est,
1484 1308 1573 1348 quod
1590 1317 1616 1339 r.

912 1358 982 1389 od.
1013 1361 1067 1389 3⁷.
1105 1358 1152 1389 ait
1190 1358 1312 1389 Horat.
1348 1360 1357 1375 ‘
1376 1357 1617 1389 Contaminato

910 1415 986 1438 cum
1014 1415 1118 1447 grege
1145 1406 1296 1447 turpium
1321 1406 1445 1437 Morbo
1469 1406 1617 1437 virorum

910 1455 1079 1496 quidlibet
1101 1455 1272 1495 impotens
1289 1454 1459 1495 Sperne?
1502 1455 1512 1471 ‘
1529 1453 1617 1486 Gre-

909 1513 986 1544 gem
1005 1503 1015 1518 '
1051 1504 1207 1535 nimirum
1248 1508 1319 1535 tam
1363 1504 1618 1544 Eunuchorum,

910 1563 1009 1595 quam
1036 1553 1178 1585 Antonii
1204 1555 1383 1594 comitum,
1406 1553 1617 1594 intelligens.

910 1603 990 1635 Fert
1004 1604 1135 1644 vallum]
1146 1603 1272 1634 Portat
1287 1604 1415 1644 palum,
1425 1613 1491 1645 quo
1503 1608 1619 1635 castra

910 1654 1118 1685 muniuntur.
1165 1654 1211 1684 Et
1226 1653 1330 1693 arma]
1352 1654 1362 1671 ‘
1376 1653 1482 1684 Arma
1503 1653 1622 1693 ferrost

913 1706 950 1733 ut
966 1702 1054 1732 bene
1070 1711 1113 1732 ex
1131 1702 1298 1733 Cicerone
1319 1703 1438 1734 Lamb.
1462 1704 1496 1733 in
1513 1712 1617 1734 onere

912 1761 979 1782 non
995 1751 1222 1784 numerabant
1244 1753 1392 1784 milites:
1418 1762 1513 1784 arma
1529 1753 1616 1784 enim

913 1800 1064 1832 membra
1084 1801 1201 1832 militis
1224 1810 1298 1833 esse
1321 1802 1492 1834 dicebant.
1536 1802 1619 1843 Spa-

911 1851 1043 1882 donibus
1068 1850 1196 1883 Sei-vire
1217 1851 1357 1892 rugosis]
1380 1851 1596 1892 ‘Spadonnm
1609 1851 1618 1865 '

914 1901 1100 1942 appellatio
1109 1902 1289 1942 generalis.
1312 1903 1408 1935 Quos
1422 1903 1522 1934 vero‘
1534 1903 1619 1944 Spa·

913 1950 1039 1982 dones’
1062 1950 1118 1982 iiic
1141 1952 1296 1991 appellat
1311 1951 1434 1983 Horat.
1452 1951 1618 1992 peculiari

912 2000 1049 2031 nomine
1072 2000 1268 2031 ‘Eunuchi'
1292 2000 1466 2038 dicuntur,
1483 2001 1617 2033 Graecis

914 2051 1046 2090 pariter
1061 2059 1101 2081 ac
1118 2049 1283 2081 Romanis
1300 2050 1408 2089 exosi,
1423 2050 1481 2081 sed
1499 2059 1617 2091 regum

913 2100 1143 2131 Barbarorum
1159 2099 1324 2130 cubiculis
1343 2100 1422 2130 olim
1439 2099 1595 2139 praefecti
1609 2109 1619 2136 ;

913 2149 1004 2180 unde
1021 2153 1058 2180 et
1073 2158 1194 2180 nomen
1209 2158 1268 2179 eos
1284 2149 1427 2189 adeptos
1439 2148 1618 2180 Gramma-

914 2197 974 2230 tici
993 2197 1147 2229 tradunt.
1191 2197 1271 2230 vid.
1287 2199 1437 2231 Turneb.
1450 2208 1504 2230 rx.
1523 2201 1574 2231 14.

956 2250 996 2278 14
1020 2248 1159 2286 Rugosis
1179 2247 1297 2287 potest]
1327 2249 1496 2284 Eunuchi,
1511 2248 1618 2280 virili-

913 2300 985 2328 tate
1000 2297 1134 2337 amissa,
1158 2296 1249 2328 unde
1272 2298 1416 2329 multum
1440 2298 1484 2329 de
1503 2298 1616 2329 calore

913 2347 1059 2377 naturali
1084 2347 1256 2386 amittunt,
1275 2347 1346 2378 cito
1369 2347 1456 2378 flunt
1476 2347 1592 2387 rugosi
1609 2357 1617 2384 ;

914 2395 1032 2426 horum
1050 2404 1169 2434 magns
1188 2399 1263 2426 erat
1286 2395 1386 2435 copia
1402 2396 1436 2426 in
1452 2395 1617 2427 comitatu

916 2444 1123 2484 Cleopatrae.
1169 2444 1258 2475 Vide
1272 2454 1297 2475 1.
1311 2445 1378 2476 Od.
1394 2448 1446 2476 37.

960 2497 1002 2524 16
1026 2494 1215 2534 conopeum]
1253 2494 1312 2524 Sic
1349 2493 1469 2525 eadem
1503 2493 1547 2524 de
1578 2501 1615 2523 re

917 2543 1076 2582 Propert.
1092 2543 1151 2573 lib.
1172 2551 1228 2573 m.
1252 2543 1262 2560 ‘
1280 2543 1454 2583 Foedaque
1468 2542 1617 2582 Tarpeio

917 2600 1068 2632 conopes
1085 2591 1227 2623 tendere
1243 2592 1345 2624 saxo!
1388 2591 1438 2623 At
1457 2591 1616 2624 Juvenal.

917 2642 988 2673 Sat.
1019 2650 1070 2673 vt.
1092 2641 1312 2681 penultimam
1338 2641 1518 2682 producit:
1542 2641 1552 2658 ⁸
1568 2641 1618 2673 Ut

918 2690 1185 2722 testudineotibi
1202 2691 1346 2722 Lentule
1363 2690 1534 2732 couopeo,’
1550 2693 1616 2723 &c-

918 2741 1043 2773 Graece
1060 2740 1199 2772 κώνωπες
1213 2740 1374 2772 dicuntur
1383 2740 1494 2773 culices
1504 2751 1518 2779 ‚·
1535 2740 1615 2773 inde

918 2794 1102 2834 κωνωπεῒον,
1133 2793 1243 2825 velum
1282 2792 1503 2825 excludendis
1533 2794 1615 2826 cnli-
