<?xml version="1.0" encoding="UTF-8"?>
<!DOCTYPE html PUBLIC "-//W3C//DTD XHTML 1.0 Transitional//EN"
    "http://www.w3.org/TR/xhtml1/DTD/xhtml1-transitional.dtd">
<html xmlns="http://www.w3.org/1999/xhtml" xml:lang="en" lang="en">
 <head>
  <title>
</title>
<meta http-equiv="Content-Type" content="text/html;charset=utf-8" />
  <meta name='ocr-system' content='tesseract 3.04.00' />
  <meta name='ocr-capabilities' content='ocr_page ocr_carea ocr_par ocr_line ocrx_word'/>
</head>
<body>
  <div class='ocr_page' id='page_1' title='image "./operazeune03horauoft/operazeune03horauoft_0312.png"; bbox 0 0 1916 3262; ppageno 0'>
   <div class='ocr_carea' id='block_1_1' title="bbox 406 271 516 315">
    <p class='ocr_par' dir='ltr' id='par_1_1' title="bbox 406 271 516 315">
     <span class='ocr_line' id='line_1_1' title="bbox 406 271 516 315; baseline 0 0"><span class='ocrx_word' id='word_1_1' title='bbox 406 271 516 315; x_wconf 74' lang='lat'>14⁵8</span> 
     </span>
    </p>
   </div>
   <div class='ocr_carea' id='block_1_2' title="bbox 370 373 1096 2674">
    <p class='ocr_par' dir='ltr' id='par_1_2' title="bbox 405 373 1089 892">
     <span class='ocr_line' id='line_1_2' title="bbox 408 373 1086 407; baseline -0.004 0"><span class='ocrx_word' id='word_1_2' title='bbox 408 376 460 407; x_wconf 69' lang='lat'><strong>19.</strong></span> <span class='ocrx_word' id='word_1_3' title='bbox 474 374 719 407; x_wconf 74' lang='lat' dir='ltr'><strong>tetrachordum</strong></span> <span class='ocrx_word' id='word_1_4' title='bbox 735 374 908 406; x_wconf 80' lang='lat' dir='ltr'>Mercurio</span> <span class='ocrx_word' id='word_1_5' title='bbox 924 373 1086 406; x_wconf 83' lang='lat' dir='ltr'><strong>attribue-</strong></span> 
     </span>
     <span class='ocr_line' id='line_1_3' title="bbox 406 423 1087 465; baseline -0.004 -9"><span class='ocrx_word' id='word_1_6' title='bbox 406 424 476 456; x_wconf 84' lang='lat' dir='ltr'><strong>rint</strong></span> <span class='ocrx_word' id='word_1_7' title='bbox 486 435 496 454; x_wconf 70' lang='grc' dir='ltr'><strong>ι</strong></span> <span class='ocrx_word' id='word_1_8' title='bbox 518 434 584 465; x_wconf 91' lang='lat' dir='ltr'><strong>quo</strong></span> <span class='ocrx_word' id='word_1_9' title='bbox 599 433 735 456; x_wconf 87' lang='lat' dir='ltr'><strong>numero</strong></span> <span class='ocrx_word' id='word_1_10' title='bbox 750 424 802 455; x_wconf 88' lang='lat' dir='ltr'><strong>vel</strong></span> <span class='ocrx_word' id='word_1_11' title='bbox 818 423 958 455; x_wconf 88' lang='lat' dir='ltr'><strong>totidem</strong></span> <span class='ocrx_word' id='word_1_12' title='bbox 973 423 1087 463; x_wconf 82' lang='lat' dir='ltr'><strong>plagas</strong></span> 
     </span>
     <span class='ocr_line' id='line_1_4' title="bbox 406 470 1087 512; baseline -0.004 -8"><span class='ocrx_word' id='word_1_13' title='bbox 406 472 532 509; x_wconf 84' lang='lat' dir='ltr'><strong>mnndi,</strong></span> <span class='ocrx_word' id='word_1_14' title='bbox 556 473 611 504; x_wconf 82' lang='lat' dir='ltr'><strong>vel</strong></span> <span class='ocrx_word' id='word_1_15' title='bbox 633 476 818 512; x_wconf 87' lang='lat' dir='ltr'><strong>temporum</strong></span> <span class='ocrx_word' id='word_1_16' title='bbox 846 471 947 507; x_wconf 84' lang='lat' dir='ltr'><strong>vices,</strong></span> <span class='ocrx_word' id='word_1_17' title='bbox 969 470 1087 512; x_wconf 80' lang='lat' dir='ltr'><strong>quibus</strong></span> 
     </span>
     <span class='ocr_line' id='line_1_5' title="bbox 407 519 1088 560; baseline -0.006 -8"><span class='ocrx_word' id='word_1_18' title='bbox 407 529 512 552; x_wconf 77' lang='lat' dir='ltr'><strong>annus</strong></span> <span class='ocrx_word' id='word_1_19' title='bbox 538 520 731 559; x_wconf 81' lang='lat' dir='ltr'><strong>includitur,</strong></span> <span class='ocrx_word' id='word_1_20' title='bbox 757 519 944 560; x_wconf 77' lang='lat' dir='ltr'><strong>siguificare</strong></span> <span class='ocrx_word' id='word_1_21' title='bbox 979 520 1088 549; x_wconf 84' lang='lat' dir='ltr'><strong>volue-</strong></span> 
     </span>
     <span class='ocr_line' id='line_1_6' title="bbox 406 568 1088 601; baseline -0.004 -1"><span class='ocrx_word' id='word_1_22' title='bbox 406 573 496 601; x_wconf 84' lang='lat' dir='ltr'><strong>runt.</strong></span> <span class='ocrx_word' id='word_1_23' title='bbox 537 570 660 600; x_wconf 88' lang='lat' dir='ltr'><strong>Verum</strong></span> <span class='ocrx_word' id='word_1_24' title='bbox 686 569 796 600; x_wconf 69' lang='lat' dir='ltr'><strong>Poeta</strong></span> <span class='ocrx_word' id='word_1_25' title='bbox 818 573 932 600; x_wconf 86' lang='lat' dir='ltr'><strong>noster</strong></span> <span class='ocrx_word' id='word_1_26' title='bbox 958 568 1000 598; x_wconf 84' lang='lat' dir='ltr'><strong>ad</strong></span> <span class='ocrx_word' id='word_1_27' title='bbox 1025 569 1088 598; x_wconf 85' lang='lat' dir='ltr'><strong>Ro-</strong></span> 
     </span>
     <span class='ocr_line' id='line_1_7' title="bbox 405 616 1087 658; baseline -0.001 -10"><span class='ocrx_word' id='word_1_28' title='bbox 405 626 577 648; x_wconf 87' lang='lat' dir='ltr'><strong>manorum</strong></span> <span class='ocrx_word' id='word_1_29' title='bbox 589 617 862 649; x_wconf 87' lang='lat' dir='ltr'><strong>consuetudinem</strong></span> <span class='ocrx_word' id='word_1_30' title='bbox 873 617 1020 658; x_wconf 86' lang='lat' dir='ltr'><strong>respicit.</strong></span> <span class='ocrx_word' id='word_1_31' title='bbox 1032 616 1087 656; x_wconf 87' lang='lat' dir='ltr'><strong>qui</strong></span> 
     </span>
     <span class='ocr_line' id='line_1_8' title="bbox 405 665 1088 707; baseline 0 -11"><span class='ocrx_word' id='word_1_32' title='bbox 405 666 486 706; x_wconf 82' lang='lat' dir='ltr'><strong>lyris</strong></span> <span class='ocrx_word' id='word_1_33' title='bbox 502 670 632 706; x_wconf 75' lang='lat' dir='ltr'><strong>septem</strong></span> <span class='ocrx_word' id='word_1_34' title='bbox 646 666 853 704; x_wconf 80' lang='lat' dir='ltr'><strong>chordarum,</strong></span> <span class='ocrx_word' id='word_1_35' title='bbox 867 676 948 707; x_wconf 79' lang='lat' dir='ltr'><strong>quas</strong></span> <span class='ocrx_word' id='word_1_36' title='bbox 964 670 999 697; x_wconf 79' lang='lat' dir='ltr'><strong>et</strong></span> <span class='ocrx_word' id='word_1_37' title='bbox 1014 665 1088 696; x_wconf 88' lang='lat' dir='ltr'><strong>bar-</strong></span> 
     </span>
     <span class='ocr_line' id='line_1_9' title="bbox 406 713 1089 752; baseline -0.004 -7"><span class='ocrx_word' id='word_1_38' title='bbox 406 714 480 745; x_wconf 88' lang='lat' dir='ltr'><strong>bita</strong></span> <span class='ocrx_word' id='word_1_39' title='bbox 492 714 668 752; x_wconf 80' lang='lat' dir='ltr'><strong>vocabant,</strong></span> <span class='ocrx_word' id='word_1_40' title='bbox 683 714 717 744; x_wconf 90' lang='lat' dir='ltr'><strong>in</strong></span> <span class='ocrx_word' id='word_1_41' title='bbox 729 714 881 746; x_wconf 79' lang='lat' dir='ltr'><strong>omnibus</strong></span> <span class='ocrx_word' id='word_1_42' title='bbox 901 713 1089 744; x_wconf 74' lang='lat' dir='ltr'><strong>cerimoniis</strong></span> 
     </span>
     <span class='ocr_line' id='line_1_10' title="bbox 407 761 1088 800; baseline -0.004 -7"><span class='ocrx_word' id='word_1_43' title='bbox 407 762 599 794; x_wconf 78' lang='lat' dir='ltr'><strong>utebantur.</strong></span> <span class='ocrx_word' id='word_1_44' title='bbox 634 763 724 794; x_wconf 81' lang='lat' dir='ltr'><strong>Torr.</strong></span> <span class='ocrx_word' id='word_1_45' title='bbox 770 762 897 793; x_wconf 63' lang='lat' dir='ltr'><strong>Tenum</strong></span> <span class='ocrx_word' id='word_1_46' title='bbox 932 761 1088 800; x_wconf 76' lang='lat' dir='ltr'><strong>resonare]</strong></span> 
     </span>
     <span class='ocr_line' id='line_1_11' title="bbox 408 809 1089 852; baseline -0.003 -10"><span class='ocrx_word' id='word_1_47' title='bbox 408 811 461 842; x_wconf 86' lang='lat' dir='ltr'><strong>Ex</strong></span> <span class='ocrx_word' id='word_1_48' title='bbox 477 820 544 852; x_wconf 90' lang='lat' dir='ltr'><strong>qua</strong></span> <span class='ocrx_word' id='word_1_49' title='bbox 559 811 727 843; x_wconf 77' lang='lat' dir='ltr'><strong>testudine</strong></span> <span class='ocrx_word' id='word_1_50' title='bbox 740 811 928 842; x_wconf 82' lang='lat' dir='ltr'><strong>Mercurius</strong></span> <span class='ocrx_word' id='word_1_51' title='bbox 948 809 1030 842; x_wconf 84' lang='lat' dir='ltr'><strong>fecit</strong></span> <span class='ocrx_word' id='word_1_52' title='bbox 1043 811 1089 850; x_wconf 81' lang='lat' dir='ltr'><strong>ly-</strong></span> 
     </span>
     <span class='ocr_line' id='line_1_12' title="bbox 409 869 490 892; baseline 0.012 -1"><span class='ocrx_word' id='word_1_53' title='bbox 409 869 490 892; x_wconf 79' lang='lat' dir='ltr'><strong>ram.</strong></span> 
     </span>
    </p>

    <p class='ocr_par' dir='ltr' id='par_1_3' title="bbox 408 908 1090 997">
     <span class='ocr_line' id='line_1_13' title="bbox 447 908 1090 948; baseline -0.005 -8"><span class='ocrx_word' id='word_1_54' title='bbox 447 911 468 940; x_wconf 77' lang='lat'><em>4</em></span> <span class='ocrx_word' id='word_1_55' title='bbox 493 909 617 940; x_wconf 80' lang='lat' dir='ltr'><strong>Callida</strong></span> <span class='ocrx_word' id='word_1_56' title='bbox 627 908 746 948; x_wconf 68' lang='lat' dir='ltr'><strong>nervis]</strong></span> <span class='ocrx_word' id='word_1_57' title='bbox 767 909 898 947; x_wconf 65' lang='lat' dir='ltr'><strong>Petita,</strong></span> <span class='ocrx_word' id='word_1_58' title='bbox 915 917 989 948; x_wconf 81' lang='lat' dir='ltr'><strong>quae</strong></span> <span class='ocrx_word' id='word_1_59' title='bbox 1006 908 1090 938; x_wconf 83' lang='lat' dir='ltr'><strong>scite</strong></span> 
     </span>
     <span class='ocr_line' id='line_1_14' title="bbox 408 956 947 997; baseline -0.004 -9"><span class='ocrx_word' id='word_1_60' title='bbox 408 957 473 988; x_wconf 75' lang='lat' dir='ltr'><strong>scis</strong></span> <span class='ocrx_word' id='word_1_61' title='bbox 489 965 647 988; x_wconf 80' lang='lat' dir='ltr'><strong>resonare</strong></span> <span class='ocrx_word' id='word_1_62' title='bbox 660 961 789 997; x_wconf 85' lang='lat' dir='ltr'><strong>septem</strong></span> <span class='ocrx_word' id='word_1_63' title='bbox 805 956 947 988; x_wconf 84' lang='lat' dir='ltr'><strong>chordis.</strong></span> 
     </span>
    </p>

    <p class='ocr_par' dir='ltr' id='par_1_4' title="bbox 450 1005 1091 1044">
     <span class='ocr_line' id='line_1_15' title="bbox 450 1005 1091 1044; baseline -0.003 -9"><span class='ocrx_word' id='word_1_64' title='bbox 450 1009 469 1035; x_wconf 86' lang='lat'><strong>5</strong></span> <span class='ocrx_word' id='word_1_65' title='bbox 495 1005 561 1036; x_wconf 82' lang='lat' dir='ltr'><strong>Nec</strong></span> <span class='ocrx_word' id='word_1_66' title='bbox 577 1005 704 1044; x_wconf 75' lang='lat' dir='ltr'><strong>loquax]</strong></span> <span class='ocrx_word' id='word_1_67' title='bbox 725 1006 810 1038; x_wconf 81' lang='lat' dir='ltr'><strong>Quae</strong></span> <span class='ocrx_word' id='word_1_68' title='bbox 823 1014 888 1035; x_wconf 90' lang='lat' dir='ltr'><strong>non</strong></span> <span class='ocrx_word' id='word_1_69' title='bbox 905 1013 978 1035; x_wconf 82' lang='lat' dir='ltr'><strong>eras</strong></span> <span class='ocrx_word' id='word_1_70' title='bbox 993 1012 1091 1034; x_wconf 75' lang='lat' dir='ltr'><strong>sono·</strong></span> 
     </span>
    </p>

    <p class='ocr_par' dir='ltr' id='par_1_5' title="bbox 370 1052 1094 1518">
     <span class='ocr_line' id='line_1_16' title="bbox 370 1052 1091 1094; baseline 0 -11"><span class='ocrx_word' id='word_1_71' title='bbox 370 1078 374 1083; x_wconf 86' lang='grc'><em>,</em></span> <span class='ocrx_word' id='word_1_72' title='bbox 407 1062 455 1093; x_wconf 86' lang='lat' dir='ltr'><strong>ra,</strong></span> <span class='ocrx_word' id='word_1_73' title='bbox 482 1059 661 1094; x_wconf 81' lang='lat' dir='ltr'><strong>antequam</strong></span> <span class='ocrx_word' id='word_1_74' title='bbox 689 1053 876 1084; x_wconf 87' lang='lat' dir='ltr'><strong>Mercurius</strong></span> <span class='ocrx_word' id='word_1_75' title='bbox 901 1057 934 1084; x_wconf 87' lang='lat' dir='ltr'><strong>te</strong></span> <span class='ocrx_word' id='word_1_76' title='bbox 959 1052 1091 1084; x_wconf 81' lang='lat' dir='ltr'><strong>chordis</strong></span> 
     </span>
     <span class='ocr_line' id='line_1_17' title="bbox 408 1101 632 1132; baseline 0.004 -1"><span class='ocrx_word' id='word_1_77' title='bbox 408 1101 632 1132; x_wconf 79' lang='lat' dir='ltr'><strong>instruxisset.</strong></span> 
     </span>
     <span class='ocr_line' id='line_1_18' title="bbox 402 1148 1091 1190; baseline 0 -10"><span class='ocrx_word' id='word_1_78' title='bbox 402 1148 406 1157; x_wconf 94' lang='grc'><em>“</em></span> <span class='ocrx_word' id='word_1_79' title='bbox 448 1151 469 1180; x_wconf 83' lang='grc'>6</span> <span class='ocrx_word' id='word_1_80' title='bbox 491 1149 635 1180; x_wconf 72' lang='lat' dir='ltr'><strong>Divitum</strong></span> <span class='ocrx_word' id='word_1_81' title='bbox 648 1149 774 1190; x_wconf 72' lang='lat' dir='ltr'><strong>mensis]</strong></span> <span class='ocrx_word' id='word_1_82' title='bbox 788 1149 890 1180; x_wconf 90' lang='lat' dir='ltr'><strong>Nulla</strong></span> <span class='ocrx_word' id='word_1_83' title='bbox 902 1148 988 1180; x_wconf 89' lang='lat' dir='ltr'><strong>enim</strong></span> <span class='ocrx_word' id='word_1_84' title='bbox 1002 1149 1091 1189; x_wconf 81' lang='lat' dir='ltr'><strong>apud</strong></span> 
     </span>
     <span class='ocr_line' id='line_1_19' title="bbox 405 1198 1092 1238; baseline 0.001 -10"><span class='ocrx_word' id='word_1_85' title='bbox 405 1201 550 1238; x_wconf 83' lang='lat' dir='ltr'><strong>veteres,</strong></span> <span class='ocrx_word' id='word_1_86' title='bbox 569 1207 678 1238; x_wconf 91' lang='lat' dir='ltr'><strong>neque</strong></span> <span class='ocrx_word' id='word_1_87' title='bbox 705 1198 804 1234; x_wconf 59' lang='lat' dir='ltr'><strong>sacri,</strong></span> <span class='ocrx_word' id='word_1_88' title='bbox 823 1207 932 1238; x_wconf 90' lang='lat' dir='ltr'><strong>neque</strong></span> <span class='ocrx_word' id='word_1_89' title='bbox 947 1198 1092 1229; x_wconf 87' lang='lat' dir='ltr'><strong>convivii</strong></span> 
     </span>
     <span class='ocr_line' id='line_1_20' title="bbox 405 1246 1090 1287; baseline 0.003 -11"><span class='ocrx_word' id='word_1_90' title='bbox 405 1246 478 1277; x_wconf 87' lang='lat' dir='ltr'><strong>sine</strong></span> <span class='ocrx_word' id='word_1_91' title='bbox 494 1246 627 1277; x_wconf 83' lang='lat' dir='ltr'><strong>Musica</strong></span> <span class='ocrx_word' id='word_1_92' title='bbox 641 1247 831 1278; x_wconf 83' lang='lat' dir='ltr'><strong>celebritas.</strong></span> <span class='ocrx_word' id='word_1_93' title='bbox 859 1246 949 1278; x_wconf 85' lang='lat' dir='ltr'><strong>Addi</strong></span> <span class='ocrx_word' id='word_1_94' title='bbox 967 1247 1090 1287; x_wconf 90' lang='lat' dir='ltr'><strong>poterit</strong></span> 
     </span>
     <span class='ocr_line' id='line_1_21' title="bbox 405 1294 1088 1334; baseline 0.004 -10"><span class='ocrx_word' id='word_1_95' title='bbox 405 1295 605 1334; x_wconf 78' lang='lat' dir='ltr'><strong>perelegans</strong></span> <span class='ocrx_word' id='word_1_96' title='bbox 620 1294 663 1325; x_wconf 91' lang='lat' dir='ltr'><strong>de</strong></span> <span class='ocrx_word' id='word_1_97' title='bbox 686 1294 858 1326; x_wconf 87' lang='lat' dir='ltr'><strong>tibicinum</strong></span> <span class='ocrx_word' id='word_1_98' title='bbox 882 1296 995 1326; x_wconf 87' lang='lat' dir='ltr'><strong>Rornae</strong></span> <span class='ocrx_word' id='word_1_99' title='bbox 1021 1296 1088 1327; x_wconf 90' lang='lat' dir='ltr'><strong>col-</strong></span> 
     </span>
     <span class='ocr_line' id='line_1_22' title="bbox 404 1341 1088 1382; baseline 0.006 -11"><span class='ocrx_word' id='word_1_100' title='bbox 404 1341 494 1380; x_wconf 88' lang='lat' dir='ltr'><strong>legio</strong></span> <span class='ocrx_word' id='word_1_101' title='bbox 509 1342 648 1373; x_wconf 79' lang='lat' dir='ltr'><strong>historia</strong></span> <span class='ocrx_word' id='word_1_102' title='bbox 663 1343 768 1374; x_wconf 82' lang='lat' dir='ltr'><strong>relata</strong></span> <span class='ocrx_word' id='word_1_103' title='bbox 780 1343 870 1382; x_wconf 87' lang='lat' dir='ltr'><strong>apud</strong></span> <span class='ocrx_word' id='word_1_104' title='bbox 883 1344 955 1375; x_wconf 84' lang='lat' dir='ltr'><strong>Liv.</strong></span> <span class='ocrx_word' id='word_1_105' title='bbox 967 1344 1026 1375; x_wconf 87' lang='lat' dir='ltr'><strong>lib.</strong></span> <span class='ocrx_word' id='word_1_106' title='bbox 1037 1353 1088 1376; x_wconf 83' lang='lat' dir='ltr'><strong>rx.</strong></span> 
     </span>
     <span class='ocr_line' id='line_1_23' title="bbox 406 1388 1089 1431; baseline 0.006 -12"><span class='ocrx_word' id='word_1_107' title='bbox 406 1388 449 1419; x_wconf 91' lang='lat' dir='ltr'><strong>de</strong></span> <span class='ocrx_word' id='word_1_108' title='bbox 469 1389 629 1420; x_wconf 84' lang='lat' dir='ltr'><strong>conviviis</strong></span> <span class='ocrx_word' id='word_1_109' title='bbox 649 1390 728 1420; x_wconf 83' lang='lat' dir='ltr'><strong>satis</strong></span> <span class='ocrx_word' id='word_1_110' title='bbox 749 1390 887 1431; x_wconf 88' lang='lat' dir='ltr'><strong>dictum,</strong></span> <span class='ocrx_word' id='word_1_111' title='bbox 908 1400 934 1421; x_wconf 86' lang='lat'><strong>1.</strong></span> <span class='ocrx_word' id='word_1_112' title='bbox 956 1391 1089 1423; x_wconf 85' lang='lat' dir='ltr'><strong>0d.12.</strong></span> 
     </span>
     <span class='ocr_line' id='line_1_24' title="bbox 409 1436 1094 1477; baseline 0.006 -10"><span class='ocrx_word' id='word_1_113' title='bbox 409 1436 499 1468; x_wconf 81' lang='lat' dir='ltr'><strong>Torr.</strong></span> <span class='ocrx_word' id='word_1_114' title='bbox 525 1437 671 1477; x_wconf 76' lang='lat' dir='ltr'><strong>Templis]</strong></span> <span class='ocrx_word' id='word_1_115' title='bbox 702 1439 854 1469; x_wconf 87' lang='lat' dir='ltr'><strong>Deorum</strong></span> <span class='ocrx_word' id='word_1_116' title='bbox 875 1439 979 1470; x_wconf 81' lang='lat' dir='ltr'><strong>sacris</strong></span> <span class='ocrx_word' id='word_1_117' title='bbox 1003 1444 1094 1471; x_wconf 84' lang='lat' dir='ltr'><strong>vete-</strong></span> 
     </span>
     <span class='ocr_line' id='line_1_25' title="bbox 409 1485 873 1518; baseline 0.006 -3"><span class='ocrx_word' id='word_1_118' title='bbox 409 1493 463 1515; x_wconf 84' lang='lat' dir='ltr'><strong>res</strong></span> <span class='ocrx_word' id='word_1_119' title='bbox 479 1485 642 1516; x_wconf 81' lang='lat' dir='ltr'><strong>Musicam</strong></span> <span class='ocrx_word' id='word_1_120' title='bbox 657 1486 873 1518; x_wconf 80' lang='lat' dir='ltr'><strong>adhibebant.</strong></span> 
     </span>
    </p>

    <p class='ocr_par' dir='ltr' id='par_1_6' title="bbox 410 1533 1095 1615">
     <span class='ocr_line' id='line_1_26' title="bbox 448 1533 1095 1573; baseline 0.008 -10"><span class='ocrx_word' id='word_1_121' title='bbox 448 1536 469 1563; x_wconf 82' lang='grc'><strong>7</strong></span> <span class='ocrx_word' id='word_1_122' title='bbox 495 1533 692 1573; x_wconf 74' lang='lat' dir='ltr'><strong>Obstinatas]</strong></span> <span class='ocrx_word' id='word_1_123' title='bbox 709 1534 817 1566; x_wconf 82' lang='lat' dir='ltr'><strong>Aures</strong></span> <span class='ocrx_word' id='word_1_124' title='bbox 833 1539 1047 1568; x_wconf 79' lang='lat' dir='ltr'><strong>contumaces</strong></span> <span class='ocrx_word' id='word_1_125' title='bbox 1059 1540 1095 1568; x_wconf 88' lang='lat' dir='ltr'><strong>et</strong></span> 
     </span>
     <span class='ocr_line' id='line_1_27' title="bbox 410 1584 846 1615; baseline 0.007 -3"><span class='ocrx_word' id='word_1_126' title='bbox 410 1591 430 1612; x_wconf 78' lang='lat' dir='ltr'><strong>a</strong></span> <span class='ocrx_word' id='word_1_127' title='bbox 444 1591 496 1612; x_wconf 91' lang='lat' dir='ltr'><strong>me</strong></span> <span class='ocrx_word' id='word_1_128' title='bbox 511 1591 643 1613; x_wconf 82' lang='lat' dir='ltr'><strong>aversas</strong></span> <span class='ocrx_word' id='word_1_129' title='bbox 660 1584 846 1615; x_wconf 77' lang='lat' dir='ltr'><strong>admoveat.</strong></span> 
     </span>
    </p>

    <p class='ocr_par' dir='ltr' id='par_1_7' title="bbox 407 1630 1096 2057">
     <span class='ocr_line' id='line_1_28' title="bbox 452 1630 1095 1672; baseline 0.005 -13"><span class='ocrx_word' id='word_1_130' title='bbox 452 1632 473 1659; x_wconf 83' lang='grc'>9</span> <span class='ocrx_word' id='word_1_131' title='bbox 494 1630 586 1660; x_wconf 70' lang='lat' dir='ltr'><strong>Latis</strong></span> <span class='ocrx_word' id='word_1_132' title='bbox 607 1639 683 1668; x_wconf 79' lang='lat' dir='ltr'><strong>equa</strong></span> <span class='ocrx_word' id='word_1_133' title='bbox 707 1631 817 1672; x_wconf 79' lang='lat' dir='ltr'><strong>trima]</strong></span> <span class='ocrx_word' id='word_1_134' title='bbox 844 1631 921 1662; x_wconf 86' lang='lat' dir='ltr'><strong>Non</strong></span> <span class='ocrx_word' id='word_1_135' title='bbox 937 1631 1095 1663; x_wconf 76' lang='lat' dir='ltr'><strong>absimilis</strong></span> 
     </span>
     <span class='ocr_line' id='line_1_29' title="bbox 410 1678 1093 1720; baseline 0.004 -13"><span class='ocrx_word' id='word_1_136' title='bbox 410 1678 548 1708; x_wconf 83' lang='lat' dir='ltr'><strong>alterius</strong></span> <span class='ocrx_word' id='word_1_137' title='bbox 565 1679 687 1717; x_wconf 74' lang='lat' dir='ltr'><strong>puellae</strong></span> <span class='ocrx_word' id='word_1_138' title='bbox 713 1688 788 1709; x_wconf 90' lang='lat' dir='ltr'><strong>cum</strong></span> <span class='ocrx_word' id='word_1_139' title='bbox 799 1679 946 1718; x_wconf 75' lang='lat' dir='ltr'><strong>juvenca</strong></span> <span class='ocrx_word' id='word_1_140' title='bbox 960 1689 1093 1720; x_wconf 86' lang='lat' dir='ltr'><strong>compa-</strong></span> 
     </span>
     <span class='ocr_line' id='line_1_30' title="bbox 408 1726 1095 1767; baseline 0.003 -10"><span class='ocrx_word' id='word_1_141' title='bbox 408 1727 492 1757; x_wconf 85' lang='lat' dir='ltr'><strong>ratio</strong></span> <span class='ocrx_word' id='word_1_142' title='bbox 509 1735 550 1757; x_wconf 85' lang='lat' dir='ltr'><strong>n.</strong></span> <span class='ocrx_word' id='word_1_143' title='bbox 567 1726 635 1758; x_wconf 86' lang='lat' dir='ltr'><strong>Od.</strong></span> <span class='ocrx_word' id='word_1_144' title='bbox 650 1731 682 1757; x_wconf 80' lang='lat'><strong>5.</strong></span> <span class='ocrx_word' id='word_1_145' title='bbox 723 1726 772 1757; x_wconf 91' lang='lat' dir='ltr'><strong>At</strong></span> <span class='ocrx_word' id='word_1_146' title='bbox 795 1736 873 1758; x_wconf 82' lang='lat' dir='ltr'><strong>vero</strong></span> <span class='ocrx_word' id='word_1_147' title='bbox 886 1728 956 1767; x_wconf 77' lang='lat' dir='ltr'><strong>jam</strong></span> <span class='ocrx_word' id='word_1_148' title='bbox 980 1728 1095 1759; x_wconf 86' lang='lat' dir='ltr'><strong>robus·</strong></span> 
     </span>
     <span class='ocr_line' id='line_1_31' title="bbox 409 1775 1092 1816; baseline 0.003 -11"><span class='ocrx_word' id='word_1_149' title='bbox 409 1779 488 1814; x_wconf 84' lang='lat' dir='ltr'><strong>tam,</strong></span> <span class='ocrx_word' id='word_1_150' title='bbox 518 1779 554 1805; x_wconf 88' lang='lat' dir='ltr'><strong>et</strong></span> <span class='ocrx_word' id='word_1_151' title='bbox 579 1775 612 1805; x_wconf 91' lang='lat' dir='ltr'><strong>in</strong></span> <span class='ocrx_word' id='word_1_152' title='bbox 638 1775 759 1806; x_wconf 76' lang='lat' dir='ltr'><strong>amoris</strong></span> <span class='ocrx_word' id='word_1_153' title='bbox 788 1784 890 1806; x_wconf 85' lang='lat' dir='ltr'><strong>arena</strong></span> <span class='ocrx_word' id='word_1_154' title='bbox 914 1781 1092 1816; x_wconf 81' lang='lat' dir='ltr'><strong>versatam,</strong></span> 
     </span>
     <span class='ocr_line' id='line_1_32' title="bbox 407 1823 1094 1856; baseline 0.003 -2"><span class='ocrx_word' id='word_1_155' title='bbox 407 1823 580 1854; x_wconf 85' lang='lat' dir='ltr'><strong>subductis</strong></span> <span class='ocrx_word' id='word_1_156' title='bbox 590 1823 677 1854; x_wconf 85' lang='lat' dir='ltr'><strong>forte</strong></span> <span class='ocrx_word' id='word_1_157' title='bbox 688 1823 854 1855; x_wconf 88' lang='lat' dir='ltr'><strong>amoribus</strong></span> <span class='ocrx_word' id='word_1_158' title='bbox 865 1824 933 1855; x_wconf 71' lang='lat' dir='ltr'><strong>suis</strong></span> <span class='ocrx_word' id='word_1_159' title='bbox 950 1825 1094 1856; x_wconf 84' lang='lat' dir='ltr'><strong>irascen-</strong></span> 
     </span>
     <span class='ocr_line' id='line_1_33' title="bbox 408 1871 1096 1913; baseline 0.003 -11"><span class='ocrx_word' id='word_1_160' title='bbox 408 1876 489 1910; x_wconf 86' lang='lat' dir='ltr'><strong>tem,</strong></span> <span class='ocrx_word' id='word_1_161' title='bbox 506 1873 619 1903; x_wconf 82' lang='lat' dir='ltr'><strong>leaenae</strong></span> <span class='ocrx_word' id='word_1_162' title='bbox 635 1871 768 1903; x_wconf 85' lang='lat' dir='ltr'><strong>confert</strong></span> <span class='ocrx_word' id='word_1_163' title='bbox 789 1873 852 1904; x_wconf 88' lang='lat' dir='ltr'><strong>hoc</strong></span> <span class='ocrx_word' id='word_1_164' title='bbox 869 1873 985 1904; x_wconf 90' lang='lat' dir='ltr'><strong>eodem</strong></span> <span class='ocrx_word' id='word_1_165' title='bbox 1000 1874 1096 1913; x_wconf 84' lang='lat' dir='ltr'><strong>libro,</strong></span> 
     </span>
     <span class='ocr_line' id='line_1_34' title="bbox 409 1921 1096 1963; baseline 0.004 -12"><span class='ocrx_word' id='word_1_166' title='bbox 409 1921 478 1952; x_wconf 92' lang='lat' dir='ltr'><strong>Od.</strong></span> <span class='ocrx_word' id='word_1_167' title='bbox 494 1924 546 1952; x_wconf 84' lang='lat'><strong>20.</strong></span> <span class='ocrx_word' id='word_1_168' title='bbox 572 1922 712 1953; x_wconf 71' lang='lat' dir='ltr'><strong>Tor-rent.</strong></span> <span class='ocrx_word' id='word_1_169' title='bbox 741 1922 846 1953; x_wconf 71' lang='lat' dir='ltr'><strong>Trium</strong></span> <span class='ocrx_word' id='word_1_170' title='bbox 857 1921 986 1962; x_wconf 79' lang='lat' dir='ltr'><strong>campis]</strong></span> <span class='ocrx_word' id='word_1_171' title='bbox 1001 1924 1096 1963; x_wconf 87' lang='lat' dir='ltr'><strong>Equa</strong></span> 
     </span>
     <span class='ocr_line' id='line_1_35' title="bbox 411 1969 1096 2010; baseline 0.001 -10"><span class='ocrx_word' id='word_1_172' title='bbox 411 1970 510 2000; x_wconf 86' lang='lat' dir='ltr'><strong>trium</strong></span> <span class='ocrx_word' id='word_1_173' title='bbox 536 1979 706 2000; x_wconf 82' lang='lat' dir='ltr'><strong>annorum.</strong></span> <span class='ocrx_word' id='word_1_174' title='bbox 751 1969 860 2008; x_wconf 55' lang='lat' dir='ltr'><strong>[Qum</strong></span> <span class='ocrx_word' id='word_1_175' title='bbox 881 1971 963 2001; x_wconf 71' lang='lat' dir='ltr'><strong>velut</strong></span> <span class='ocrx_word' id='word_1_176' title='bbox 982 1970 1096 2010; x_wconf 57' lang='grc' dir='ltr'><strong>σαπροῖς</strong></span> 
     </span>
     <span class='ocr_line' id='line_1_36' title="bbox 408 2017 871 2057; baseline 0.002 -10"><span class='ocrx_word' id='word_1_177' title='bbox 408 2026 435 2047; x_wconf 82' lang='lat' dir='ltr'><strong>e.</strong></span> <span class='ocrx_word' id='word_1_178' title='bbox 452 2020 477 2048; x_wconf 83' lang='lat' dir='ltr'><strong>t.</strong></span> <span class='ocrx_word' id='word_1_179' title='bbox 493 2017 567 2048; x_wconf 75' lang='lat' dir='ltr'><strong>latis</strong></span> <span class='ocrx_word' id='word_1_180' title='bbox 576 2017 806 2048; x_wconf 84' lang='lat' dir='ltr'><strong>Schoenborn.</strong></span> <span class='ocrx_word' id='word_1_181' title='bbox 821 2018 871 2057; x_wconf 85' lang='lat'><strong>2.]</strong></span> 
     </span>
    </p>

    <p class='ocr_par' dir='ltr' id='par_1_8' title="bbox 409 2063 1094 2152">
     <span class='ocr_line' id='line_1_37' title="bbox 451 2063 1094 2102; baseline 0.003 -8"><span class='ocrx_word' id='word_1_182' title='bbox 451 2066 491 2095; x_wconf 91' lang='grc'><strong>10</strong></span> <span class='ocrx_word' id='word_1_183' title='bbox 514 2063 671 2102; x_wconf 70' lang='lat' dir='ltr'><strong>Exulem]</strong></span> <span class='ocrx_word' id='word_1_184' title='bbox 694 2064 764 2094; x_wconf 87' lang='lat' dir='ltr'><strong>Per</strong></span> <span class='ocrx_word' id='word_1_185' title='bbox 778 2065 1003 2096; x_wconf 74' lang='lat' dir='ltr'><strong>saltationem.</strong></span> <span class='ocrx_word' id='word_1_186' title='bbox 1024 2065 1094 2096; x_wconf 87' lang='lat' dir='ltr'><strong>Me-</strong></span> 
     </span>
     <span class='ocr_line' id='line_1_38' title="bbox 409 2110 1015 2152; baseline 0.003 -11"><span class='ocrx_word' id='word_1_187' title='bbox 409 2111 528 2150; x_wconf 74' lang='lat' dir='ltr'><strong>tuitque</strong></span> <span class='ocrx_word' id='word_1_188' title='bbox 542 2110 645 2149; x_wconf 74' lang='lat' dir='ltr'><strong>tangi]</strong></span> <span class='ocrx_word' id='word_1_189' title='bbox 668 2111 774 2142; x_wconf 87' lang='lat' dir='ltr'><strong>Cavet</strong></span> <span class='ocrx_word' id='word_1_190' title='bbox 789 2120 831 2141; x_wconf 89' lang='lat' dir='ltr'><strong>ne</strong></span> <span class='ocrx_word' id='word_1_191' title='bbox 847 2115 1015 2152; x_wconf 78' lang='lat' dir='ltr'><strong>tangatur.</strong></span> 
     </span>
    </p>

    <p class='ocr_par' dir='ltr' id='par_1_9' title="bbox 410 2159 1090 2246">
     <span class='ocr_line' id='line_1_39' title="bbox 449 2159 1090 2201; baseline 0.003 -11"><span class='ocrx_word' id='word_1_192' title='bbox 449 2162 487 2190; x_wconf 87' lang='lat' dir='ltr'><strong>ll</strong></span> <span class='ocrx_word' id='word_1_193' title='bbox 513 2159 703 2199; x_wconf 76' lang='lat' dir='ltr'><strong>Nuptiarum</strong></span> <span class='ocrx_word' id='word_1_194' title='bbox 723 2160 847 2199; x_wconf 74' lang='lat' dir='ltr'><strong>expers]</strong></span> <span class='ocrx_word' id='word_1_195' title='bbox 872 2161 949 2191; x_wconf 86' lang='lat' dir='ltr'><strong>Non</strong></span> <span class='ocrx_word' id='word_1_196' title='bbox 971 2165 1090 2201; x_wconf 84' lang='lat' dir='ltr'><strong>nupta,</strong></span> 
     </span>
     <span class='ocr_line' id='line_1_40' title="bbox 410 2207 538 2246; baseline 0.008 -8"><span class='ocrx_word' id='word_1_197' title='bbox 410 2207 538 2246; x_wconf 73' lang='grc' dir='ltr'><strong><em>ἄγαμος.</em></strong></span> 
     </span>
    </p>

    <p class='ocr_par' dir='ltr' id='par_1_10' title="bbox 412 2257 1092 2345">
     <span class='ocr_line' id='line_1_41' title="bbox 453 2257 1092 2298; baseline 0 -11"><span class='ocrx_word' id='word_1_198' title='bbox 453 2259 493 2287; x_wconf 89' lang='grc'><strong>12</strong></span> <span class='ocrx_word' id='word_1_199' title='bbox 517 2257 622 2287; x_wconf 81' lang='lat' dir='ltr'><strong>Cruda</strong></span> <span class='ocrx_word' id='word_1_200' title='bbox 649 2257 775 2298; x_wconf 73' lang='lat' dir='ltr'><strong>mart‘to]</strong></span> <span class='ocrx_word' id='word_1_201' title='bbox 810 2257 992 2288; x_wconf 87' lang='lat' dir='ltr'><strong>Immatnra</strong></span> <span class='ocrx_word' id='word_1_202' title='bbox 1020 2257 1092 2288; x_wconf 87' lang='lat' dir='ltr'><strong>viro</strong></span> 
     </span>
     <span class='ocr_line' id='line_1_42' title="bbox 412 2305 590 2345; baseline 0.011 -10"><span class='ocrx_word' id='word_1_203' title='bbox 412 2305 590 2345; x_wconf 78' lang='lat' dir='ltr'><strong>petulanti.</strong></span> 
     </span>
    </p>

    <p class='ocr_par' dir='ltr' id='par_1_11' title="bbox 413 2351 1091 2440">
     <span class='ocr_line' id='line_1_43' title="bbox 452 2351 1091 2392; baseline 0.002 -9"><span class='ocrx_word' id='word_1_204' title='bbox 452 2355 491 2383; x_wconf 76' lang='lat'><strong>14</strong></span> <span class='ocrx_word' id='word_1_205' title='bbox 514 2353 652 2392; x_wconf 74' lang='lat' dir='ltr'><strong>Morari]</strong></span> <span class='ocrx_word' id='word_1_206' title='bbox 685 2352 844 2383; x_wconf 87' lang='lat' dir='ltr'><strong>Tardare.</strong></span> <span class='ocrx_word' id='word_1_207' title='bbox 881 2351 1013 2384; x_wconf 83' lang='lat' dir='ltr'><strong>Alludit</strong></span> <span class='ocrx_word' id='word_1_208' title='bbox 1050 2353 1091 2384; x_wconf 87' lang='lat' dir='ltr'><strong>ad</strong></span> 
     </span>
     <span class='ocr_line' id='line_1_44' title="bbox 413 2400 1012 2440; baseline 0 -8"><span class='ocrx_word' id='word_1_209' title='bbox 413 2401 540 2440; x_wconf 78' lang='lat' dir='ltr'><strong>Orphei</strong></span> <span class='ocrx_word' id='word_1_210' title='bbox 554 2400 711 2432; x_wconf 84' lang='lat' dir='ltr'><strong>fabulam.</strong></span> <span class='ocrx_word' id='word_1_211' title='bbox 732 2400 819 2432; x_wconf 85' lang='lat' dir='ltr'><strong>Vide</strong></span> <span class='ocrx_word' id='word_1_212' title='bbox 835 2409 860 2431; x_wconf 87' lang='lat'><strong>1.</strong></span> <span class='ocrx_word' id='word_1_213' title='bbox 877 2400 943 2432; x_wconf 90' lang='lat' dir='ltr'><strong>od.</strong></span> <span class='ocrx_word' id='word_1_214' title='bbox 959 2403 1012 2432; x_wconf 84' lang='grc'><strong>12.</strong></span> 
     </span>
    </p>

    <p class='ocr_par' dir='ltr' id='par_1_12' title="bbox 410 2448 1096 2674">
     <span class='ocr_line' id='line_1_45' title="bbox 452 2448 1094 2489; baseline 0.002 -10"><span class='ocrx_word' id='word_1_215' title='bbox 452 2453 491 2480; x_wconf 85' lang='grc'><strong>15</strong></span> <span class='ocrx_word' id='word_1_216' title='bbox 516 2449 662 2480; x_wconf 77' lang='lat' dir='ltr'><strong>Immanis</strong></span> <span class='ocrx_word' id='word_1_217' title='bbox 676 2448 749 2488; x_wconf 75' lang='lat' dir='ltr'><strong>tibi]</strong></span> <span class='ocrx_word' id='word_1_218' title='bbox 764 2449 925 2489; x_wconf 78' lang='lat' dir='ltr'><strong>Ingentis,</strong></span> <span class='ocrx_word' id='word_1_219' title='bbox 939 2453 976 2480; x_wconf 88' lang='lat' dir='ltr'><strong>et</strong></span> <span class='ocrx_word' id='word_1_220' title='bbox 991 2454 1094 2481; x_wconf 66' lang='lat' dir='ltr'><strong>vastas</strong></span> 
     </span>
     <span class='ocr_line' id='line_1_46' title="bbox 411 2497 1095 2539; baseline 0 -11"><span class='ocrx_word' id='word_1_221' title='bbox 411 2499 510 2539; x_wconf 81' lang='lat' dir='ltr'><strong>aulae,</strong></span> <span class='ocrx_word' id='word_1_222' title='bbox 522 2507 597 2538; x_wconf 86' lang='lat' dir='ltr'><strong>quae</strong></span> <span class='ocrx_word' id='word_1_223' title='bbox 614 2498 758 2528; x_wconf 86' lang='lat' dir='ltr'><strong>omnium</strong></span> <span class='ocrx_word' id='word_1_224' title='bbox 769 2497 959 2528; x_wconf 81' lang='lat' dir='ltr'><strong>mortalium</strong></span> <span class='ocrx_word' id='word_1_225' title='bbox 974 2502 1027 2529; x_wconf 83' lang='lat' dir='ltr'><strong>est</strong></span> <span class='ocrx_word' id='word_1_226' title='bbox 1041 2507 1095 2529; x_wconf 89' lang='lat' dir='ltr'><strong>ca-</strong></span> 
     </span>
     <span class='ocr_line' id='line_1_47' title="bbox 412 2545 1096 2587; baseline 0.001 -10"><span class='ocrx_word' id='word_1_227' title='bbox 412 2556 492 2587; x_wconf 84' lang='lat' dir='ltr'><strong>pax.</strong></span> <span class='ocrx_word' id='word_1_228' title='bbox 528 2546 726 2585; x_wconf 75' lang='lat' dir='ltr'><strong>Blandienti]</strong></span> <span class='ocrx_word' id='word_1_229' title='bbox 746 2545 822 2577; x_wconf 86' lang='lat' dir='ltr'><strong>Tibi</strong></span> <span class='ocrx_word' id='word_1_230' title='bbox 840 2545 960 2577; x_wconf 84' lang='lat' dir='ltr'><strong>blande</strong></span> <span class='ocrx_word' id='word_1_231' title='bbox 976 2555 1096 2578; x_wconf 87' lang='lat' dir='ltr'><strong>canen-</strong></span> 
     </span>
     <span class='ocr_line' id='line_1_48' title="bbox 410 2593 1096 2635; baseline 0.003 -11"><span class='ocrx_word' id='word_1_232' title='bbox 410 2594 450 2628; x_wconf 83' lang='lat' dir='ltr'><strong>ti.</strong></span> <span class='ocrx_word' id='word_1_233' title='bbox 479 2603 579 2635; x_wconf 89' lang='lat' dir='ltr'><strong>quum</strong></span> <span class='ocrx_word' id='word_1_234' title='bbox 602 2593 758 2634; x_wconf 85' lang='lat' dir='ltr'><strong>Orpheus</strong></span> <span class='ocrx_word' id='word_1_235' title='bbox 785 2603 877 2625; x_wconf 77' lang='lat' dir='ltr'><strong>suam</strong></span> <span class='ocrx_word' id='word_1_236' title='bbox 905 2595 1096 2635; x_wconf 80' lang='lat' dir='ltr'><strong>Eurydicen</strong></span> 
     </span>
     <span class='ocr_line' id='line_1_49' title="bbox 414 2641 787 2674; baseline 0.003 -2"><span class='ocrx_word' id='word_1_237' title='bbox 414 2642 456 2672; x_wconf 77' lang='lat' dir='ltr'><strong>ab</strong></span> <span class='ocrx_word' id='word_1_238' title='bbox 472 2641 587 2673; x_wconf 84' lang='lat' dir='ltr'><strong>inferis</strong></span> <span class='ocrx_word' id='word_1_239' title='bbox 601 2642 787 2674; x_wconf 81' lang='lat' dir='ltr'><strong>reduceret.</strong></span> 
     </span>
    </p>
   </div>
   <div class='ocr_carea' id='block_1_3' title="bbox 414 2690 1098 2773">
    <p class='ocr_par' dir='ltr' id='par_1_13' title="bbox 414 2690 1098 2773">
     <span class='ocr_line' id='line_1_50' title="bbox 457 2690 1098 2730; baseline 0.005 -11"><span class='ocrx_word' id='word_1_240' title='bbox 457 2691 495 2719; x_wconf 88' lang='grc'><strong>17</strong></span> <span class='ocrx_word' id='word_1_241' title='bbox 521 2690 684 2730; x_wconf 64' lang='lat' dir='ltr'><strong>Cerberum]</strong></span> <span class='ocrx_word' id='word_1_242' title='bbox 704 2690 793 2722; x_wconf 87' lang='lat' dir='ltr'><strong>Vide</strong></span> <span class='ocrx_word' id='word_1_243' title='bbox 818 2699 859 2722; x_wconf 85' lang='lat'><strong>11.</strong></span> <span class='ocrx_word' id='word_1_244' title='bbox 881 2690 948 2722; x_wconf 85' lang='lat' dir='ltr'><strong>od.</strong></span> <span class='ocrx_word' id='word_1_245' title='bbox 964 2693 1015 2723; x_wconf 72' lang='lat'><strong>13,</strong></span> <span class='ocrx_word' id='word_1_246' title='bbox 1039 2690 1098 2722; x_wconf 90' lang='lat' dir='ltr'><strong>ubi</strong></span> 
     </span>
     <span class='ocr_line' id='line_1_51' title="bbox 414 2735 1097 2773; baseline 0.009 -7"><span class='ocrx_word' id='word_1_247' title='bbox 414 2735 531 2768; x_wconf 83' lang='lat' dir='ltr'><strong>eadem</strong></span> <span class='ocrx_word' id='word_1_248' title='bbox 545 2737 649 2770; x_wconf 76' lang='lat' dir='ltr'><strong>ferme</strong></span> <span class='ocrx_word' id='word_1_249' title='bbox 663 2738 823 2771; x_wconf 77' lang='lat' dir='ltr'><strong>accidisse</strong></span> <span class='ocrx_word' id='word_1_250' title='bbox 833 2739 949 2772; x_wconf 65' lang='lat' dir='ltr'><strong>Alcaeo</strong></span> <span class='ocrx_word' id='word_1_251' title='bbox 965 2739 1097 2773; x_wconf 76' lang='lat' dir='ltr'><strong>canenti</strong></span> 
     </span>
    </p>
   </div>
   <div class='ocr_carea' id='block_1_4' title="bbox 862 284 998 315">
    <p class='ocr_par' dir='ltr' id='par_1_14' title="bbox 862 284 998 315">
     <span class='ocr_line' id='line_1_52' title="bbox 862 284 998 315; baseline 0.007 -1"><span class='ocrx_word' id='word_1_252' title='bbox 862 284 998 315; x_wconf 77' lang='lat' dir='ltr'><strong>NOTAE</strong></span> 
     </span>
    </p>
   </div>
   <div class='ocr_carea' id='block_1_5' title="bbox 1031 282 1369 314">
    <p class='ocr_par' dir='ltr' id='par_1_15' title="bbox 1031 282 1369 314">
     <span class='ocr_line' id='line_1_53' title="bbox 1031 282 1369 314; baseline -0.006 -1"><span class='ocrx_word' id='word_1_253' title='bbox 1031 282 1287 314; x_wconf 74' lang='lat' dir='ltr'><strong>VARIORUM</strong></span> <span class='ocrx_word' id='word_1_254' title='bbox 1319 282 1369 311; x_wconf 82' lang='lat' dir='ltr'><strong>IN</strong></span> 
     </span>
    </p>
   </div>
   <div class='ocr_carea' id='block_1_6' title="bbox 1127 370 1821 946">
    <p class='ocr_par' dir='ltr' id='par_1_16' title="bbox 1136 370 1814 461">
     <span class='ocr_line' id='line_1_54' title="bbox 1136 370 1814 413; baseline 0.001 -9"><span class='ocrx_word' id='word_1_255' title='bbox 1136 372 1225 413; x_wconf 86' lang='lat' dir='ltr'><strong>apud</strong></span> <span class='ocrx_word' id='word_1_256' title='bbox 1241 371 1365 404; x_wconf 77' lang='lat' dir='ltr'><strong>inferos</strong></span> <span class='ocrx_word' id='word_1_257' title='bbox 1380 371 1499 411; x_wconf 80' lang='lat' dir='ltr'><strong>refert,</strong></span> <span class='ocrx_word' id='word_1_258' title='bbox 1513 380 1588 412; x_wconf 79' lang='lat' dir='ltr'><strong>quae</strong></span> <span class='ocrx_word' id='word_1_259' title='bbox 1607 370 1661 402; x_wconf 83' lang='lat' dir='ltr'><strong>hic</strong></span> <span class='ocrx_word' id='word_1_260' title='bbox 1675 371 1814 413; x_wconf 72' lang='lat' dir='ltr'><strong>Eurydi-</strong></span> 
     </span>
     <span class='ocr_line' id='line_1_55' title="bbox 1136 420 1555 461; baseline -0.007 -7"><span class='ocrx_word' id='word_1_261' title='bbox 1136 431 1198 454; x_wconf 87' lang='lat' dir='ltr'><strong>cen</strong></span> <span class='ocrx_word' id='word_1_262' title='bbox 1215 424 1389 461; x_wconf 86' lang='lat' dir='ltr'><strong>repetente</strong></span> <span class='ocrx_word' id='word_1_263' title='bbox 1407 420 1555 461; x_wconf 89' lang='lat' dir='ltr'><strong>Orpheo.</strong></span> 
     </span>
    </p>

    <p class='ocr_par' dir='ltr' id='par_1_17' title="bbox 1127 468 1819 705">
     <span class='ocr_line' id='line_1_56' title="bbox 1178 468 1817 510; baseline -0.002 -9"><span class='ocrx_word' id='word_1_264' title='bbox 1178 473 1217 501; x_wconf 87' lang='lat'><strong>18</strong></span> <span class='ocrx_word' id='word_1_265' title='bbox 1238 470 1366 509; x_wconf 80' lang='lat' dir='ltr'><strong>Angues</strong></span> <span class='ocrx_word' id='word_1_266' title='bbox 1379 473 1467 510; x_wconf 75' lang='lat' dir='ltr'><strong>caput</strong></span> <span class='ocrx_word' id='word_1_267' title='bbox 1491 468 1570 510; x_wconf 74' lang='lat' dir='ltr'><strong>ejus]</strong></span> <span class='ocrx_word' id='word_1_268' title='bbox 1592 468 1732 500; x_wconf 82' lang='lat' dir='ltr'><strong>Viden.</strong></span> <span class='ocrx_word' id='word_1_269' title='bbox 1749 469 1817 501; x_wconf 70' lang='lat' dir='ltr'><strong>Od.</strong></span> 
     </span>
     <span class='ocr_line' id='line_1_57' title="bbox 1137 517 1819 558; baseline -0.003 -9"><span class='ocrx_word' id='word_1_270' title='bbox 1137 520 1189 549; x_wconf 83' lang='lat'><strong>12.</strong></span> <span class='ocrx_word' id='word_1_271' title='bbox 1211 518 1279 558; x_wconf 88' lang='grc'><strong>[17.</strong></span> <span class='ocrx_word' id='word_1_272' title='bbox 1292 521 1332 549; x_wconf 85' lang='grc'><strong>18</strong></span> <span class='ocrx_word' id='word_1_273' title='bbox 1344 519 1462 549; x_wconf 85' lang='lat' dir='ltr'><strong>Plures</strong></span> <span class='ocrx_word' id='word_1_274' title='bbox 1476 517 1538 548; x_wconf 82' lang='lat' dir='ltr'><strong>hos</strong></span> <span class='ocrx_word' id='word_1_275' title='bbox 1549 517 1614 548; x_wconf 88' lang='lat' dir='ltr'><strong>duo</strong></span> <span class='ocrx_word' id='word_1_276' title='bbox 1626 524 1691 548; x_wconf 71' lang='grc' dir='ltr'><strong>πε.</strong></span> <span class='ocrx_word' id='word_1_277' title='bbox 1705 525 1819 554; x_wconf 59' lang='grc' dir='ltr'><strong>εωειιι,</strong></span> 
     </span>
     <span class='ocr_line' id='line_1_58' title="bbox 1137 566 1818 606; baseline 0.003 -10"><span class='ocrx_word' id='word_1_278' title='bbox 1137 566 1216 596; x_wconf 87' lang='lat' dir='ltr'><strong>dare</strong></span> <span class='ocrx_word' id='word_1_279' title='bbox 1230 567 1346 598; x_wconf 87' lang='lat' dir='ltr'><strong>volunt</strong></span> <span class='ocrx_word' id='word_1_280' title='bbox 1365 567 1433 597; x_wconf 83' lang='lat' dir='ltr'><strong>ita:</strong></span> <span class='ocrx_word' id='word_1_281' title='bbox 1459 566 1607 597; x_wconf 75' lang='lat' dir='ltr'><strong>Cerberus</strong></span> <span class='ocrx_word' id='word_1_282' title='bbox 1614 576 1626 602; x_wconf 86' lang='lat'><strong>,·</strong></span> <span class='ocrx_word' id='word_1_283' title='bbox 1647 575 1818 606; x_wconf 66' lang='lat' dir='ltr'><strong>quanquam</strong></span> 
     </span>
     <span class='ocr_line' id='line_1_59' title="bbox 1127 615 1818 656; baseline 0.001 -10"><span class='ocrx_word' id='word_1_284' title='bbox 1127 615 1160 652; x_wconf 77' lang='lat' dir='ltr'><strong>s.</strong></span> <span class='ocrx_word' id='word_1_285' title='bbox 1182 625 1209 647; x_wconf 83' lang='lat' dir='ltr'><strong>c.</strong></span> <span class='ocrx_word' id='word_1_286' title='bbox 1233 616 1381 647; x_wconf 69' lang='lat' dir='ltr'><strong>Munium</strong></span> <span class='ocrx_word' id='word_1_287' title='bbox 1402 625 1516 654; x_wconf 78' lang='lat' dir='ltr'><strong>angues</strong></span> <span class='ocrx_word' id='word_1_288' title='bbox 1537 619 1640 656; x_wconf 71' lang='lat' dir='ltr'><strong>caput,</strong></span> <span class='ocrx_word' id='word_1_289' title='bbox 1659 615 1818 656; x_wconf 51' lang='lat' dir='ltr'><strong>&amp;alatque-</strong></span> 
     </span>
     <span class='ocr_line' id='line_1_60' title="bbox 1137 663 1611 705; baseline 0 -10"><span class='ocrx_word' id='word_1_290' title='bbox 1137 663 1236 695; x_wconf 82' lang='lat' dir='ltr'><strong>Conf.</strong></span> <span class='ocrx_word' id='word_1_291' title='bbox 1252 665 1343 696; x_wconf 87' lang='lat' dir='ltr'><strong>Bibl.</strong></span> <span class='ocrx_word' id='word_1_292' title='bbox 1357 665 1439 696; x_wconf 89' lang='lat' dir='ltr'><strong>Crit.</strong></span> <span class='ocrx_word' id='word_1_293' title='bbox 1453 667 1545 696; x_wconf 79' lang='grc'><strong>1820.</strong></span> <span class='ocrx_word' id='word_1_294' title='bbox 1562 665 1611 705; x_wconf 92' lang='grc'><strong>1.]</strong></span> 
     </span>
    </p>

    <p class='ocr_par' dir='ltr' id='par_1_18' title="bbox 1138 712 1821 897">
     <span class='ocr_line' id='line_1_61' title="bbox 1181 712 1819 754; baseline 0 -10"><span class='ocrx_word' id='word_1_295' title='bbox 1181 715 1221 744; x_wconf 84' lang='grc'><strong>19</strong></span> <span class='ocrx_word' id='word_1_296' title='bbox 1243 713 1380 754; x_wconf 73' lang='lat' dir='ltr'><strong>Spiritus</strong></span> <span class='ocrx_word' id='word_1_297' title='bbox 1399 713 1494 753; x_wconf 78' lang='lat' dir='ltr'><strong>teter]</strong></span> <span class='ocrx_word' id='word_1_298' title='bbox 1521 713 1696 744; x_wconf 87' lang='lat' dir='ltr'><strong>Anhelitus</strong></span> <span class='ocrx_word' id='word_1_299' title='bbox 1708 712 1819 753; x_wconf 80' lang='lat' dir='ltr'><strong>niger.</strong></span> 
     </span>
     <span class='ocr_line' id='line_1_62' title="bbox 1138 759 1820 802; baseline 0.001 -11"><span class='ocrx_word' id='word_1_300' title='bbox 1138 759 1302 801; x_wconf 63' lang='lat' dir='ltr'><strong>Samenque</strong></span> <span class='ocrx_word' id='word_1_301' title='bbox 1323 763 1439 802; x_wconf 82' lang='lat' dir='ltr'><strong>manet]</strong></span> <span class='ocrx_word' id='word_1_302' title='bbox 1468 762 1513 792; x_wconf 92' lang='lat' dir='ltr'><strong>Et</strong></span> <span class='ocrx_word' id='word_1_303' title='bbox 1538 761 1687 801; x_wconf 80' lang='lat' dir='ltr'><strong>quamvis</strong></span> <span class='ocrx_word' id='word_1_304' title='bbox 1709 765 1820 792; x_wconf 81' lang='lat' dir='ltr'><strong>atrum</strong></span> 
     </span>
     <span class='ocr_line' id='line_1_63' title="bbox 1140 808 1821 850; baseline 0.004 -12"><span class='ocrx_word' id='word_1_305' title='bbox 1140 818 1313 846; x_wconf 84' lang='lat' dir='ltr'><strong>venenum,</strong></span> <span class='ocrx_word' id='word_1_306' title='bbox 1329 819 1386 842; x_wconf 82' lang='lat' dir='ltr'><strong>seu</strong></span> <span class='ocrx_word' id='word_1_307' title='bbox 1402 814 1580 850; x_wconf 87' lang='lat' dir='ltr'><strong>corruptus</strong></span> <span class='ocrx_word' id='word_1_308' title='bbox 1601 810 1719 842; x_wconf 83' lang='lat' dir='ltr'><strong>bumor</strong></span> <span class='ocrx_word' id='word_1_309' title='bbox 1737 808 1821 841; x_wconf 78' lang='lat' dir='ltr'><strong>fluat</strong></span> 
     </span>
     <span class='ocr_line' id='line_1_64' title="bbox 1139 858 1409 897; baseline 0.004 -8"><span class='ocrx_word' id='word_1_310' title='bbox 1139 866 1183 889; x_wconf 84' lang='lat' dir='ltr'><strong>ex</strong></span> <span class='ocrx_word' id='word_1_311' title='bbox 1199 858 1323 897; x_wconf 81' lang='lat' dir='ltr'><strong>triplici</strong></span> <span class='ocrx_word' id='word_1_312' title='bbox 1339 867 1409 890; x_wconf 76' lang='lat' dir='ltr'><strong>ore.</strong></span> 
     </span>
    </p>

    <p class='ocr_par' dir='ltr' id='par_1_19' title="bbox 1181 905 1820 946">
     <span class='ocr_line' id='line_1_65' title="bbox 1181 905 1820 946; baseline 0.002 -11"><span class='ocrx_word' id='word_1_313' title='bbox 1181 907 1221 935; x_wconf 82' lang='lat'><strong>21</strong></span> <span class='ocrx_word' id='word_1_314' title='bbox 1245 905 1354 945; x_wconf 69' lang='lat' dir='ltr'><strong>Ixion]</strong></span> <span class='ocrx_word' id='word_1_315' title='bbox 1387 905 1497 945; x_wconf 87' lang='lat' dir='ltr'><strong>Ixion,</strong></span> <span class='ocrx_word' id='word_1_316' title='bbox 1520 906 1646 938; x_wconf 82' lang='lat' dir='ltr'><strong>Juuoni</strong></span> <span class='ocrx_word' id='word_1_317' title='bbox 1667 908 1820 946; x_wconf 79' lang='lat' dir='ltr'><strong>stuprum</strong></span> 
     </span>
    </p>
   </div>
   <div class='ocr_carea' id='block_1_7' title="bbox 1140 953 1893 994">
    <p class='ocr_par' dir='ltr' id='par_1_20' title="bbox 1140 953 1893 994">
     <span class='ocr_line' id='line_1_66' title="bbox 1140 953 1893 994; baseline -0.001 -9"><span class='ocrx_word' id='word_1_318' title='bbox 1140 963 1263 985; x_wconf 80' lang='lat' dir='ltr'><strong>conans</strong></span> <span class='ocrx_word' id='word_1_319' title='bbox 1275 954 1413 991; x_wconf 75' lang='lat' dir='ltr'><strong>inferre,</strong></span> <span class='ocrx_word' id='word_1_320' title='bbox 1434 954 1497 984; x_wconf 87' lang='lat' dir='ltr'><strong>hac</strong></span> <span class='ocrx_word' id='word_1_321' title='bbox 1517 963 1616 994; x_wconf 79' lang='lat' dir='ltr'><strong>poena</strong></span> <span class='ocrx_word' id='word_1_322' title='bbox 1628 953 1717 994; x_wconf 79' lang='lat' dir='ltr'><strong>apud</strong></span> <span class='ocrx_word' id='word_1_323' title='bbox 1736 953 1821 985; x_wconf 80' lang='lat' dir='ltr'><strong>infe·</strong></span> <span class='ocrx_word' id='word_1_324' title='bbox 1885 987 1893 992; x_wconf 58' lang='lat'>‚</span> 
     </span>
    </p>
   </div>
   <div class='ocr_carea' id='block_1_8' title="bbox 1140 1002 1849 2782">
    <p class='ocr_par' dir='ltr' id='par_1_21' title="bbox 1140 1002 1825 1242">
     <span class='ocr_line' id='line_1_67' title="bbox 1141 1002 1822 1042; baseline -0.001 -9"><span class='ocrx_word' id='word_1_325' title='bbox 1141 1010 1193 1033; x_wconf 77' lang='lat' dir='ltr'><strong>ros</strong></span> <span class='ocrx_word' id='word_1_326' title='bbox 1204 1002 1381 1041; x_wconf 83' lang='lat' dir='ltr'><strong>cruciatur,</strong></span> <span class='ocrx_word' id='word_1_327' title='bbox 1390 1005 1440 1039; x_wconf 90' lang='lat' dir='ltr'><strong>ut,</strong></span> <span class='ocrx_word' id='word_1_328' title='bbox 1449 1005 1532 1032; x_wconf 76' lang='lat' dir='ltr'><strong>rotae</strong></span> <span class='ocrx_word' id='word_1_329' title='bbox 1547 1002 1637 1032; x_wconf 85' lang='lat' dir='ltr'><strong>inter</strong></span> <span class='ocrx_word' id='word_1_330' title='bbox 1649 1006 1822 1042; x_wconf 77' lang='lat' dir='ltr'><strong>serpentes</strong></span> 
     </span>
     <span class='ocr_line' id='line_1_68' title="bbox 1140 1049 1824 1091; baseline 0 -10"><span class='ocrx_word' id='word_1_331' title='bbox 1140 1051 1310 1090; x_wconf 82' lang='lat' dir='ltr'><strong>alligatus,</strong></span> <span class='ocrx_word' id='word_1_332' title='bbox 1326 1049 1458 1081; x_wconf 75' lang='lat' dir='ltr'><strong>assidue</strong></span> <span class='ocrx_word' id='word_1_333' title='bbox 1478 1054 1513 1081; x_wconf 82' lang='lat' dir='ltr'><strong>et</strong></span> <span class='ocrx_word' id='word_1_334' title='bbox 1535 1051 1606 1081; x_wconf 80' lang='lat' dir='ltr'><strong>sine</strong></span> <span class='ocrx_word' id='word_1_335' title='bbox 1629 1050 1744 1091; x_wconf 83' lang='lat' dir='ltr'><strong>requie</strong></span> <span class='ocrx_word' id='word_1_336' title='bbox 1759 1049 1824 1081; x_wconf 83' lang='lat' dir='ltr'><strong>eir·</strong></span> 
     </span>
     <span class='ocr_line' id='line_1_69' title="bbox 1141 1100 1824 1141; baseline -0.001 -10"><span class='ocrx_word' id='word_1_337' title='bbox 1141 1104 1344 1140; x_wconf 85' lang='lat' dir='ltr'><strong>cumagatur.</strong></span> <span class='ocrx_word' id='word_1_338' title='bbox 1389 1100 1550 1141; x_wconf 73' lang='lat' dir='ltr'><strong>Tityosque</strong></span> <span class='ocrx_word' id='word_1_339' title='bbox 1570 1100 1673 1141; x_wconf 64' lang='lat' dir='ltr'><strong>osuit]</strong></span> <span class='ocrx_word' id='word_1_340' title='bbox 1707 1100 1824 1140; x_wconf 75' lang='lat' dir='ltr'><strong>Tityos</strong></span> 
     </span>
     <span class='ocr_line' id='line_1_70' title="bbox 1143 1148 1825 1182; baseline 0.001 -2"><span class='ocrx_word' id='word_1_341' title='bbox 1143 1154 1195 1180; x_wconf 83' lang='lat' dir='ltr'><strong>est</strong></span> <span class='ocrx_word' id='word_1_342' title='bbox 1207 1150 1429 1181; x_wconf 79' lang='lat' dir='ltr'><strong>nominativus</strong></span> <span class='ocrx_word' id='word_1_343' title='bbox 1441 1149 1593 1182; x_wconf 75' lang='lat' dir='ltr'><strong>Graeeus.</strong></span> <span class='ocrx_word' id='word_1_344' title='bbox 1614 1149 1702 1180; x_wconf 87' lang='lat' dir='ltr'><strong>Vide</strong></span> <span class='ocrx_word' id='word_1_345' title='bbox 1716 1148 1825 1181; x_wconf 51' lang='lat' dir='ltr'><strong>odd.</strong></span> 
     </span>
     <span class='ocr_line' id='line_1_71' title="bbox 1143 1197 1676 1242; baseline 0.002 -13"><span class='ocrx_word' id='word_1_346' title='bbox 1143 1197 1243 1238; x_wconf 82' lang='lat' dir='ltr'><strong>hujus</strong></span> <span class='ocrx_word' id='word_1_347' title='bbox 1257 1198 1347 1230; x_wconf 85' lang='lat' dir='ltr'><strong>libri.</strong></span> <span class='ocrx_word' id='word_1_348' title='bbox 1669 1236 1676 1242; x_wconf 48' lang='grc'><em>,</em></span> 
     </span>
    </p>

    <p class='ocr_par' dir='ltr' id='par_1_22' title="bbox 1143 1247 1827 1521">
     <span class='ocr_line' id='line_1_72' title="bbox 1185 1247 1824 1289; baseline -0.003 -9"><span class='ocrx_word' id='word_1_349' title='bbox 1185 1251 1227 1280; x_wconf 89' lang='grc'><strong>22</strong></span> <span class='ocrx_word' id='word_1_350' title='bbox 1249 1249 1337 1280; x_wconf 75' lang='lat' dir='ltr'><strong>Risit</strong></span> <span class='ocrx_word' id='word_1_351' title='bbox 1350 1248 1466 1289; x_wconf 71' lang='lat' dir='ltr'><strong>invito]</strong></span> <span class='ocrx_word' id='word_1_352' title='bbox 1489 1248 1578 1280; x_wconf 79' lang='lat' dir='ltr'><strong>Risit</strong></span> <span class='ocrx_word' id='word_1_353' title='bbox 1589 1251 1728 1288; x_wconf 81' lang='lat' dir='ltr'><strong>propter</strong></span> <span class='ocrx_word' id='word_1_354' title='bbox 1742 1247 1824 1287; x_wconf 75' lang='lat' dir='ltr'><strong>lym</strong></span> 
     </span>
     <span class='ocr_line' id='line_1_73' title="bbox 1145 1296 1827 1338; baseline -0.003 -10"><span class='ocrx_word' id='word_1_355' title='bbox 1145 1297 1370 1338; x_wconf 76' lang='lat' dir='ltr'><strong>dulcedinem,</strong></span> <span class='ocrx_word' id='word_1_356' title='bbox 1383 1297 1443 1329; x_wconf 83' lang='lat' dir='ltr'><strong>sed</strong></span> <span class='ocrx_word' id='word_1_357' title='bbox 1459 1297 1553 1328; x_wconf 84' lang='lat' dir='ltr'><strong>vultu</strong></span> <span class='ocrx_word' id='word_1_358' title='bbox 1567 1296 1672 1327; x_wconf 85' lang='lat' dir='ltr'><strong>invito</strong></span> <span class='ocrx_word' id='word_1_359' title='bbox 1685 1299 1827 1336; x_wconf 85' lang='lat' dir='ltr'><strong>propter</strong></span> 
     </span>
     <span class='ocr_line' id='line_1_74' title="bbox 1145 1345 1826 1385; baseline -0.001 -9"><span class='ocrx_word' id='word_1_360' title='bbox 1145 1355 1250 1385; x_wconf 78' lang='lat' dir='ltr'><strong>poenae</strong></span> <span class='ocrx_word' id='word_1_361' title='bbox 1269 1346 1502 1376; x_wconf 77' lang='lat' dir='ltr'><strong>acerbitatem.</strong></span> <span class='ocrx_word' id='word_1_362' title='bbox 1545 1345 1644 1376; x_wconf 70' lang='lat' dir='ltr'><strong>Stetit</strong></span> <span class='ocrx_word' id='word_1_363' title='bbox 1655 1353 1734 1375; x_wconf 70' lang='lat' dir='ltr'><strong>urna</strong></span> <span class='ocrx_word' id='word_1_364' title='bbox 1751 1353 1826 1384; x_wconf 52' lang='lat' dir='ltr'><strong>pm&amp;</strong></span> 
     </span>
     <span class='ocr_line' id='line_1_75' title="bbox 1143 1393 1827 1432; baseline -0.001 -8"><span class='ocrx_word' id='word_1_365' title='bbox 1143 1393 1220 1432; x_wconf 82' lang='lat' dir='ltr'><strong>lum]</strong></span> <span class='ocrx_word' id='word_1_366' title='bbox 1253 1394 1390 1424; x_wconf 84' lang='lat' dir='ltr'><strong>Belides</strong></span> <span class='ocrx_word' id='word_1_367' title='bbox 1419 1402 1512 1424; x_wconf 78' lang='lat' dir='ltr'><strong>suum</strong></span> <span class='ocrx_word' id='word_1_368' title='bbox 1547 1393 1695 1424; x_wconf 86' lang='lat' dir='ltr'><strong>laborem</strong></span> <span class='ocrx_word' id='word_1_369' title='bbox 1722 1393 1827 1423; x_wconf 87' lang='lat' dir='ltr'><strong>inter-</strong></span> 
     </span>
     <span class='ocr_line' id='line_1_76' title="bbox 1143 1441 1826 1482; baseline 0.001 -11"><span class='ocrx_word' id='word_1_370' title='bbox 1143 1441 1319 1481; x_wconf 81' lang='lat' dir='ltr'><strong>miserunt,</strong></span> <span class='ocrx_word' id='word_1_371' title='bbox 1342 1441 1420 1472; x_wconf 78' lang='lat' dir='ltr'><strong>dnm</strong></span> <span class='ocrx_word' id='word_1_372' title='bbox 1446 1445 1482 1472; x_wconf 87' lang='lat' dir='ltr'><strong>tu</strong></span> <span class='ocrx_word' id='word_1_373' title='bbox 1505 1450 1560 1472; x_wconf 82' lang='lat' dir='ltr'><strong>eas</strong></span> <span class='ocrx_word' id='word_1_374' title='bbox 1575 1445 1668 1482; x_wconf 79' lang='lat' dir='ltr'><strong>grato</strong></span> <span class='ocrx_word' id='word_1_375' title='bbox 1683 1441 1826 1472; x_wconf 77' lang='lat' dir='ltr'><strong>carmine</strong></span> 
     </span>
     <span class='ocr_line' id='line_1_77' title="bbox 1143 1489 1305 1521; baseline -0.006 0"><span class='ocrx_word' id='word_1_376' title='bbox 1143 1489 1305 1521; x_wconf 76' lang='lat' dir='ltr'><strong>oblectas.</strong></span> 
     </span>
    </p>

    <p class='ocr_par' dir='ltr' id='par_1_23' title="bbox 1142 1536 1829 2151">
     <span class='ocr_line' id='line_1_78' title="bbox 1185 1536 1827 1578; baseline 0 -10"><span class='ocrx_word' id='word_1_377' title='bbox 1185 1540 1226 1569; x_wconf 81' lang='lat'><strong>23</strong></span> <span class='ocrx_word' id='word_1_378' title='bbox 1249 1536 1355 1568; x_wconf 78' lang='lat' dir='ltr'><strong>Danai</strong></span> <span class='ocrx_word' id='word_1_379' title='bbox 1365 1537 1496 1578; x_wconf 76' lang='lat' dir='ltr'><strong>puellas]</strong></span> <span class='ocrx_word' id='word_1_380' title='bbox 1514 1537 1623 1568; x_wconf 78' lang='lat' dir='ltr'><strong>Danai</strong></span> <span class='ocrx_word' id='word_1_381' title='bbox 1633 1537 1758 1577; x_wconf 86' lang='lat' dir='ltr'><strong>prolem</strong></span> <span class='ocrx_word' id='word_1_382' title='bbox 1769 1546 1827 1569; x_wconf 84' lang='lat' dir='ltr'><strong>vo-</strong></span> 
     </span>
     <span class='ocr_line' id='line_1_79' title="bbox 1144 1585 1826 1625; baseline 0 -9"><span class='ocrx_word' id='word_1_383' title='bbox 1144 1591 1200 1617; x_wconf 83' lang='lat' dir='ltr'><strong>cat</strong></span> <span class='ocrx_word' id='word_1_384' title='bbox 1213 1585 1364 1616; x_wconf 84' lang='lat' dir='ltr'><strong>Tibullus</strong></span> <span class='ocrx_word' id='word_1_385' title='bbox 1379 1594 1404 1617; x_wconf 76' lang='lat'><strong>1.</strong></span> <span class='ocrx_word' id='word_1_386' title='bbox 1420 1588 1452 1616; x_wconf 77' lang='lat'><strong>3.</strong></span> <span class='ocrx_word' id='word_1_387' title='bbox 1492 1586 1502 1603; x_wconf 79' lang='lat'>⁸</span> <span class='ocrx_word' id='word_1_388' title='bbox 1518 1586 1564 1617; x_wconf 86' lang='lat' dir='ltr'><strong>Et</strong></span> <span class='ocrx_word' id='word_1_389' title='bbox 1584 1585 1695 1616; x_wconf 82' lang='lat' dir='ltr'><strong>Danai</strong></span> <span class='ocrx_word' id='word_1_390' title='bbox 1715 1586 1826 1625; x_wconf 86' lang='lat' dir='ltr'><strong>proles</strong></span> 
     </span>
     <span class='ocr_line' id='line_1_80' title="bbox 1142 1635 1827 1675; baseline 0.001 -9"><span class='ocrx_word' id='word_1_391' title='bbox 1142 1635 1285 1666; x_wconf 86' lang='lat' dir='ltr'><strong>Veneris</strong></span> <span class='ocrx_word' id='word_1_392' title='bbox 1308 1635 1398 1675; x_wconf 89' lang='lat' dir='ltr'><strong>quod</strong></span> <span class='ocrx_word' id='word_1_393' title='bbox 1421 1636 1555 1666; x_wconf 87' lang='lat' dir='ltr'><strong>numina</strong></span> <span class='ocrx_word' id='word_1_394' title='bbox 1577 1635 1730 1672; x_wconf 70' lang='lat' dir='ltr'><strong>laesit‚1n</strong></span> <span class='ocrx_word' id='word_1_395' title='bbox 1744 1645 1827 1667; x_wconf 84' lang='lat' dir='ltr'><strong>cava</strong></span> 
     </span>
     <span class='ocr_line' id='line_1_81' title="bbox 1144 1682 1827 1724; baseline 0.001 -11"><span class='ocrx_word' id='word_1_396' title='bbox 1144 1682 1298 1713; x_wconf 71' lang='lat' dir='ltr'><strong>Lethaeas</strong></span> <span class='ocrx_word' id='word_1_397' title='bbox 1313 1682 1402 1712; x_wconf 86' lang='lat' dir='ltr'><strong>dolia</strong></span> <span class='ocrx_word' id='word_1_398' title='bbox 1426 1687 1540 1722; x_wconf 87' lang='lat' dir='ltr'><strong>portat</strong></span> <span class='ocrx_word' id='word_1_399' title='bbox 1555 1683 1681 1724; x_wconf 56' lang='lat' dir='ltr'><strong>aquas?</strong></span> <span class='ocrx_word' id='word_1_400' title='bbox 1715 1683 1827 1723; x_wconf 81' lang='lat' dir='ltr'><strong>Vulgo</strong></span> 
     </span>
     <span class='ocr_line' id='line_1_82' title="bbox 1143 1729 1827 1771; baseline 0.003 -11"><span class='ocrx_word' id='word_1_401' title='bbox 1143 1734 1153 1748; x_wconf 83' lang='lat'><em>‘</em></span> <span class='ocrx_word' id='word_1_402' title='bbox 1171 1729 1364 1761; x_wconf 84' lang='lat' dir='ltr'><strong>Danaides’</strong></span> <span class='ocrx_word' id='word_1_403' title='bbox 1391 1734 1565 1769; x_wconf 85' lang='lat' dir='ltr'><strong>vocantur,</strong></span> <span class='ocrx_word' id='word_1_404' title='bbox 1591 1739 1612 1761; x_wconf 88' lang='lat' dir='ltr'><strong>a</strong></span> <span class='ocrx_word' id='word_1_405' title='bbox 1640 1734 1735 1771; x_wconf 78' lang='lat' dir='ltr'><strong>patre</strong></span> <span class='ocrx_word' id='word_1_406' title='bbox 1756 1732 1827 1762; x_wconf 85' lang='lat' dir='ltr'><strong>Da-</strong></span> 
     </span>
     <span class='ocr_line' id='line_1_83' title="bbox 1144 1777 1827 1813; baseline 0.003 -4"><span class='ocrx_word' id='word_1_407' title='bbox 1144 1787 1220 1813; x_wconf 88' lang='lat' dir='ltr'><strong>nao,</strong></span> <span class='ocrx_word' id='word_1_408' title='bbox 1245 1783 1282 1809; x_wconf 86' lang='lat' dir='ltr'><strong>ut</strong></span> <span class='ocrx_word' id='word_1_409' title='bbox 1304 1777 1348 1808; x_wconf 87' lang='lat' dir='ltr'><strong>ab</strong></span> <span class='ocrx_word' id='word_1_410' title='bbox 1373 1787 1434 1808; x_wconf 82' lang='lat' dir='ltr'><strong>avo</strong></span> <span class='ocrx_word' id='word_1_411' title='bbox 1454 1778 1539 1809; x_wconf 80' lang='lat' dir='ltr'><strong>Belo</strong></span> <span class='ocrx_word' id='word_1_412' title='bbox 1567 1778 1668 1809; x_wconf 88' lang='lat' dir='ltr'><strong>etiam</strong></span> <span class='ocrx_word' id='word_1_413' title='bbox 1691 1779 1827 1811; x_wconf 68' lang='lat' dir='ltr'><strong>Belides.</strong></span> 
     </span>
     <span class='ocr_line' id='line_1_84' title="bbox 1143 1825 1828 1866; baseline 0.003 -10"><span class='ocrx_word' id='word_1_414' title='bbox 1143 1826 1219 1857; x_wconf 89' lang='lat' dir='ltr'><strong>Beli</strong></span> <span class='ocrx_word' id='word_1_415' title='bbox 1243 1825 1330 1856; x_wconf 90' lang='lat' dir='ltr'><strong>enim</strong></span> <span class='ocrx_word' id='word_1_416' title='bbox 1354 1825 1414 1857; x_wconf 87' lang='lat' dir='ltr'><strong>filii</strong></span> <span class='ocrx_word' id='word_1_417' title='bbox 1438 1827 1602 1866; x_wconf 82' lang='lat' dir='ltr'><strong>AEgyptus</strong></span> <span class='ocrx_word' id='word_1_418' title='bbox 1626 1831 1662 1858; x_wconf 87' lang='lat' dir='ltr'><strong>et</strong></span> <span class='ocrx_word' id='word_1_419' title='bbox 1675 1827 1828 1866; x_wconf 79' lang='lat' dir='ltr'><strong>Danaus,</strong></span> 
     </span>
     <span class='ocr_line' id='line_1_85' title="bbox 1144 1873 1829 1916; baseline 0.003 -12"><span class='ocrx_word' id='word_1_420' title='bbox 1144 1883 1284 1914; x_wconf 88' lang='lat' dir='ltr'><strong>quorum</strong></span> <span class='ocrx_word' id='word_1_421' title='bbox 1311 1874 1368 1905; x_wconf 90' lang='lat' dir='ltr'><strong>ille</strong></span> <span class='ocrx_word' id='word_1_422' title='bbox 1390 1873 1467 1906; x_wconf 83' lang='lat' dir='ltr'><strong>filiis</strong></span> <span class='ocrx_word' id='word_1_423' title='bbox 1495 1875 1563 1906; x_wconf 83' lang='lat' dir='ltr'><strong>suis</strong></span> <span class='ocrx_word' id='word_1_424' title='bbox 1586 1875 1829 1916; x_wconf 76' lang='lat' dir='ltr'><strong>quinquaginta</strong></span> 
     </span>
     <span class='ocr_line' id='line_1_86' title="bbox 1143 1922 1828 1962; baseline 0.001 -9"><span class='ocrx_word' id='word_1_425' title='bbox 1143 1931 1292 1962; x_wconf 87' lang='lat' dir='ltr'><strong>numero,</strong></span> <span class='ocrx_word' id='word_1_426' title='bbox 1315 1922 1455 1954; x_wconf 86' lang='lat' dir='ltr'><strong>totidem</strong></span> <span class='ocrx_word' id='word_1_427' title='bbox 1477 1922 1590 1962; x_wconf 78' lang='lat' dir='ltr'><strong>fratris</strong></span> <span class='ocrx_word' id='word_1_428' title='bbox 1609 1923 1694 1954; x_wconf 77' lang='lat' dir='ltr'><strong>filias</strong></span> <span class='ocrx_word' id='word_1_429' title='bbox 1709 1930 1828 1954; x_wconf 74' lang='lat' dir='ltr'><strong>uxores</strong></span> 
     </span>
     <span class='ocr_line' id='line_1_87' title="bbox 1143 1970 1825 2010; baseline 0.003 -10"><span class='ocrx_word' id='word_1_430' title='bbox 1143 1970 1265 2010; x_wconf 81' lang='lat' dir='ltr'><strong>petiit:</strong></span> <span class='ocrx_word' id='word_1_431' title='bbox 1286 1970 1375 2000; x_wconf 90' lang='lat' dir='ltr'><strong>unde</strong></span> <span class='ocrx_word' id='word_1_432' title='bbox 1399 1974 1436 2001; x_wconf 88' lang='lat' dir='ltr'><strong>et</strong></span> <span class='ocrx_word' id='word_1_433' title='bbox 1456 1975 1465 1990; x_wconf 83' lang='lat'><em>‘</em></span> <span class='ocrx_word' id='word_1_434' title='bbox 1479 1971 1664 2002; x_wconf 78' lang='lat' dir='ltr'><strong>Danaidum</strong></span> <span class='ocrx_word' id='word_1_435' title='bbox 1681 1971 1825 2003; x_wconf 84' lang='lat' dir='ltr'><strong>dolium’</strong></span> 
     </span>
     <span class='ocr_line' id='line_1_88' title="bbox 1142 2017 1825 2056; baseline 0.001 -9"><span class='ocrx_word' id='word_1_436' title='bbox 1142 2017 1322 2056; x_wconf 86' lang='lat' dir='ltr'><strong>proverbio</strong></span> <span class='ocrx_word' id='word_1_437' title='bbox 1345 2017 1549 2056; x_wconf 82' lang='lat' dir='ltr'><strong>celebratur,</strong></span> <span class='ocrx_word' id='word_1_438' title='bbox 1572 2027 1633 2056; x_wconf 87' lang='lat' dir='ltr'><strong>pro</strong></span> <span class='ocrx_word' id='word_1_439' title='bbox 1655 2017 1766 2048; x_wconf 85' lang='lat' dir='ltr'><strong>inutili</strong></span> <span class='ocrx_word' id='word_1_440' title='bbox 1779 2017 1825 2048; x_wconf 76' lang='lat' dir='ltr'><strong>la&#39;·</strong></span> 
     </span>
     <span class='ocr_line' id='line_1_89' title="bbox 1143 2064 1828 2104; baseline 0.003 -10"><span class='ocrx_word' id='word_1_441' title='bbox 1143 2064 1236 2102; x_wconf 87' lang='lat' dir='ltr'><strong>bore,</strong></span> <span class='ocrx_word' id='word_1_442' title='bbox 1259 2067 1298 2095; x_wconf 90' lang='lat' dir='ltr'><strong>ut</strong></span> <span class='ocrx_word' id='word_1_443' title='bbox 1317 2069 1353 2095; x_wconf 86' lang='lat' dir='ltr'><strong>et</strong></span> <span class='ocrx_word' id='word_1_444' title='bbox 1377 2065 1509 2095; x_wconf 85' lang='lat' dir='ltr'><strong>‘cribro</strong></span> <span class='ocrx_word' id='word_1_445' title='bbox 1532 2073 1651 2104; x_wconf 85' lang='lat' dir='ltr'><strong>aquam</strong></span> <span class='ocrx_word' id='word_1_446' title='bbox 1671 2064 1828 2097; x_wconf 65' lang='lat' dir='ltr'><strong>haurire!</strong></span> 
     </span>
     <span class='ocr_line' id='line_1_90' title="bbox 1145 2111 1718 2151; baseline 0.003 -10"><span class='ocrx_word' id='word_1_447' title='bbox 1145 2111 1286 2142; x_wconf 66' lang='lat' dir='ltr'><strong>Torreat.</strong></span> <span class='ocrx_word' id='word_1_448' title='bbox 1331 2112 1469 2151; x_wconf 70' lang='lat' dir='ltr'><strong>Pueuas]</strong></span> <span class='ocrx_word' id='word_1_449' title='bbox 1493 2112 1604 2142; x_wconf 80' lang='lat' dir='ltr'><strong>Danai</strong></span> <span class='ocrx_word' id='word_1_450' title='bbox 1621 2111 1718 2143; x_wconf 74' lang='lat' dir='ltr'><strong>filins.</strong></span> 
     </span>
    </p>

    <p class='ocr_par' dir='ltr' id='par_1_24' title="bbox 1142 2159 1826 2442">
     <span class='ocr_line' id='line_1_91' title="bbox 1182 2159 1826 2201; baseline 0.003 -11"><span class='ocrx_word' id='word_1_451' title='bbox 1182 2161 1222 2190; x_wconf 86' lang='grc'><strong>25</strong></span> <span class='ocrx_word' id='word_1_452' title='bbox 1245 2159 1364 2190; x_wconf 78' lang='lat' dir='ltr'><strong>Audiat</strong></span> <span class='ocrx_word' id='word_1_453' title='bbox 1378 2159 1464 2199; x_wconf 68' lang='lat' dir='ltr'><strong>hyde</strong></span> <span class='ocrx_word' id='word_1_454' title='bbox 1478 2159 1588 2200; x_wconf 58' lang='lat' dir='ltr'><strong>scelus]</strong></span> <span class='ocrx_word' id='word_1_455' title='bbox 1610 2159 1738 2192; x_wconf 85' lang='lat' dir='ltr'><strong>Audiat</strong></span> <span class='ocrx_word' id='word_1_456' title='bbox 1761 2162 1826 2201; x_wconf 86' lang='lat' dir='ltr'><strong>Ly-</strong></span> 
     </span>
     <span class='ocr_line' id='line_1_92' title="bbox 1142 2206 1823 2250; baseline 0.007 -13"><span class='ocrx_word' id='word_1_457' title='bbox 1142 2206 1196 2246; x_wconf 88' lang='lat' dir='ltr'><strong>de,</strong></span> <span class='ocrx_word' id='word_1_458' title='bbox 1211 2216 1293 2248; x_wconf 81' lang='lat' dir='ltr'><strong>quas</strong></span> <span class='ocrx_word' id='word_1_459' title='bbox 1318 2216 1432 2247; x_wconf 82' lang='lat' dir='ltr'><strong>poenas</strong></span> <span class='ocrx_word' id='word_1_460' title='bbox 1455 2208 1544 2247; x_wconf 83' lang='lat' dir='ltr'><strong>apud</strong></span> <span class='ocrx_word' id='word_1_461' title='bbox 1571 2207 1694 2240; x_wconf 72' lang='lat' dir='ltr'><strong>inferos</strong></span> <span class='ocrx_word' id='word_1_462' title='bbox 1717 2209 1823 2250; x_wconf 78' lang='lat' dir='ltr'><strong>luant,</strong></span> 
     </span>
     <span class='ocr_line' id='line_1_93' title="bbox 1142 2256 1826 2297; baseline 0.006 -11"><span class='ocrx_word' id='word_1_463' title='bbox 1142 2265 1217 2297; x_wconf 86' lang='lat' dir='ltr'><strong>quae</strong></span> <span class='ocrx_word' id='word_1_464' title='bbox 1242 2256 1310 2286; x_wconf 81' lang='lat' dir='ltr'><strong>suis</strong></span> <span class='ocrx_word' id='word_1_465' title='bbox 1340 2257 1540 2287; x_wconf 81' lang='lat' dir='ltr'><strong>amatoribus</strong></span> <span class='ocrx_word' id='word_1_466' title='bbox 1564 2257 1750 2290; x_wconf 68' lang='lat' dir='ltr'><strong>inhumane</strong></span> <span class='ocrx_word' id='word_1_467' title='bbox 1774 2258 1826 2290; x_wconf 78' lang='lat' dir='ltr'><strong>fu·-</strong></span> 
     </span>
     <span class='ocr_line' id='line_1_94' title="bbox 1142 2304 1824 2346; baseline 0.009 -12"><span class='ocrx_word' id='word_1_468' title='bbox 1142 2308 1251 2335; x_wconf 90' lang='lat' dir='ltr'><strong>erunt.</strong></span> <span class='ocrx_word' id='word_1_469' title='bbox 1286 2304 1388 2335; x_wconf 72' lang='lat' dir='ltr'><strong>Notas</strong></span> <span class='ocrx_word' id='word_1_470' title='bbox 1407 2306 1527 2346; x_wconf 76' lang='lat' dir='ltr'><strong>poenas]</strong></span> <span class='ocrx_word' id='word_1_471' title='bbox 1551 2305 1622 2336; x_wconf 87' lang='lat' dir='ltr'><strong>Aut</strong></span> <span class='ocrx_word' id='word_1_472' title='bbox 1645 2315 1690 2337; x_wconf 85' lang='lat' dir='ltr'><strong>ex</strong></span> <span class='ocrx_word' id='word_1_473' title='bbox 1711 2316 1824 2339; x_wconf 78' lang='lat' dir='ltr'><strong>narra·</strong></span> 
     </span>
     <span class='ocr_line' id='line_1_95' title="bbox 1145 2354 1826 2395; baseline 0.004 -11"><span class='ocrx_word' id='word_1_474' title='bbox 1145 2354 1235 2385; x_wconf 81' lang='lat' dir='ltr'><strong>tione</strong></span> <span class='ocrx_word' id='word_1_475' title='bbox 1257 2355 1429 2393; x_wconf 80' lang='lat' dir='ltr'><strong>cognitas;</strong></span> <span class='ocrx_word' id='word_1_476' title='bbox 1454 2359 1514 2385; x_wconf 87' lang='lat' dir='ltr'><strong>aut</strong></span> <span class='ocrx_word' id='word_1_477' title='bbox 1539 2354 1686 2395; x_wconf 78' lang='lat' dir='ltr'><strong>insignes</strong></span> <span class='ocrx_word' id='word_1_478' title='bbox 1711 2355 1826 2387; x_wconf 78' lang='lat' dir='ltr'><strong>imma-</strong></span> 
     </span>
     <span class='ocr_line' id='line_1_96' title="bbox 1144 2402 1400 2442; baseline -0.004 -10"><span class='ocrx_word' id='word_1_479' title='bbox 1144 2411 1281 2442; x_wconf 85' lang='lat' dir='ltr'><strong>nesque.</strong></span> <span class='ocrx_word' id='word_1_480' title='bbox 1304 2402 1400 2441; x_wconf 86' lang='lat' dir='ltr'><strong>Cruq.</strong></span> 
     </span>
    </p>

    <p class='ocr_par' dir='ltr' id='par_1_25' title="bbox 1144 2450 1849 2578">
     <span class='ocr_line' id='line_1_97' title="bbox 1184 2450 1824 2494; baseline 0.006 -14"><span class='ocrx_word' id='word_1_481' title='bbox 1184 2453 1224 2481; x_wconf 81' lang='grc'><strong>27</strong></span> <span class='ocrx_word' id='word_1_482' title='bbox 1248 2450 1376 2481; x_wconf 78' lang='lat' dir='ltr'><strong>Dolium</strong></span> <span class='ocrx_word' id='word_1_483' title='bbox 1399 2450 1516 2491; x_wconf 80' lang='lat' dir='ltr'><strong>fundo]</strong></span> <span class='ocrx_word' id='word_1_484' title='bbox 1553 2451 1690 2483; x_wconf 86' lang='lat' dir='ltr'><strong>Dolium</strong></span> <span class='ocrx_word' id='word_1_485' title='bbox 1728 2461 1824 2494; x_wconf 78' lang='lat' dir='ltr'><strong>aquae</strong></span> 
     </span>
     <span class='ocr_line' id='line_1_98' title="bbox 1144 2499 1849 2539; baseline 0.004 -10"><span class='ocrx_word' id='word_1_486' title='bbox 1144 2507 1296 2538; x_wconf 82' lang='lat' dir='ltr'><strong>vacuum,</strong></span> <span class='ocrx_word' id='word_1_487' title='bbox 1321 2499 1399 2539; x_wconf 86' lang='lat' dir='ltr'><strong>quia</strong></span> <span class='ocrx_word' id='word_1_488' title='bbox 1422 2503 1597 2539; x_wconf 80' lang='lat' dir='ltr'><strong>pertusum</strong></span> <span class='ocrx_word' id='word_1_489' title='bbox 1618 2505 1672 2532; x_wconf 83' lang='lat' dir='ltr'><strong>est</strong></span> <span class='ocrx_word' id='word_1_490' title='bbox 1695 2504 1732 2532; x_wconf 83' lang='lat' dir='ltr'><strong>et</strong></span> <span class='ocrx_word' id='word_1_491' title='bbox 1756 2501 1849 2532; x_wconf 82' lang='lat' dir='ltr'><strong>sine.</strong></span> 
     </span>
     <span class='ocr_line' id='line_1_99' title="bbox 1144 2545 1260 2578; baseline 0 0"><span class='ocrx_word' id='word_1_492' title='bbox 1144 2545 1260 2578; x_wconf 86' lang='lat' dir='ltr'><strong>fundo.</strong></span> 
     </span>
    </p>

    <p class='ocr_par' dir='ltr' id='par_1_26' title="bbox 1144 2594 1825 2782">
     <span class='ocr_line' id='line_1_100' title="bbox 1186 2594 1825 2635; baseline 0.005 -10"><span class='ocrx_word' id='word_1_493' title='bbox 1186 2598 1228 2626; x_wconf 83' lang='lat'><strong>28</strong></span> <span class='ocrx_word' id='word_1_494' title='bbox 1257 2594 1394 2634; x_wconf 73' lang='lat' dir='ltr'><strong>seraque</strong></span> <span class='ocrx_word' id='word_1_495' title='bbox 1419 2594 1510 2635; x_wconf 76' lang='lat' dir='ltr'><strong>sata]</strong></span> <span class='ocrx_word' id='word_1_496' title='bbox 1547 2596 1714 2628; x_wconf 74' lang='lat' dir='ltr'><strong>Vocamus</strong></span> <span class='ocrx_word' id='word_1_497' title='bbox 1741 2595 1825 2634; x_wconf 73' lang='lat' dir='ltr'><strong>fata,</strong></span> 
     </span>
     <span class='ocr_line' id='line_1_101' title="bbox 1144 2644 1824 2684; baseline 0.001 -9"><span class='ocrx_word' id='word_1_498' title='bbox 1144 2653 1354 2684; x_wconf 60' lang='lat' dir='ltr'><strong>quecunque</strong></span> <span class='ocrx_word' id='word_1_499' title='bbox 1388 2644 1483 2676; x_wconf 86' lang='lat' dir='ltr'><strong>uobis</strong></span> <span class='ocrx_word' id='word_1_500' title='bbox 1518 2645 1689 2684; x_wconf 81' lang='lat' dir='ltr'><strong>eveniunt,</strong></span> <span class='ocrx_word' id='word_1_501' title='bbox 1724 2645 1824 2676; x_wconf 73' lang='lat' dir='ltr'><strong>etism</strong></span> 
     </span>
     <span class='ocr_line' id='line_1_102' title="bbox 1145 2691 1824 2732; baseline 0.003 -10"><span class='ocrx_word' id='word_1_502' title='bbox 1145 2696 1286 2724; x_wconf 85' lang='lat' dir='ltr'><strong>mortem</strong></span> <span class='ocrx_word' id='word_1_503' title='bbox 1307 2692 1426 2732; x_wconf 77' lang='lat' dir='ltr'><strong>ipsam.</strong></span> <span class='ocrx_word' id='word_1_504' title='bbox 1470 2692 1547 2724; x_wconf 76' lang='lat' dir='ltr'><strong>Hoc</strong></span> <span class='ocrx_word' id='word_1_505' title='bbox 1568 2701 1647 2724; x_wconf 79' lang='lat' dir='ltr'><strong>vero</strong></span> <span class='ocrx_word' id='word_1_506' title='bbox 1662 2693 1736 2724; x_wconf 79' lang='lat' dir='ltr'><strong>loco</strong></span> <span class='ocrx_word' id='word_1_507' title='bbox 1749 2691 1824 2730; x_wconf 69' lang='lat' dir='ltr'><strong>suta</strong></span> 
     </span>
     <span class='ocr_line' id='line_1_103' title="bbox 1145 2739 1823 2782; baseline 0 -10"><span class='ocrx_word' id='word_1_508' title='bbox 1145 2745 1256 2782; x_wconf 79' lang='lat' dir='ltr'><strong>vocat,</strong></span> <span class='ocrx_word' id='word_1_509' title='bbox 1267 2750 1382 2782; x_wconf 74' lang='lat' dir='ltr'><strong>poenas</strong></span> <span class='ocrx_word' id='word_1_510' title='bbox 1402 2741 1487 2781; x_wconf 72' lang='lat' dir='ltr'><strong>illas,</strong></span> <span class='ocrx_word' id='word_1_511' title='bbox 1513 2749 1588 2782; x_wconf 66' lang='lat' dir='ltr'><strong>qun</strong></span> <span class='ocrx_word' id='word_1_512' title='bbox 1608 2743 1686 2782; x_wconf 77' lang='lat' dir='ltr'><strong>post</strong></span> <span class='ocrx_word' id='word_1_513' title='bbox 1695 2739 1823 2778; x_wconf 75' lang='lat' dir='ltr'><strong>obitum</strong></span> 
     </span>
    </p>
   </div>
  </div>
 </body>
</html>
