1930 3204
355 270 467 310 1542
812 276 950 307 uoTAE

357 372 391 402 ni
402 371 530 410 fallor‚‘
543 370 712 411 gradarios
722 369 730 382 '
741 368 894 407 dicimus,
906 370 962 410 qui
976 370 1039 401 tol·

356 421 450 451 lutim
467 427 503 451 et
517 420 609 450 nulla
623 419 768 449 vectoris
781 418 934 449 molestia
947 419 1038 450 ince-

357 469 439 500 dunt
455 480 462 500 :
489 474 526 500 ut
542 478 564 499 1.
580 469 688 507 Epist.
703 471 732 499 7.
752 467 893 499 Torreat.

409 521 447 547 15
477 517 687 556 Sedilibusque
717 526 847 555 mugnus
872 517 905 547 in
930 517 1040 556 primis

355 566 457 605 eques]
473 566 590 596 Menas
603 564 713 596 factus
720 566 884 596 Tribunus
899 566 1038 595 militum

355 614 452 644 sedet
474 614 505 643 in
530 614 643 653 primis
660 613 828 644 ordinibus
854 620 971 644 contra
992 615 1038 644 le-

355 672 430 701 gem
459 672 478 692 a
506 663 627 694 Roscio
658 663 792 694 Othone
823 664 936 702 latam,
974 673 1039 703 qua

353 713 517 742 sancitum
544 717 629 751 erat,
652 722 692 742 ne
708 713 780 752 quis
799 721 840 742 ex
856 712 968 742 infimo
983 713 1038 742 ho-

354 761 477 791 minnm
493 770 618 800 genere
635 761 729 792 fieret
745 771 856 802 eques,
872 767 928 792 aut
945 762 1039 792 sede-

355 815 408 840 ret
437 811 524 846 intra
552 811 873 851 quartumdecimum
917 811 1037 842 theatri

354 859 507 898 gradum.
530 861 649 891 Menas
661 862 763 900 igitur
774 861 918 892 Othonis
930 862 1038 900 legem

355 910 544 944 contemsit,
554 910 640 949 qnod
653 909 833 950 aliquando
848 908 958 939 fuerat
972 918 1039 939 ser-

355 966 425 995 vus,
448 958 511 988 etsi
528 959 600 997 jam
615 958 838 998 quadraginta
855 958 957 988 millia
972 967 1038 988 ses·

356 1006 492 1036 tertium
509 1006 642 1037 habeat.

398 1057 436 1084 17
452 1055 535 1089 Quid
546 1056 675 1095 attinet]
699 1056 788 1087 Quid
803 1056 941 1095 prodest
955 1057 1039 1086 clas-

353 1113 423 1134 sem
440 1103 481 1134 ab
498 1104 652 1143 Augusto
668 1105 788 1134 armari
812 1110 931 1134 contra
953 1106 1039 1143 pira-

354 1158 416 1191 tas,
435 1159 470 1183 et
487 1162 600 1183 servos
616 1152 778 1192 fugitivos
802 1152 899 1192 (quos
916 1154 1038 1183 Sextus

354 1203 537 1242 Pompeius
553 1204 655 1233 armis
675 1203 852 1241 instruxit)
879 1202 904 1232 si
921 1203 1039 1233 Menas

353 1252 426 1291 ipse
453 1252 575 1291 pirata,
598 1258 633 1282 et
656 1261 783 1287 servus,
813 1253 856 1282 sit
887 1251 1039 1282 tribunus

352 1300 506 1330 militum.
534 1301 590 1331 Tot
610 1299 680 1340 ora]
725 1301 837 1331 Naves
866 1305 1039 1341 rostratas,

356 1358 494 1388 quarum
517 1358 652 1379 sumuuae
674 1354 784 1389 partes
800 1358 867 1379 aere
886 1353 921 1380 et
947 1348 1038 1379 ferro

355 1399 590 1430 suntniunitae.
616 1400 680 1430 Ora
691 1398 829 1437 navium]
852 1399 1038 1430 AEreisros-

354 1447 413 1476 tris
428 1447 640 1477 armabantur
655 1457 757 1477 naves
776 1447 924 1484 bellicae3
953 1449 1038 1477 nude

352 1501 388 1526 et
401 1497 410 1513 ‘
421 1495 556 1527 aeratas'
570 1501 606 1526 et
620 1500 628 1512 ‘
643 1498 818 1526 rostratas·
833 1496 955 1533 passim
973 1496 1036 1526 dici

353 1545 530 1575 cernimus.
575 1546 642 1574 Ora
663 1544 765 1584 igitur
792 1548 888 1575 vocat
915 1545 1036 1576 Horat.

353 1599 480 1631 rostra;
512 1598 549 1623 ut
572 1598 609 1624 et
638 1598 779 1624 rostrum
806 1603 865 1633 pro
891 1603 948 1624 ore
972 1603 1035 1624 ιιοιι

351 1643 456 1672 solum
483 1643 630 1681 cujusvis
656 1643 818 1680 annuntiis,
840 1642 898 1673 sed
922 1647 957 1673 et
979 1644 1036 1673 ho-

353 1691 460 1730 minis,
485 1701 576 1730 saepe
599 1693 778 1731 accipitur.
823 1691 911 1730 Virg.
935 1692 1036 1722 etiam

350 1739 513 1779 ‘Spumas
529 1740 606 1770 salis
624 1749 690 1770 aere
712 1739 853 1769 ruebant
865 1739 873 1752 ’
897 1749 970 1770 cum
987 1739 1037 1769 di-

351 1789 410 1827 cit,
422 1793 528 1820 rostra
539 1799 627 1819 oerea
639 1789 811 1828 intelligit.
835 1788 913 1819 Loci
925 1793 1036 1819 autem

349 1839 447 1878 hujus
464 1839 628 1869 sententia
649 1844 714 1877 est,
728 1847 903 1878 perperam
920 1837 1036 1868 adver-

351 1898 407 1919 sus
426 1889 572 1919 latrones
588 1898 765 1928 servosque
781 1889 922 1919 classem
946 1888 1035 1926 duci,

350 1937 444 1977 cujus
461 1936 645 1977 praefectus
661 1936 840 1967 tribunicia
855 1940 1036 1976 potestate,

349 1987 420 2026 ipse
434 1996 550 2017 servus
563 1997 601 2017 ac
615 1987 733 2027 quovis
747 1986 876 2016 latrone
888 1985 1036 2016 deterior

350 2035 405 2066 sit.
450 2036 614 2066 Existimo
639 2042 749 2067 autem
773 2034 815 2065 de
830 2044 871 2065 eo
887 2040 1036 2073 tempore

350 2083 439 2123 loqui
456 2083 611 2122 Puerum,
626 2093 691 2123 quo
708 2084 817 2114 victor
831 2083 900 2122 jam
924 2083 1038 2112 Caesar

349 2131 444 2162 Sext.
461 2131 613 2171 Pompeii
629 2132 784 2171 reliquias
802 2131 924 2161 Maenae
939 2130 1036 2169 hujus

349 2189 454 2219 opera
468 2180 743 2220 persequebatur.
768 2179 857 2210 Tor-r.

351 2230 467 2260 Epou.
487 2238 523 2261 v.
546 2229 588 2260 In
607 2228 796 2259 Caniniam
812 2235 1034 2259 VENEFchM.

391 2279 491 2319 [Cod.
508 2278 686 2318 Bamberg.
712 2278 751 2308 In
763 2278 936 2308 Canidiam.
955 2278 1035 2308 Con·

389 2336 476 2358 verso
504 2327 626 2358 nomine
643 2326 800 2357 ternarius
814 2325 976 2360 lumbicus,
991 2325 1036 2355 bi-

389 2378 498 2408 narius
512 2376 677 2416 lambiens,
691 2375 854 2415 epndicos]

392 2429 409 2458 1
421 2427 466 2457 At
479 2426 511 2466 ο]
536 2426 744 2456 Conveniens
759 2426 807 2455 rei
822 2434 918 2455 novae
934 2430 1035 2466 atque

349 2475 509 2506 inanditae
533 2483 592 2513 per
607 2473 887 2504 exclamationem
915 2473 1035 2512 princi·

349 2525 451 2564 pium.
469 2525 517 2554 sic
532 2523 619 2554 enim
636 2528 672 2553 et
691 2523 858 2561 Priamus,
879 2521 939 2552 filii
956 2527 1034 2552 ante

349 2573 452 2613 pedes
476 2582 552 2603 suos
578 2572 734 2603 trucidati
761 2572 887 2612 specie,
915 2571 1034 2603 merito

350 2622 586 2661 perturbatus:
619 2623 628 2639 ‘
640 2621 687 2652 At
716 2621 777 2652 tibi
806 2631 866 2661 pro
896 2621 1034 2660 scelere,

350 2671 527 2708 exclamat,
539 2681 600 2711 pro
616 2672 738 2701 talibus
753 2672 840 2702 ausis
855 2671 912 2709 Di,
927 2671 954 2701 si
970 2680 1034 2710 qua

349 2722 401 2748 est
413 2718 496 2748 coelo
513 2719 631 2757 pietas,
655 2729 729 2758 quae
743 2719 822 2750 talia
832 2724 940 2756 curet,
950 2719 1032 2749 Per-

347 2767 478 2798 solvant
490 2773 600 2806 grates
614 2767 756 2808 dignas!
787 2769 844 2808 Et,
855 2773 891 2800 ut
906 2774 997 2800 recte
1013 2778 1032 2799 a

982 276 1238 307 VARIORUM
1274 278 1323 307 ΙΝ

1089 371 1266 402 Francisco
1288 371 1422 402 Florido
1450 375 1599 403 notatum
1628 373 1773 412 memini,

1088 420 1251 459 particula
1266 421 1312 456 At
1327 421 1431 452 otiosa
1443 430 1506 452 non
1521 427 1586 461 est,
1602 426 1638 454 ut
1653 422 1683 454 si
1698 424 1771 463 quia

1087 473 1181 500 recte
1193 469 1361 509 observet,
1378 469 1516 501 mirifice
1527 479 1617 510 saepe
1629 477 1772 502 exornet

1088 519 1320 556 praestantium
1353 518 1526 558 poetarum
1556 520 1772 551 sententiam.

1087 567 1183 605 Virg.
1211 577 1291 598 saue
1322 573 1474 608 quartum
1500 566 1630 599 AEneid.
1652 568 1770 600 librum

1087 615 1135 645 sic
1151 625 1289 647 exorsus
1306 622 1370 655 est,
1399 621 1407 634 ‘
1423 616 1469 647 At
1494 617 1623 657 Regina
1653 617 1771 657 gravi:

1086 665 1147 693 &m
1169 664 1214 695 At
1227 666 1480 706 ⁰Deorum,&·c.]
1503 667 1679 699 Exclamat
1690 675 1772 706 puer

1088 717 1323 754 praetextatus,
1333 723 1429 754 quem
1442 713 1555 744 furtim
1568 720 1698 754 raptum
1709 714 1772 746 Ca-

1087 760 1179 791 nidia
1200 762 1338 802 aliaeque
1355 761 1514 793 venefieae
1535 767 1648 794 mento
1672 767 1770 794 tenus

1087 808 1149 839 sub
1161 814 1252 840 terra
1263 810 1477 849 defoderant,
1487 811 1638 852 fameque
1651 820 1771 845 necare

1087 855 1349 897 constituerant}
1375 865 1412 890 ut
1436 869 1479 890 ex
1505 860 1577 899 ejus
1593 860 1711 900 jecore
1735 865 1771 890 et

1087 907 1244 942 medulla,
1273 913 1345 938 arte
1379 909 1650 949 Necromantica,
1688 909 1770 948 phil-

1088 960 1187 989 trum.
1218 964 1276 985 seu
1303 956 1457 995 poculum
1483 957 1603 987 amorio
1625 955 1771 988 confice-

1086 1010 1172 1035 rent.
1234 1006 1420 1044 Exclamat,
1441 1005 1588 1046 inquam,
1611 1005 1642 1036 0
1659 1011 1771 1037 omnes

1087 1055 1158 1093 Dii,
1180 1056 1236 1095 qui
1261 1055 1374 1095 regitis
1406 1060 1514 1086 terras
1544 1053 1771 1095 hominesquez

1090 1104 1248 1144 Quidquid
1263 1104 1296 1134 in
1311 1104 1384 1134 coelo
1396 1103 1495 1142 regit]
1527 1102 1686 1142 Quidquid
1701 1103 1772 1143 qui-

1086 1153 1163 1183 dem
1194 1153 1318 1183 liabent
1350 1154 1432 1183 Mss.
1462 1161 1603 1184 omnes:
1625 1152 1685 1182 sed
1714 1151 1772 1184 alii

1086 1202 1181 1240 regit,
1197 1202 1250 1232 alii
1266 1202 1360 1239 regis.
1399 1201 1438 1232 In
1453 1201 1582 1232 duobus
1595 1202 1698 1233 etiam
1715 1201 1774 1232 ad-

1087 1252 1265 1290 scriptum,
1298 1249 1454 1290 Quidquid
1482 1251 1616 1287 ‹lem-um,
1643 1249 1676 1280 id
1708 1255 1773 1285 est,

1086 1308 1270 1339 quoecunque
1290 1303 1443 1339 potestas?
1465 1300 1497 1330 iu
1514 1308 1578 1330 uno
1593 1302 1774 1340 preterea,

1086 1347 1148 1379 sice
1163 1349 1249 1387 deus,
1263 1349 1326 1380 sive
1340 1349 1426 1379 aliud
1441 1357 1532 1389 quam
1544 1349 1629 1380 deus.
1671 1348 1772 1387 Regi·

1087 1397 1187 1427 etiam
1216 1407 1313 1437 quam
1342 1397 1424 1435 regit
1454 1397 1580 1436 malim,
1614 1399 1652 1427 ut
1679 1404 1771 1428 more

1085 1444 1227 1476 humano
1240 1445 1272 1475 in
1291 1450 1385 1476 tanto
1409 1445 1603 1476 discrimine
1617 1444 1696 1475 deon
1711 1443 1770 1475 ob-

1087 1497 1239 1524 testetur.
1291 1493 1366 1532 [Ast
1395 1494 1476 1533 legit
1505 1493 1684 1525 Cledonius
1714 1503 1772 1534 ap.

1089 1543 1227 1573 Putscli.
1245 1551 1274 1572 c.
1293 1541 1402 1581 1931]

1128 1593 1147 1621 3
1163 1591 1247 1627 Quid
1276 1591 1334 1621 iste
1349 1591 1434 1631 sert]
1459 1591 1548 1623 Quid
1579 1589 1691 1629 affert,
1714 1592 1767 1623 vel

1085 1640 1164 1679 quid
1178 1640 1238 1670 sibi
1255 1640 1326 1670 vult
1342 1640 1407 1670 ista
1429 1640 1631 1670 tumultuosa
1654 1641 1771 1672 mulie—

1088 1698 1158 1719 rum
1174 1689 1364 1720 festinatio?
1394 1688 1638 1727 TumultusJTot
1651 1698 1772 1730 nempe

1087 1738 1119 1767 iu
1151 1740 1247 1767 unius
1280 1738 1373 1778 pueri
1402 1738 1542 1768 exitium
1579 1739 1772 1777 compti-am

1088 1787 1178 1817 tibus
1195 1787 1362 1818 veneficis.
1397 1787 1480 1822 Quid
1501 1786 1650 1827 omnium]
1682 1787 1773 1820 Quid

1086 1836 1232 1866 omnium
1249 1837 1359 1867 vultus
1380 1841 1499 1867 contra
1523 1845 1576 1867 me
1595 1837 1699 1868 solum
1717 1847 1772 1869 vo·

1085 1885 1181 1916 lunt?

1128 1938 1146 1965 5
1170 1935 1235 1966 Per
1248 1936 1360 1967 liberos
1374 1936 1419 1976 te]
1443 1936 1472 1967 E
1491 1936 1603 1967 multis
1627 1945 1768 1967 concur·

1087 1985 1248 2024 rentibus,
1271 1986 1442 2016 Canidiam
1468 1990 1635 2025 tamqnam
1651 1985 1771 2016 ducem

1086 2034 1274 2073 alloquitur.
1313 2034 1412 2066 Quod
1425 2043 1503 2064 vero
1513 2033 1642 2064 addunt
1652 2033 1772 2064 Gram·

1087 2083 1212 2118 matici,
1243 2082 1414 2113 Canidiam
1442 2083 1547 2112 tacito
1575 2081 1771 2120 insimulari,

1086 2131 1178 2170 quasi
1195 2140 1292 2160 veros
1316 2139 1496 2170 numquam
1522 2135 1636 2170 partus
1655 2130 1771 2161 edide-

1087 2180 1142 2218 rit,
1159 2179 1228 2219 ipsa
1243 2189 1362 2219 nempe
1378 2179 1514 2218 sterilis,
1537 2179 1596 2210 sed
1621 2179 1770 2219 supposi-

1086 2229 1128 2259 tis
1146 2229 1207 2259 sibi
1225 2229 1336 2260 liberis
1363 2229 1478 2259 matris
1503 2237 1624 2259 nomen
1651 2229 1770 2259 menti-

1087 2286 1158 2315 euS,
1180 2277 1213 2307 id
1230 2276 1309 2307 mihi
1331 2285 1395 2307 uon
1424 2277 1550 2316 liquet3
1577 2285 1638 2308 nec
1664 2277 1771 2317 impu·

1086 2326 1157 2357 beri
1172 2326 1278 2356 adhuc
1298 2335 1403 2365 puero
1431 2327 1552 2356 idonea
1575 2325 1649 2356 talis
1663 2326 1770 2357 oratio

1026 2405 1030 2410 ,
1085 2381 1158 2406 est:
1186 2382 1222 2406 ut
1237 2380 1367 2406 taceam
1384 2374 1512 2405 frustra
1528 2375 1656 2415 sperari
1673 2373 1771 2407 mise·

1085 2425 1262 2456 ric-ordiam
1289 2424 1331 2455 ab
1348 2433 1400 2462 eo,
1425 2433 1523 2464 quem
1540 2424 1665 2455 irrites.
1684 2424 1770 2456 Sim-

1086 2476 1219 2516 pliciter
1233 2475 1334 2514 igitur
1349 2474 1550 2511 obtestatur,
1572 2479 1621 2514 ut,
1645 2475 1674 2505 si
1691 2483 1770 2505 vera

1085 2531 1191 2555 mater
1205 2529 1268 2563 est,
1278 2533 1338 2564 pro
1353 2533 1412 2555 suo
1427 2532 1506 2563 erga
1522 2523 1672 2564 proprios
1687 2524 1770 2555 libe·

1085 2584 1137 2605 ros
1152 2583 1274 2613 amore,
1299 2573 1435 2604 alterius
1450 2582 1582 2614 quoque
1598 2573 1674 2605 filiis
1696 2583 1770 2614 par·

1084 2627 1149 2654 cat.
1183 2622 1269 2653 Olim
1287 2622 1372 2652 euim
1383 2622 1546 2662 jurabant
1558 2631 1619 2663 per
1629 2631 1680 2660 ea,
1692 2631 1766 2664 qum

1085 2681 1163 2702 cara
1191 2675 1298 2702 eraut.
1343 2671 1420 2701 Vid.
1455 2671 1557 2702 Turn.
1583 2679 1690 2703 xvux.
1713 2673 1764 2702 25ι

1085 2721 1149 2750 Per
1164 2720 1274 2751 liberos
1288 2720 1332 2760 te]
1365 2719 1396 2750 O
1410 2719 1549 2750 Canidia
1563 2729 1644 2759 rogo
1659 2725 1693 2751 te
1705 2724 1765 2758 per

1086 2770 1207 2802 liberos
1229 2775 1315 2808 tuos,
1340 2769 1368 2800 si
1389 2778 1470 2809 quos
1491 2777 1568 2800 vere
1591 2766 1763 2808 peperisti.
