1982 3230
332 307 443 348 1194
803 315 847 352 Q.
879 312 1085 343 noRATn
1122 312 1292 343 ηΑοοι

331 411 402 451 An
421 415 635 451 secretum
655 409 736 450 iter
756 411 799 449 et
818 407 1006 447 fallentis
1024 405 1179 446 semita
1197 407 1311 447 vitae.

331 470 413 517 Me'
425 477 591 530 quoties
611 475 748 515 reficit
764 472 931 526 gelidus
953 471 1161 525 Digentia
1175 471 1306 520 rivus,

332 541 476 592 Quem
499 540 706 581 Mandela
725 539 854 588 bibit,
874 550 1056 590 rugosus
1073 537 1230 588 frigore
1249 549 1403 590 pagus,
1672 537 1756 578 105

333 607 450 658 Quid
469 607 623 647 sentire
645 606 806 659 putas?
837 604 939 657 quid
961 603 1123 652 credis,
1145 604 1295 652 amice,
1315 604 1511 656 precari?

331 673 398 714 Sit
418 673 521 713 mihi
542 673 654 725 quod
675 684 788 712 nunc
805 675 897 722 est3
927 671 1057 711 etiam
1078 670 1245 710 minus:
1274 669 1438 710 etmihi
1459 669 1605 710 vivam

334 738 465 788 Quod
485 742 682 792 superest
701 738 801 787 aevi,
824 738 861 777 si
883 737 988 790 quid
1009 747 1242 788 superesse
1262 734 1412 776 volunt
1432 735 1513 775 Di:

332 804 401 845 Sit
420 806 536 846 bona
554 806 762 845 librorum
782 808 825 844 et
845 803 1032 856 provisae
1050 802 1185 854 frugis
1205 802 1250 842 in
1269 813 1421 841 annum

334 869 477 923 Copia
494 883 504 921 ;
534 883 617 911 neu
637 870 800 910 fluitem
821 869 967 910 dubiae
988 881 1067 922 spe
1089 866 1303 920 pendulus
1321 865 1457 906 horae.
1673 864 1757 905 110

333 936 419 977 Sed
439 936 548 977 satis
567 941 638 977 est
658 949 779 977 orare
799 935 827 977 J
831 947 953 976 ovem
973 947 1072 987 quae
1092 933 1226 974 donat
1244 935 1286 973 et
1305 932 1464 972 aufert:

333 1063 460 1094 occulta.
507 1064 635 1098 Quoties
654 1073 723 1094 vero
743 1071 868 1102 cumque
882 1065 1000 1092 recreat
1024 1071 1071 1092 me
1087 1061 1240 1100 Digentia
1256 1058 1410 1098 frigidius
1423 1059 1521 1097 rivus,
1535 1061 1638 1096 potum
1653 1064 1759 1096 suppe-

334 1103 439 1134 ditans
454 1105 609 1135 Mandetae
623 1105 688 1135 vico
703 1106 792 1135 valde
803 1104 935 1142 algenti,
958 1103 1031 1142 quid
1045 1103 1172 1140 sentire,
1188 1101 1261 1142 quid
1276 1104 1421 1139 exoptare
1436 1110 1482 1131 me
1501 1104 1607 1141 putas,
1618 1109 1635 1129 ο
1649 1098 1764 1128 amice?

336 1144 456 1185 Nempe
469 1149 505 1176 ut
525 1149 646 1176 maneat
661 1145 737 1175 mihi
751 1147 829 1185 quod
843 1145 950 1183 habeo,
963 1146 1012 1175 vel
1025 1145 1119 1175 etium
1133 1144 1232 1174 minus
1240 1153 1253 1178 ;
1268 1147 1302 1175 ut
1315 1142 1391 1173 mihi
1413 1142 1584 1182 impendam
1597 1141 1674 1180 quod
1686 1139 1761 1170 vieoe

334 1190 444 1226 restat,
456 1187 485 1218 ei
508 1187 581 1226 quid
596 1187 725 1226 amplius
747 1187 806 1217 Dii
828 1186 1015 1225 largiantur.
1061 1185 1113 1217 Sit
1138 1185 1285 1216 librorum
1306 1184 1402 1225 copia,
1418 1187 1448 1214 et
1463 1192 1581 1214 annona
1596 1182 1636 1212 od
1650 1188 1763 1211 annum

331 1231 467 1266 puram,-
481 1238 518 1259 ne
533 1238 642 1269 anceps
657 1229 788 1259 hoereom
799 1227 1007 1267 expectatione
1029 1227 1176 1268 temporis
1189 1226 1311 1258 incerti.
1355 1226 1476 1268 Sufficit
1490 1225 1551 1256 iota
1565 1233 1585 1256 a
1605 1223 1684 1254 Jove
1696 1229 1763 1262 poc-

940 1327 1076 1341 ‘eoem
1078 1329 1177 1342 OOOOO

334 1396 543 1434 raque.—101
568 1393 714 1426 Chisiau.
729 1396 761 1424 6.
786 1392 871 1427 Quid
885 1391 1116 1423 minuit.—104
1139 1392 1219 1424 Duo
1241 1391 1340 1423 codd.
1365 1399 1420 1430 ap.
1435 1390 1565 1421 Valart.
1584 1391 1699 1430 gelidis
1717 1391 1762 1422 D.

335 1436 528 1466 vivia—105
555 1436 653 1470 Quem
678 1435 839 1466 Mandella
862 1433 1090 1465 Schoenborn.
1107 1435 1243 1464 4.-107
1265 1432 1493 1464 Schoenborn.
1517 1435 1550 1463 2·
1575 1434 1607 1463 3.
1629 1433 1685 1463 ani
1707 1441 1763 1472 ap.

337 1477 451 1516 Fenm,
467 1477 564 1508 Harl.
577 1480 608 1508 3.
624 1481 659 1507 et
675 1476 751 1507 edd.
767 1479 854 1506 vett.
874 1479 910 1506 ut
924 1475 1013 1506 mihi.
1057 1475 1135 1506 Vat.
1154 1475 1265 1506 Palat.
1282 1477 1314 1505 1.
1327 1477 1360 1504 at
1376 1474 1462 1506 mihi.
1506 1474 1649 1505 Plurimi
1665 1473 1766 1505 codd.

336 1528 391 1559 ap.
417 1519 526 1555 Feam,
551 1519 606 1549 alii
629 1528 683 1558 ap.
708 1518 819 1548 Pulm.
834 1521 869 1547 et
883 1517 1040 1547 Torreat.
1057 1520 1091 1547 et
1109 1516 1206 1547 Harl.
1221 1519 1251 1547 2.
1266 1519 1297 1547 4.
1317 1519 1348 1547 6.
1364 1518 1395 1547 7.
1418 1519 1449 1547 et
1463 1516 1550 1552 mihi,
1565 1515 1650 1557 quod
1667 1515 1764 1546 resti-

337 1563 474 1592 tuen-unt
490 1560 607 1592 Lamb.
625 1561 728 1599 Cruq.
745 1559 846 1590 Baxt.
863 1559 980 1589 Bentl.
996 1567 1178 1598 anonymus
1202 1558 1296 1598 Traj.
1319 1558 1361 1589 ad
1382 1558 1489 1589 Rhen.
1507 1560 1600 1589 1713.
1624 1557 1765 1597 Cuning.

337 1602 463 1634 Sanad.
493 1602 645 1639 Francis,
676 1601 825 1632 Mei-vill.
853 1600 940 1630 Phil.
971 1599 1120 1639 Sandby‚
1148 1599 1254 1631 Gesn.
1281 1599 1420 1640 Dorigli.
1447 1599 1600 1630 Oberlin.
1627 1599 1766 1639 Bipont.

335 1643 453 1674 Comb.
468 1643 596 1674 Wakef.
611 1644 749 1674 Wetzel.
763 1642 868 1672 Zeuu.
883 1641 986 1672 Kidd.
1002 1641 1084 1681 Fen,
1096 1642 1219 1678 Bothe,
1232 1641 1352 1677 Jaeck.
1368 1646 1403 1672 et
1420 1641 1676 1679 l)oering.-108
1689 1641 1770 1671 Vnt.

336 1684 449 1716 Palat.
466 1688 499 1715 2.
521 1686 564 1716 sit
578 1685 661 1724 quid.
705 1684 934 1714 Schoenborn.
950 1685 982 1713 3.
1003 1683 1220 1714 velint.—109
1241 1682 1470 1714 Sclioenborn.
1486 1685 1515 1713 3.
1531 1685 1562 1713 4.
1585 1682 1624 1713 Si
1638 1682 1768 1712 bona.—

339 1729 400 1757 110
422 1726 523 1757 Multi
551 1726 649 1756 codd.
674 1731 710 1756 et
736 1724 814 1755 edd.
837 1728 920 1755 vett.
942 1730 1020 1754 ante
1035 1725 1148 1755 Bentl.
1170 1734 1208 1755 ne
1220 1724 1366 1764 fluitem5
1390 1729 1426 1755 et
1449 1724 1494 1754 sic
1510 1725 1578 1754 Fea
1595 1729 1631 1754 et
1647 1723 1770 1754 Bothe.

337 1777 397 1798 neu
410 1767 538 1807 fluitem
553 1768 668 1798 Bentl.
687 1776 730 1798 ex
751 1766 849 1797 codd.
873 1767 922 1796 ita
947 1765 1048 1796 etiam
1071 1765 1170 1796 Harl.
1185 1768 1216 1796 2.
1233 1768 1265 1797 8.
1279 1768 1310 1797 4.
1325 1769 1356 1796 6.
1370 1768 1402 1797 7.
1426 1766 1482 1796 alii
1507 1765 1606 1797 codd.
1628 1770 1663 1796 et
1689 1764 1768 1795 edd.

338 1814 482 1840 recentt.
505 1810 678 1849 splendulus
691 1808 774 1838 horoe
788 1806 1016 1838 Schoenborn.
1031 1809 1063 1838 2.
1084 1816 1136 1847 spe
1155 1808 1302 1847 pendulus
1316 1817 1402 1837 σαν-ω
1422 1806 1564 1838 Mai-tin.
1588 1816 1642 1846 ap.
1664 1805 1768 1846 Cruq.

337 1852 442 1880 —lll
467 1851 538 1881 Hoc
559 1851 638 1880 sotio
659 1849 891 1880 Schoenborn.
905 1850 936 1881 2.
953 1852 989 1879 et
1002 1849 1098 1880 Vatt.
1115 1851 1167 1880 15.
1184 1851 1236 1879 19.
1281 1848 1361 1879 Hoec
1374 1848 1451 1879 satis
1463 1849 1544 1879 Vnt.
1562 1850 1591 1879 1.
1608 1857 1628 1879 a
1641 1857 1685 1879 m.
1700 1856 1770 1878 sec.

339 1891 394 1922 alii
411 1891 511 1922 codd.
529 1901 583 1932 ap.
601 1891 717 1922 Lamb.
735 1895 769 1922 et
785 1890 863 1921 edd.
888 1889 1042 1929 quaedam
1066 1894 1150 1922 vett.
1172 1899 1272 1920 orasse
1287 1890 1397 1921 Jovem
1410 1889 1635 1922 Schoenborn.
1651 1892 1683 1920 4.
1704 1899 1772 1929 quoe

339 1938 410 1964 tres
437 1933 535 1964 codd.
565 1933 654 1971 Feae,
683 1938 751 1964 tres
777 1932 856 1963 item
883 1931 1066 1970 Torrentii,
1091 1931 1146 1972 qui
1168 1931 1283 1962 laudat
1305 1931 1338 1961 in
1359 1936 1450 1966 nota,
1467 1935 1503 1962 et
1518 1941 1560 1962 ex
1577 1927 1712 1962 Acroile
1734 1935 1771 1961 et

340 1974 576 2015 Porphyrione
602 1974 748 2004 restituit
773 1973 920 2010 Talbot;
942 1977 1125 2012 sequuntur
1146 1973 1246 2003 Baxt.
1273 1973 1387 2003 Bentl.
1412 1981 1594 2013 anonymus
1615 1972 1704 2012 ΤΙ-83.
1726 1971 1770 2003 ad

338 2016 444 2047 Rhen.
475 2018 569 2046 1713.
608 2016 693 2046 Cun.
723 2015 803 2045 San.
831 2014 980 2044 Mervill.
1009 2013 1160 2053 Sandby,
1193 2013 1334 2054 Dorigli.
1361 2013 1479 2044 Oberl.
1501 2013 1605 2044 Zeun.
1633 2013 1770 2048 Combe,

339 2056 474 2088 Waket'.
493 2057 600 2088 Wetz.
613 2055 717 2087 Kidd.
734 2056 814 2095 Fen,
831 2055 952 2095 Bothe,
965 2054 1088 2091 Jaeck,
1103 2059 1139 2086 et
1154 2055 1306 2095 Doering.
1338 2058 1347 2072 ⁸
1366 2055 1527 2094 Recfiusg
1545 2059 1580 2086 et
1595 2055 1645 2086 ita
1659 2054 1769 2096 requi-

382 2205 444 2234 103
467 2203 519 2234 An
532 2206 679 2234 secretum
694 2203 766 2242 iter,
780 2201 851 2242 θα]
865 2202 948 2234 Vita
961 2202 1029 2242 pri·
1082 2211 1219 2233 secessu
1235 2205 1271 2232 et
1297 2201 1411 2241 quiete
1432 2210 1553 2242 meque
1570 2202 1643 2242 ipso
1664 2200 1771 2241 fruor,

340 2257 428 2285 vata.
471 2252 560 2283 Vide
586 2252 696 2293 Epist.
722 2251 870 2292 proeced.
900 2259 947 2282 vs·
979 2254 1032 2283 10.
1082 2251 1206 2283 invilla
1221 2261 1295 2282 mea
1310 2252 1447 2291 Sabina,
1473 2261 1573 2293 quiam
1595 2251 1684 2292 rigat
1707 2252 1770 2283 Di-

338 2301 451 2342 ibique
467 2301 550 2332 Not.
1082 2301 1196 2341 genua
1214 2300 1331 2336 amnis,
1345 2309 1448 2341 aquas
1463 2301 1616 2341 praebens
1631 2299 1770 2340 oppida-

383 2350 536 2382 Fallentis
563 2350 672 2382 semita
701 2349 789 2389 υἱέας]
820 2347 1030 2390 Allegoriam
1082 2349 1132 2380 nis
1162 2349 1331 2381 Mandelae
1362 2350 1454 2389 pagi.
1490 2350 1544 2380 De
1572 2349 1623 2379 liis
1644 2349 1716 2389 jam
1744 2357 1769 2380 ι.

339 2404 433 2440 pete,
448 2400 476 2430 si
492 2400 551 2440 vis,
575 2401 708 2435 Lector,
725 2408 800 2430 cum
817 2398 1030 2439 quibusdam,
1083 2398 1196 2439 Epist.
1215 2400 1266 2429 16.

343 2458 363 2479 a
379 2448 561 2480 viatoribus
576 2448 718 2487 callidis,
732 2448 787 2488 qui
813 2447 928 2487 paucis
951 2457 1031 2487 cog·
1128 2450 1186 2478 105
1211 2446 1486 2485 Rugosusfrigore
1496 2446 1608 2486 pagus]
1631 2445 1698 2478 Ubi
1714 2455 1773 2487 pa·

340 2498 428 2529 nitas
445 2499 561 2529 ineunt
577 2498 724 2536 semitas,
747 2498 799 2530 vel
815 2497 1031 2537 compendio·
1084 2496 1161 2537 gani
1178 2505 1248 2536 prae
1270 2494 1393 2535 frigore
1410 2495 1500 2535 rugis
1515 2495 1771 2527 contrahuntur.

342 2548 456 2582 sior-es,
482 2547 535 2578 vel
558 2547 693 2578 minime
718 2545 905 2578 latronibus
929 2545 1032 2576 infes-
1083 2546 1170 2576 Vide
1188 2554 1210 2577 ι.
1228 2545 1338 2584 Epist.
1357 2547 1406 2576 16.

342 2601 404 2628 tas.
449 2595 505 2627 Sic
528 2595 586 2635 qui
607 2595 709 2626 vitum
737 2599 842 2635 agunt
864 2594 1031 2635 privatam
1128 2597 1189 2625 107
1215 2593 1299 2624 Mihi
1322 2593 1437 2634 vivam]
1465 2593 1613 2624 Tandem
1642 2593 1726 2625 liber
1753 2603 1774 2625 a

341 2646 406 2675 tuti
432 2650 510 2675 sunt
538 2654 557 2675 a
579 2646 678 2680 curis,
698 2643 918 2675 incommodis
945 2644 1031 2683 peri·
1085 2644 1243 2681 tumultu,
1265 2653 1284 2673 a
1307 2643 1448 2683 negotiis
1465 2640 1648 2684 officiisque
1674 2642 1772 2674 urba-

343 2694 440 2730 culis,
468 2694 587 2733 quibus
610 2692 849 2725 conflictantur
870 2697 1032 2734 quotquot
1085 2693 1148 2724 uis·
1170 2692 1260 2723 Vide
1276 2701 1302 2723 ι.
1319 2691 1429 2732 Epist.
1442 2693 1473 2722 7.

344 2742 512 2781 Rempub.
526 2746 715 2782 capessunt.
1130 2744 1190 2774 111
1218 2741 1299 2773 11oe0
1311 2740 1402 2779 satis,
1416 2739 1486 2780 qt]
1511 2739 1605 2771 Bona
1619 2743 1773 2772 externa.

388 2792 449 2821 104
481 2790 537 2820 Me
565 2791 682 2830 quoties
709 2791 822 2832 rqficit,
851 2789 920 2831 «ῦὸ-0.]
947 2789 1030 2822 Cum
