1916 3262
378 278 488 319 1318
838 290 880 326 Q.
911 287 1116 318 noRA'rn
1151 289 1320 319 FLAGGI

379 381 625 431 Offendunt,
645 385 813 434 poterat
839 380 937 421 duci
958 381 1061 433 quia
1081 393 1207 422 coena
1226 384 1318 423 sine
1338 383 1432 423 istis
1449 395 1460 432 ;

376 449 450 489 Sic
472 448 626 488 animis
647 453 793 487 natum
814 446 1123 499 inventumque
1143 446 1301 500 poema
1314 447 1543 501 juvandis,

375 513 423 554 Si
444 513 620 566 paulum
641 525 667 552 a
688 525 854 552 summo
875 512 1079 560 decessit,
1099 512 1234 564 vergit
1250 513 1305 553 ad
1323 515 1470 554 imum.

376 578 545 619 Ludere
562 578 635 630 qui
655 577 789 617 nescit
809 578 1129 629 campestribus
1152 578 1341 619 abstinet
1360 579 1504 628 armis,

374 643 668 696 Indoctusque
688 644 789 696 pilae
810 643 975 684 discive
995 643 1187 684 trochive
1207 645 1419 697 quiescit;
1711 646 1794 687 380

374 786 568 821 respuuntur,
588 783 729 822 quoniam
752 782 886 821 transigi
908 792 990 813 coena
1014 784 1115 821 potest
1134 781 1244 821 absque
1265 783 1349 820 illim
1370 785 1414 815 sic
1428 794 1548 816 carmen
1565 785 1604 815 ad
1618 784 1734 814 animos
1747 791 1795 812 re-

375 824 518 854 creandos
524 825 659 863 sactum,
673 825 701 855 si
717 826 867 855 leviculum
881 823 964 854 abest
979 833 997 853 a
1011 832 1161 862 supremo,
1176 825 1273 855 tendit
1286 826 1326 855 ad
1339 826 1488 867 infimum.
1521 826 1585 861 Qua·
1598 826 1736 856 ludorum
1749 827 1798 854 est

374 864 546 905 imperitus,
561 866 652 906 fugit
666 866 899 898 exercitationes
912 865 1010 904 campi
1021 865 1135 895 Martii
1145 875 1155 895 .·
1177 865 1258 896 haud
1271 868 1364 898 solers
1377 868 1449 907 piloe
1462 868 1510 899 vel
1521 868 1612 906 disci,
1625 868 1671 898 vel
1686 865 1798 902 trochi,

972 968 1106 982 &tecm
1108 969 1204 981 eeeee

378 1041 421 1072 Ut
445 1052 581 1073 crassum
607 1043 732 1074 babent
754 1045 854 1074 etiam
870 1044 948 1076 Vat.
966 1045 1059 1075 Rom.
1074 1047 1105 1077 9,
1123 1045 1207 1074 Exn.
1226 1044 1305 1074 Sax.
1327 1049 1362 1074 et
1389 1044 1632 1076 narrt—8⁷6
1656 1042 1797 1083 Offendit

373 1083 502 1114 Helu-r.
525 1084 581 1114 ubi
603 1085 657 1115 bic
687 1095 800 1115 versus
827 1085 925 1116 etiam
953 1087 1053 1124 priori
1084 1086 1292 1125 antepositus
1318 1090 1378 1117 est.
1413 1086 1479 1116 sine
1505 1086 1570 1116 illie
1595 1085 1674 1116 Vat.
1703 1087 1796 1115 19.—

374 1125 436 1155 ³⁷8
461 1125 584 1155 Vocem
599 1126 726 1157 decessit
744 1131 910 1158 testantur
927 1127 1023 1159 Harl.
1039 1130 1069 1158 1.
1088 1131 1119 1158 2.
1131 1130 1161 1158 3.
1177 1130 1208 1158 4.
1223 1130 1255 1158 6.
1270 1129 1301 1158 7.
1323 1127 1415 1158 vntt.
1431 1131 1461 1158 1.
1476 1126 1526 1168 (2.
1543 1136 1562 1157 a
1574 1135 1619 1157 m.
1635 1124 1702 1165 pr.)
1718 1128 1750 1156 3.
1764 1128 1797 1158 4.

371 1169 403 1196 5.
419 1168 451 1196 7.
466 1168 497 1196 9.
515 1169 566 1198 10.
584 1169 634 1197 14.
654 1170 705 1198 18.
717 1170 771 1200 21.
794 1169 890 1199 vatt.
909 1168 1004 1199 Rom.
1019 1171 1049 1198 2.
1066 1172 1097 1199 3.
1113 1171 1144 1200 4.
1161 1173 1191 1200 5.
1206 1169 1251 1209 (6.
1267 1178 1286 1198 a
1301 1178 1345 1199 m.
1361 1167 1448 1208 sec.)
1466 1171 1514 1198 11.
1537 1167 1631 1198 Vatt.
1643 1167 1753 1198 Putat.
1765 1169 1796 1198 8.

373 1208 405 1238 4.
419 1210 451 1238 6.
475 1207 554 1239 Vat.
571 1208 734 1240 Ottobon.
749 1212 781 1241 2.
799 1209 944 1241 Chisian.
958 1213 989 1241 6.
1012 1209 1164 1249 Angelic.
1183 1213 1212 1240 1.
1226 1212 1257 1242 2.
1279 1209 1454 1241 Barberin.
1469 1212 1502 1240 2.
1513 1209 1667 1240 Vallicel.
1678 1211 1710 1239 8.
1731 1207 1797 1239 duo

372 1247 493 1280 Lamb.
511 1254 578 1280 tres
595 1251 703 1282 Pulm.
717 1256 858 1291 quatuor
874 1252 976 1292 Cruq.
992 1251 1048 1282 alii
1071 1251 1228 1288 Talbotii,
1249 1251 1364 1283 decem
1387 1251 1515 1282 Valart.
1533 1254 1569 1282 et
1591 1249 1729 1288 Acron3
1750 1249 1799 1281 ita

372 1295 526 1321 notatum
543 1300 584 1321 ex
603 1292 666 1323 Με.
684 1293 717 1323 in
733 1302 791 1323 ora
813 1293 894 1323 edit.
915 1292 993 1323 Aldi
1008 1295 1100 1324 1509.
1128 1293 1216 1324 Bibl.
1234 1293 1337 1324 Burb.
1352 1293 1434 1324 edit.
1450 1293 1566 1324 Princ.
1578 1292 1685 1322 Venn.
1702 1292 1796 1323 1478.

374 1333 469 1362 1479.
486 1334 579 1363 1481.
595 1335 688 1364 1483.
704 1336 799 1364 1486.
818 1336 910 1364 1490.
928 1336 1021 1365 1492.
1039 1337 1130 1365 1495.
1148 1337 1240 1365 1509.
1257 1337 1349 1366 1514.
1365 1335 1456 1365 Flor.
1473 1336 1566 1365 1482.
1580 1333 1688 1366 Junta
1703 1335 1796 1364 150³.

373 1372 527 1403 Britann.
545 1377 636 1404 1520.
652 1374 744 1404 Frib.
757 1377 850 1405 1536.
874 1375 1023 1405 restituit
1039 1375 1134 1405 Talb.
1150 1375 1228 1404 inde.
1243 1375 1342 1405 Baxt.
1358 1375 1469 1405 Bentl.
1483 1375 1570 1406 Cnn.
1591 1374 1668 1406 San.
1687 1374 1797 1406 Merv.

373 1413 464 1444 Phil.
481 1414 587 1445 Gesn.
603 1416 689 1445 Dor.
707 1415 822 1446 Oberl.
841 1415 980 1453 Combe,
996 1415 1128 1446 Wakef.
1145 1417 1253 1446 Wetz.
1266 1415 1372 1445 Zeun.
1387 1415 1530 1446 Schelle.
1564 1425 1584 1446 a
1603 1424 1719 1446 summo
1731 1415 1796 1445 dis-

371 1455 462 1485 cessit
484 1456 598 1487 Lamb.
621 1457 723 1496 Cruq.
751 1458 850 1487 Baxt.
877 1466 1058 1497 anonymus
1074 1459 1166 1488 1713.
1189 1456 1294 1488 Gesn.
1311 1457 1404 1487 Batt.
1427 1457 1503 1488 Val.
1525 1455 1642 1488 Oberl.
1661 1455 1796 1488 Wakef-

373 1496 482 1527 Wetz.
494 1498 597 1528 Zeun.
621 1502 630 1516 ⁸
644 1499 743 1529 Nulla
761 1499 925 1538 particula
941 1508 1024 1538 opus
1041 1503 1104 1534 est,
1120 1507 1217 1538 quam
1234 1507 1347 1528 ornnes
1363 1498 1446 1529 Mss.
1459 1497 1576 1535 nostri,
1592 1501 1628 1528 et
1641 1497 1794 1535 aliorum,

371 1542 406 1568 et
421 1538 674 1570 Connnentator
690 1540 910 1580 Crnquianus,
925 1549 991 1570 non
1007 1545 1205 1580 agnoscunt,
1219 1540 1401 1576 eleganter.
1444 1539 1496 1570 Cf.
1513 1539 1584 1570 Cic.
1599 1548 1661 1578 pro
1683 1538 1796 1575 Ligar.

374 1579 518 1620 princip.
530 1581 608 1613 Liv.
626 1589 764 1613 xxxvii.
780 1591 811 1612 n.
826 1584 878 1612 54.
896 1590 1011 1614 xxvii.
1027 1584 1077 1613 12.
1092 1591 1124 1612 n.
1139 1584 1190 1612 10.
1206 1581 1314 1612 Tacit.
1333 1582 1420 1612 Ann.
1437 1589 1511 1612 xlv.
1525 1583 1577 1612 49.
1590 1580 1680 1612 stat.
1693 1580 1796 1612 Theb.

1018 1673 1162 1707 NOTAE
1196 1646 1199 1649 Ι

370 1733 447 1764 litos
474 1732 614 1765 fundere
638 1735 813 1766 verborum
837 1736 1002 1774 globulos,
1022 1740 1057 1767 et

371 1782 481 1812 omnia
495 1781 587 1813 dicta
606 1781 765 1824 factaque
781 1783 874 1824 quasi
890 1793 1058 1824 papavere

373 1835 408 1861 et
423 1839 550 1861 sesamo
566 1831 703 1870 sparsa)

414 1882 476 1910 379
498 1880 619 1911 Ludere
632 1881 684 1920 qui
699 1880 809 1920 nescit]
831 1881 1058 1912 similitudine

372 1928 573 1968 conglobata
601 1929 751 1960 ostendit
780 1934 886 1961 artem
917 1930 1056 1970 poeseos

371 1978 472 2017 longa
503 1978 748 2009 exercitatione
777 1978 990 2010 ediscendam
1023 1984 1058 2010 et

371 2026 603 2065 excolendam,
627 2036 690 2058 nec
715 2032 840 2058 temere
861 2027 1057 2059 tentandam

373 2083 458 2106 esse.

414 2123 548 2163 Ludere]
573 2124 720 2163 Luctari,
736 2124 894 2164 jaculari,
911 2133 1058 2164 currere,

370 2172 536 2213 equitare,
558 2178 687 2211 natare,
708 2173 825 2203 salire:
852 2172 893 2203 ad
921 2183 995 2213 quae
1021 2182 1057 2204 se

370 2221 555 2252 exercebat
575 2221 726 2252 Romana
743 2221 903 2261 juventus
919 2221 954 2252 in
970 2231 1056 2253 cam-

373 2279 416 2309 po
432 2269 571 2300 Martio.
615 2270 704 2301 Vide
721 2278 746 2300 1.
763 2270 830 2301 Od.
847 2273 878 2300 8.

413 2321 476 2349 380
499 2318 596 2358 Piloe]
628 2319 706 2351 Vid.
722 2328 746 2350 ι.
762 2320 829 2351 Sat.
849 2323 880 2350 5.
895 2322 949 2351 48.
966 2325 1000 2351 et
1018 2329 1056 2351 ιι.

371 2367 444 2399 Sat.
458 2371 488 2399 2.
504 2371 554 2399 11.

413 2417 524 2457 Disci]
548 2418 602 2448 De
620 2427 660 2448 eo
678 2427 702 2448 ι.
720 2418 788 2450 Od.
801 2422 832 2449 8.
848 2421 930 2448 etri.
943 2418 1014 2449 Sat.
1026 2421 1057 2449 2.

416 2465 539 2505 Trachi]
579 2467 710 2506 Duplex
737 2472 812 2497 erat
834 2467 861 2497 is
890 2467 998 2505 ludus,
1020 2472 1058 2498 ut

367 2516 437 2556 jam
465 2515 534 2546 dixi
561 2524 616 2547 ιιι.
643 2516 708 2548 Od.
731 2519 784 2548 24.
808 2520 860 2548 57.
904 2517 1057 2548 Priorem

371 2565 534 2596 describit
549 2565 708 2604 Virgilius
722 2566 793 2597 AEn.
808 2576 872 2598 vu.
886 2567 975 2598 378!
987 2568 1057 2600 Ceu

372 2614 537 2654 quondam
563 2619 651 2646 torto
679 2616 819 2647 volitans
841 2615 902 2647 sub
917 2617 1057 2648 verbere

373 2664 484 2703 turbo,
509 2665 616 2697 Quem
648 2665 743 2704 pueri
773 2675 892 2705 magno
919 2665 950 2696 in
976 2675 1058 2706 gyro

373 2721 479 2742 vacua
495 2712 581 2743 atria
606 2713 729 2744 circum
754 2713 886 2744 Intenti
907 2715 983 2745 ludo
1001 2724 1058 2746 ex·

373 2767 512 2799 ercent3
542 2763 598 2793 ille
625 2769 720 2794 actus
744 2762 874 2794 habena
901 2764 1058 2796 curvatis

1111 1735 1221 1767 fertur
1248 1737 1388 1775 spatii35
1414 1739 1527 1776 stupet
1553 1737 1659 1767 inscia
1685 1737 1796 1777 turba,

1110 1783 1338 1824 Iinpubesque
1369 1794 1483 1815 manus
1511 1785 1631 1815 mirata
1653 1785 1796 1816 volubile

1112 1833 1234 1864 buxum
1249 1843 1259 1871 ς
1281 1834 1377 1864 Dant
1391 1834 1520 1864 animos
1536 1833 1668 1874 plaga&
1699 1833 1796 1865 Alter

1111 1891 1176 1912 non
1198 1882 1248 1912 ita
1269 1881 1408 1920 puerilis
1430 1882 1704 1913 exercitationem
1720 1891 1796 1922 pos-

1111 1933 1222 1969 cebat,
1239 1941 1258 1962 a
1275 1932 1379 1972 priori
1404 1933 1502 1972 longe
1524 1931 1688 1963 diversus.
1732 1932 1798 1963 Ro-

1112 1981 1183 2010 tula
1213 1980 1366 2020 quaedam
1395 1985 1470 2011 erat
1495 1989 1554 2011 seu
1582 1980 1726 2012 circulus
1753 1991 1796 2012 ex

1111 2037 1178 2059 mre
1193 2029 1246 2059 vel
1262 2027 1363 2067 ferro,
1387 2028 1482 2068 cujus
1504 2029 1642 2059 axiculis
1657 2030 1795 2068 appensi

1109 2081 1206 2107 erant
1229 2076 1340 2107 annuli
1363 2077 1452 2106 inter
1473 2076 1673 2109 currendum
1697 2076 1796 2107 tinui-

1109 2131 1222 2156 entes:
1245 2125 1277 2155 in
1294 2125 1375 2155 locis
1393 2124 1533 2165 publicis
1549 2125 1792 2164 peragebatur:

1109 2174 1303 2205 annulorum
1331 2183 1410 2204 vero
1438 2173 1546 2205 souitu
1576 2174 1794 2206 monebantur

1110 2228 1354 2263 praetereuntes
1366 2228 1402 2253 ut
1413 2223 1622 2254 declinarent
1635 2223 1676 2254 ab
1687 2224 1796 2255 incur-

1109 2280 1148 2302 su
1166 2271 1284 2302 trochi.
1325 2271 1416 2311 Sive,
1426 2278 1460 2301 nt
1474 2271 1590 2303 scribit
1603 2272 1795 2312 Turnebus,

1110 2325 1184 2352 rota
1207 2327 1281 2351 erat
1306 2320 1431 2351 habens
1453 2329 1576 2356 ansam.
1602 2330 1668 2362 quo
1690 2321 1797 2353 facili-

1107 2379 1146 2400 us
1163 2370 1368 2409 mitteretur,
1391 2370 1596 2411 axiculisque
1618 2376 1796 2412 compacta

1110 2420 1309 2450 transvectis
1331 2419 1542 2459 jaciebatur:
1564 2430 1702 2461 quorum
1730 2423 1794 2453 cla-

1109 2469 1225 2499 viculae
1243 2474 1278 2500 et
1293 2469 1516 2500 commissurae
1539 2469 1691 2510 aduncae,
1717 2470 1794 2502 dum

1109 2517 1307 2548 versabatur
1332 2517 1433 2548 missa
1460 2523 1535 2548 rom
1562 2519 1616 2550 vel
1650 2519 1795 2551 circulus

1111 2566 1241 2597 orbisve
1257 2568 1390 2605 missus,
1414 2566 1600 2598 tinniebant
1621 2572 1658 2599 et
1678 2577 1794 2608 erepa-

1110 2616 1203 2647 bant.
1240 2615 1334 2647 Artis
1349 2616 1481 2656 quidem
1497 2622 1570 2649 erat
1585 2618 1719 2650 mittere
1732 2618 1795 2649 sci-

1112 2672 1221 2698 enter.
1265 2667 1422 2707 Propert.
1449 2675 1505 2699 ιιι.
1534 2670 1584 2699 14.
1607 2668 1616 2685 ‘
1634 2668 1792 2707 Increpat

1112 2722 1144 2747 et
1163 2717 1248 2747 versi
1265 2716 1367 2747 clavis
1389 2715 1518 2747 adunca
1534 2715 1661 2747 trochi?
1701 2716 1793 2747 Mar·

1113 2766 1182 2796 tiai.
1195 2766 1305 2796 trochi
1322 2765 1471 2796 meminit
1497 2773 1537 2795 ιι.
1551 2767 1603 2795 22.
1628 2772 1702 2795 xiv·
1719 2767 1790 2796 168.
