1982 3230
639 281 995 313 EPls'POLARUM
1033 282 1127 312 ms.
1162 282 1193 313 ι.
1223 271 1293 312 15.
1568 269 1685 311 1161-

230 377 404 418 Diceret
422 375 608 418 urendos
629 381 854 418 corrector
875 371 1068 418 Bestius.
1127 375 1251 417 Idem

224 442 450 497 Quicquid
470 447 561 484 erat
579 447 731 485 nactus
750 443 914 498 praedae
934 443 1134 497 maj0ris‚
1155 438 1374 484 ubi'omne
1508 498 1510 500 -

221 511 423 552 Verterat
441 510 485 551 in
503 509 672 551 fumum
692 515 738 552 et
757 511 963 560 cinerem,
987 509 1093 551 Non
1112 509 1287 552 hercule
1304 508 1449 558 miror,

221 575 403 627 Aiebat,
425 576 464 618 si
483 577 559 631 qui
578 576 815 620 comedunt
833 578 973 628 bona3
988 580 991 591 '
1004 589 1105 618 cum
1125 575 1185 617 sit
1204 576 1340 618 obeso

222 641 303 685 Nil
322 643 482 686 melius
501 643 645 694 turdo,
665 635 727 685 nil
745 644 881 687 vulsa
898 642 1127 697 pulchrius
1148 643 1314 697 ampla.

220 708 440 752 Nimirum
460 710 534 752 hio
553 723 634 765 ego
654 724 778 763 sum3
808 724 913 753 nam
933 715 1032 753 tuta
1051 714 1094 752 et
1115 709 1301 765 parvula
1319 709 1472 759 laudo,

221 775 334 818 Cum
354 789 426 820 res
447 777 672 829 deficiunt,
690 778 802 820 satis
822 780 931 822 inter
949 777 1230 821 vilia-fortis:

1620 576 1678 615 40

217 924 310 958 dente
323 926 438 959 lomina
451 937 517 959 esse
529 927 706 960 inurendos.
752 930 824 969 Ipse
838 930 977 962 Manius
989 940 1059 962 cum
1072 929 1107 960 in
1122 930 1250 968 sumum
1265 927 1450 966 etsavillam
1465 926 1636 966 redegisset
1650 925 1680 956 n·

217 967 290 1008 quud
314 970 450 1010 opimum
467 973 658 1011 captaverat,
680 972 784 1004 dicere
805 977 874 1004 erat
886 974 1018 1005 solitus.-
1043 972 1146 1004 Huud
1165 982 1200 1012 eq
1203 972 1304 1003 uidem
1319 971 1418 1002 miror
1432 970 1460 1001 εἰ
1476 969 1614 1000 nonnulli
1621 968 1678 1006 sa-

216 1010 347 1042 cattam
358 1012 531 1051 absumant,
540 1014 785 1055 quandoquidem
799 1015 1054 1054 ιιὶΙιίῌιισιιιιάἰιω
1066 1018 1114 1046 est
1125 1014 1239 1055 pingui
1250 1015 1354 1048 turdo,
1365 1013 1446 1044 nihil
1454 1012 1583 1044 suavius
1595 1020 1678 1052 ρισ-

215 1053 333 1091 grandi
352 1055 457 1086 vulva.
504 1056 592 1088 Talis
604 1066 710 1097 nempe
723 1066 791 1088 sum
813 1068 891 1098 ego:
911 1058 1022 1100 quippe
1037 1058 1128 1089 laudo
1142 1066 1252 1089 secura
1275 1060 1306 1088 et
1327 1057 1456 1096 exigua,
1470 1055 1593 1096 quando
1610 1061 1681 1094 opes

831 1162 1070 1175 eeeeeeeeeeee

218 1235 309 1267 dente
323 1235 556 1269 Schoenborn.
572 1239 692 1269 4.--37
715 1238 816 1269 Vatt.
833 1242 865 1269 5.
880 1240 932 1268 10.
950 1240 1003 1269 13.
1022 1240 1074 1268 15.
1096 1237 1194 1268 Vatt.
1210 1238 1308 1270 Rom.
1322 1240 1353 1269 5.
1369 1240 1401 1269 7.
1422 1237 1501 1268 Vat.
1519 1236 1633 1268 Palat.
1646 1240 1680 1270 4.

219 1270 368 1310 Chisian.
383 1282 414 1310 5.
429 1283 466 1310 et
480 1277 639 1318 Angelic.
653 1282 685 1309 2.
695 1283 854 1319 correptus
864 1279 1003 1314 bestium
1027 1280 1078 1309 ita
1101 1278 1205 1309 etiam
1227 1279 1294 1309 duo
1313 1288 1370 1318 ap.
1382 1279 1504 1313 Jaeck,
1520 1279 1577 1309 alii
1593 1279 1680 1310 Mas.

218 1319 310 1360 apud
326 1320 482 1352 Britann.
497 1323 593 1351 1520.
618 1320 735 1350 Lamb.
752 1319 867 1350 Pulm.
889 1320 994 1359 Cruq.
1007 1319 1106 1350 Torr.
1121 1319 1220 1350 Tnlb.
1236 1320 1356 1352 Bentl.
1371 1319 1451 1350 Vni.
1464 1319 1549 1351 edit.
1562 1320 1681 1352 Princ.

217 1362 329 1394 Venn.
342 1364 437 1394 1478.
454 1364 547 1393 1479.
566 1363 661 1394 1481.
679 1364 775 1394 1483.
792 1363 888 1393 1490.
907 1363 1004 1393 1492.
1021 1363 1117 1393 1495.
1131 1364 1228 1394 1514.
1252 1361 1344 1393 Flor.
1360 1363 1456 1393 1482.
1474 1361 1567 1402 Lipa.
1583 1364 1680 1395 1499.

215 1403 274 1436 Al.
287 1407 445 1435 correctus
459 1403 601 1436 Bestius.
644 1403 714 1435 Sed
731 1404 862 1435 Bestius
877 1403 982 1435 etiam
997 1404 1053 1435 alii
1069 1404 1154 1436 Mas.
1171 1405 1262 1441 Feoe,
1278 1408 1313 1436 et
1328 1404 1470 1436 aliorum
1495 1404 1679 1438 editorum.

214 1445 258 1478 In
272 1446 374 1478 editis
390 1447 491 1487 vulgo
506 1446 657 1478 Moenius.
682 1447 848 1478 Corrector
868 1446 1000 1478 Bestius
1015 1456 1058 1478 ex
1074 1456 1141 1478 nno
1154 1446 1231 1478 cod.
1250 1447 1449 1486 Lambinus,
1465 1445 1543 1478 inde
1564 1447 1681 1479 Bentl-

215 1487 360 1530 Cuning.
377 1488 501 1521 Sanad.
516 1489 654 1520 Mervil.
669 1488 759 1521 Phil.
775 1489 881 1521 Gesn.
905 1489 1016 1530 Dorig
1019 1489 1052 1520 h.
1068 1488 1223 1521 Oberlin.
1241 1489 1362 1520 Comb.
1379 1487 1517 1520 Wakef.
1532 1490 1678 1523 Wetzel.

217 1530 326 1563 Zeun.
341 1531 489 1571 Bodoni,
504 1535 542 1563 et
556 1531 662 1563 Kidd.
663 1534 750 1563 —38
773 1527 814 1563 Si
827 1531 903 1573 quid
917 1535 985 1563 erat
1001 1532 1117 1563 Bentl.
1130 1541 1173 1563 ex
1190 1531 1377 1572 suppositis
1389 1531 1566 1563 Torrentii
1578 1532 1680 1564 codd.

215 1573 296 1605 inde
309 1573 402 1614 ΤΙ-83.
415 1573 459 1606 nd
476 1574 584 1606 Rhen.
601 1576 699 1607 1713.
723 1575 871 1616 Cuning.
892 1574 1019 1606 Sanad.
1042 1574 1192 1606 Mei-vill.
1210 1575 1317 1615 Dorig
1319 1574 1352 1606 h.
1369 1572 1506 1606 Wakef.
1519 1579 1555 1605 et
1571 1575 1679 1606 Kidd.

211 1617 331 1657 proedoe
343 1619 454 1648 nactus
465 1617 611 1658 Cnning.
615 1619 700 1648 -39
727 1617 871 1650 Ver-teret
887 1617 966 1649 Vnt.
982 1617 1096 1648 Palat.
1111 1621 1144 1648 5.
1146 1619 1232 1648 —40
1253 1585 1351 1648 Hagrl.
1366 1619 1398 1648 4.
1414 1617 1576 1649 comedant
1590 1617 1681 1649 bona.

217 1657 380 1690 Nonnulli
396 1659 497 1691 codd.
509 1660 602 1700 Feae,
613 1660 776 1691 comedunt
790 1659 962 1691 bena—41
989 1659 1050 1691 Nil
1072 1660 1164 1691 turdo
1178 1659 1289 1691 melius
1302 1659 1452 1692 ehisian.
1464 1663 1496 1691 5.
1528 1659 1576 1690 nil
1589 1660 1681 1691 vulva

215 1700 337 1732 dulcius
349 1710 437 1734 uuus
450 1702 530 1734 Vnt.
552 1706 588 1734 et
607 1701 789 1734 Barberin.
805 1705 836 1734 2.
868 1703 960 1733 vulva
980 1702 1028 1733 nil
1049 1701 1213 1742 pulchrius
1238 1702 1470 1743 Cuniug.—42
1493 1701 1592 1732 Idem
1609 1702 1678 1733 Cu-

216 1743 305 1786 ning.
320 1746 408 1776 tutus
428 1754 500 1777 nam
518 1746 670 1786 vernulfi
693 1746 704 1764 ⁶
718 1754 762 1776 ex
785 1744 923 1786 ingenio
946 1744 1081 1785 audaci,
1105 1753 1199 1776 more
1224 1753 1297 1785 suo,
1319 1750 1357 1776 et
1384 1743 1534 1777 inscite.'
1556 1744 1680 1776 Fen.—

875 1827 1019 1859 NOTAE

251 1905 293 1934 87
308 1902 472 1934 Con-rector
481 1902 622 1934 Bestius.
636 1903 725 1934 Idem
735 1901 918 1942 [correctus.
974 1910 1011 1933 se
1036 1901 1200 1932 salivam!
1246 1901 1382 1942 Nempe
1404 1901 1523 1933 Romae
1547 1901 1681 1934 catillo-

217 1951 358 1984 Moenius
377 1952 476 1994 idem]
501 1952 648 1986 Quidam
669 1953 737 1993 leg.
760 1955 920 1992 correptus
974 1958 1034 1981 nes
1049 1954 1152 1981 erant
1166 1949 1304 1982 subtilis
1315 1950 1402 1982 adeo
1415 1951 1534 1992 palati,
1550 1955 1588 1982 ut
1601 1961 1680 1992 gus-

216 2001 359 2034 Bestiae.
388 2001 471 2034 idem
499 2003 600 2044 quicq.
626 2004 680 2042 15⁴:-
704 2002 770 2034 hoc
796 2010 916 2033 sensu:

215 2051 356 2084 Bestius
384 2061 506 2084 avarus
537 2062 558 2084 a
587 2052 715 2084 Maenio
743 2052 919 2084 luxurioso

214 2101 361 2134 sordida
385 2103 564 2144 parcitatis
586 2106 764 2135 accusatus
779 2107 816 2134 et
831 2101 918 2134 acri-

215 2156 270 2184 ter
285 2157 477 2194 correptus,
490 2162 560 2195 prae
573 2153 624 2184 irn
635 2157 671 2184 et
683 2152 918 2193 indignatione

217 2201 371 2242 dicebat,
391 2204 401 2221 ‘
419 2203 566 2238 urendos
590 2207 753 2244 nepotum
776 2207 916 2235 ventres

215 2252 342 2285 lamina
365 2253 557 2285 candente.’
599 2253 709 2285 Bestii
736 2253 915 2285 avaritiam

216 2304 328 2344 carpit
346 2303 444 2335 Pers.
459 2303 532 2335 sat.
547 2306 580 2335 6.
598 2331 600 2334 ,

259 2353 348 2384 Idem
365 2353 534 2394 Quicquid,
559 2354 629 2395 &so-,J
655 2353 720 2385 Ille
743 2353 802 2395 qui
826 2353 918 2384 domi

218 2402 313 2433 tenui
345 2403 439 2435 victu
462 2408 644 2436 contentus
673 2409 759 2443 erat,
782 2403 919 2445 qnando

217 2452 378 2483 lautiores
388 2458 510 2485 nactus
518 2453 626 2495 dapes
636 2454 855 2495 deglutierat,
863 2464 921 2485 ex-

218 2501 344 2542 quisito
361 2511 483 2542 sapore
498 2501 641 2536 affectus
657 2503 771 2536 aiebat
785 2514 794 2535 ε
815 2504 919 2536 Haud

217 2552 321 2584 miror
335 2552 426 2594 quod
442 2562 526 2593 opes
547 2554 728 2586 absumant
748 2555 866 2596 aliqui,
880 2560 919 2586 ut

217 2602 420 2634 delicatiora
434 2603 615 2635 comedant
630 2604 783 2636 obsonia.

260 2654 303 2683 40
321 2651 421 2684 Obeso
437 2652 498 2684 Nil
511 2653 620 2684 melius
633 2653 742 2694 turdo]
762 2654 918 2686 Martial.

218 2710 303 2734 xm.
317 2705 372 2734 92.
387 2702 478 2734 inter
494 2711 573 2733 aves
590 2702 691 2734 turdo
709 2704 851 2744 primam
867 2713 919 2734 sa-

218 2752 312 2793 poris
337 2753 480 2794 gloriam
502 2751 693 2794 adjudicat.
730 2752 829 2785 Pers.
845 2753 918 2786 Sat.

220 2811 270 2834 vr.
287 2804 341 2834 24.
357 2805 514 2834 ‘tenuem
531 2802 636 2834 solers
650 2803 827 2835 turdarum
843 2812 919 2835 nos-

975 2004 1012 2031 tn
1024 1999 1266 2040 dignoscerent
1279 1999 1455 2032 turdorum
1467 2010 1610 2043 sapores
1624 2012 1680 2033 vn·

974 2049 1058 2091 rios,
1073 2059 1116 2082 an
1132 2051 1334 2091 sylvestres,
1349 2060 1392 2082 an
1407 2060 1450 2082 ex
1467 2051 1594 2084 aviario
1608 2062 1618 2091 ;
1636 2062 1680 2084 an

972 2113 1098 2143 mares,
1109 2113 1151 2135 an
1164 2102 1325 2136 foeminae.
1346 2103 1435 2135 Vide
1447 2113 1552 2145 supra
1566 2113 1589 2136 1.
1605 2104 1681 2137 Sat.

972 2158 1003 2186 ⁵.
1021 2159 1058 2185 et
1074 2163 1116 2185 ιι.
1131 2154 1206 2186 Sat.
1221 2157 1256 2186 2.

1005 2206 1046 2235 41
1063 2204 1178 2246 Vulva]
1190 2203 1387 2238 Jucundam
1401 2204 1516 2245 palato
1527 2209 1563 2236 et
1573 2205 1679 2236 maxi-

972 2263 1025 2285 me
1039 2254 1222 2286 delicatam
1236 2255 1431 2296 primiparae
1448 2254 1517 2286 suis
1531 2255 1679 2295 vulvam,

972 2307 1119 2335 testatur
1135 2304 1227 2336 Plin.
1240 2306 1384 2336 v111.5l.
1396 2308 1433 2335 et
1446 2313 1498 2335 Χι.
1510 2307 1563 2336 37.
1584 2304 1679 2335 Mar-

972 2354 1044 2386 tial.
1058 2363 1141 2385 xm.
1157 2357 1212 2386 56.
1236 2354 1246 2371 ‘
1264 2354 1323 2385 Me
1339 2359 1494 2385 materna
1516 2354 1613 2395 gravi
1635 2354 1678 2385 de

971 2413 1031 2435 sne
1050 2405 1150 2435 vulva
1165 2403 1283 2445 capit!

1013 2456 1056 2484 42
1066 2453 1131 2484 Hic
1143 2463 1201 2494 ego
1213 2454 1295 2495 sum]
1310 2454 1437 2485 Maenio
1450 2453 1569 2485 similis
1585 2463 1677 2485 sum:

973 2514 1079 2545 parvo
1106 2509 1142 2537 et
1163 2505 1222 2536 vili
1242 2509 1439 2546 contentus,
1453 2515 1529 2536 cum
1552 2505 1679 2536 desunt

971 2554 1112 2586 meliora
1126 2565 1134 2586 :
1154 2554 1291 2596 quando
1306 2564 1388 2586 vero
1403 2558 1594 2595 suppetunt
1607 2555 1679 2585 lau-

972 2603 1072 2641 tiora,
1094 2604 1167 2636 haec
1193 2613 1275 2635 sane
1299 2603 1390 2635 haud
1417 2612 1554 2644 sperno,
1575 2603 1678 2635 immo

973 2655 1150 2687 collaudo:
1174 2660 1210 2686 et
1227 2654 1352 2696 quibus
1375 2663 1459 2695 opes
1482 2659 1584 2696 atque
1599 2654 1676 2686 istae

972 2705 1105 2737 deliciae
1121 2706 1260 2745 adsunt,
1270 2704 1390 2736 beatos
1407 2713 1530 2736 censeo
1541 2708 1577 2736 et
1589 2713 1677 2746 prae·

973 2755 1063 2787 dico.
