1930 3204
391 255 500 295 1626

387 358 592 392 accusatum,
623 360 681 387 aut
706 356 813 396 gratia
839 361 897 388 aut
921 357 1072 389 sordibus

387 404 586 444 absolutum,
594 404 696 435 fuisse
707 405 919 436 crediderim.
934 406 1074 438 Torreat.

387 453 512 493 Petilli]
536 453 688 484 Petillius
703 463 778 484 cum
793 463 947 486 coronam
970 464 988 485 e
1011 455 1074 486 Ca·

388 503 507 541 pitolio
523 502 751 542 surripuisset,
759 503 889 543 judicio
902 503 1073 536 absolutus

387 557 451 582 est.

428 603 469 631 95
492 599 665 640 Defende-⁹]
697 601 762 642 Tu,
790 601 910 642 inquit,
939 602 995 643 qui
1018 611 1072 634 me

387 648 535 679 invidum
563 654 598 680 et
628 650 816 682 mordacem
859 655 967 692 notas,
994 651 1071 683 vide

386 706 484 736 anne,
507 698 584 728 dum
600 702 633 729 te
649 699 789 730 amicum
804 700 948 739 simulas,
967 701 1072 732 multo

387 746 569 786 improbius
594 757 726 788 pecces,
747 748 923 780 verborum
945 749 1071 781 blandi·

387 795 442 826 tiis
459 804 622 827 venenum
638 797 796 837 aspirans,
823 803 857 829 et
877 802 1001 840 quanto
1017 808 1070 830 oo-

385 843 518 880 cultior,
530 847 625 875 tanto
635 845 768 884 gravior
779 846 942 878 inimicus.
966 848 1070 879 Recte

385 893 486 923 etiam
516 892 668 924 Ennius:
703 893 713 910 ⁴
734 895 784 925 Eo
810 895 945 935 ingenio
974 901 1071 927 natus

385 950 469 980 sum,
491 941 672 972 amicitiam
693 946 794 983 atque
814 944 1020 976 inimicitiam
1036 945 1070 976 in

385 988 495 1019 fronte
510 993 698 1029 promptam
714 991 817 1031 gero!
836 993 974 1024 Tor-rent.

425 1040 468 1068 96
496 1039 551 1068 Me
577 1039 782 1079 Capitolinus]
819 1041 988 1073 Defendas
1017 1043 1068 1074 his

384 1091 482 1118 utens
499 1086 623 1126 verbis,
639 1089 696 1118 Me
714 1089 825 1129 Capit.
842 1091 906 1121 διο.
941 1091 1069 1122 Convic-

385 1139 450 1167 tore
461 1146 546 1177 usus,
560 1137 729 1178 amicoque]
761 1138 909 1171 Conviva
924 1143 959 1171 et
975 1140 1069 1172 fami·

383 1185 470 1217 liari-

424 1237 467 1266 99
487 1235 647 1267 Judicium
674 1237 766 1278 illud]
805 1238 903 1271 Quod
932 1248 996 1270 nou
1024 1239 1068 1271 sit

383 1283 501 1316 missus
532 1286 564 1315 in
596 1286 731 1317 exilium
762 1292 902 1327 propter
929 1287 1066 1320 furtum.

380 1333 478 1372 [Vat.
495 1334 591 1365 Rom.
606 1338 638 1366 2.
653 1335 748 1373 sucus
763 1346 822 1376 pro
836 1347 951 1368 succus.
988 1338 1066 1369 Plu-

382 1382 456 1412 rimi
470 1383 567 1414 codd.
584 1384 673 1421 Feae,
688 1385 801 1424 sucus]

425 1434 486 1462 100
509 1432 576 1462 Hic
588 1433 686 1471 nigroe
699 1443 804 1466 succus
819 1435 973 1476 loliginis]
999 1437 1066 1467 Ex-

382 1480 524 1520 primere
541 1486 682 1513 conatur
697 1483 813 1522 quovis
829 1484 925 1524 nigro
946 1485 1068 1525 nigrio-

381 1538 448 1560 rem
464 1539 547 1570 esse,
561 1531 618 1571 qui
632 1531 772 1562 amicum
790 1537 857 1563 tam
873 1534 1019 1565 latenter
1031 1539 1067 1566 et

379 1578 538 1610 insidiose
554 1580 665 1611 loedat.
698 1582 707 1598 ‘
723 1580 854 1620 Loligo’
869 1587 994 1622 autem,
1009 1588 1067 1615 aut

379 1628 388 1644 ‘
405 1628 539 1667 lolligo’
563 1629 658 1669 quasi
683 1629 693 1646 ‘
710 1629 845 1670 voligo,'
871 1631 899 1661 si
924 1632 1067 1663 Varroni

382 1677 558 1711 credimus,
593 1677 682 1717 quod
716 1686 757 1708 ex
785 1687 872 1718 aqua
900 1679 1067 1719 subvolet,

382 1725 504 1756 Graece
515 1725 616 1757 τευθὶς
628 1726 734 1766 dieta,
745 1736 787 1757 ex
799 1736 910 1758 eorum
927 1729 1068 1768 piscium

379 1783 503 1813 genere
532 1779 598 1814 est,
621 1775 678 1816 qui
705 1777 874 1816 sanguinis
898 1781 1067 1817 expertes,

378 1823 494 1853 molles
514 1824 743 1863 appellantur:
768 1826 882 1865 quales
897 1826 999 1857 etiam
1015 1835 1067 1857 se-

381 1873 438 1911 pia
451 1877 487 1903 et
502 1874 658 1914 polypus».
702 1874 748 1905 Et
764 1874 796 1904 hi
814 1875 959 1915 quidem,
971 1879 1008 1906 ut
1023 1875 1066 1906 ab

378 1920 563 1952 Aristotele
588 1921 648 1953 lib.
671 1931 720 1953 ιν.
777 1923 830 1954 De
855 1924 1019 1963 partibus,
1032 1928 1067 1955 et

378 1969 433 2000 lib.
452 1978 485 2000 v.
510 1970 553 2001 de
576 1971 730 2002 Historia
755 1972 947 2004 animalium
965 1973 1066 2004 tradi-

377 2021 444 2056 tur,
468 2019 599 2050 viscera
622 2029 687 2050 non
713 2020 849 2060 habent,
872 2022 930 2053 sed
952 2022 1065 2052 humo-

377 2075 445 2096 rem
462 2067 652 2106 quemdam,
674 2067 765 2105 μύτιν
790 2069 858 2109 alii,
883 2070 956 2109 ipse
974 2069 1066 2100 θόλον

377 2116 526 2154 appellat
543 2125 552 2153 ;
590 2125 661 2150 nos,
690 2118 876 2156 praesertim
907 2118 941 2148 in
971 2119 1065 2157 sepia

378 2167 601 2194 atramentum
628 2163 780 2195 dicimus.
804 2165 944 2196 Torrent.
999 2166 1065 2197 Hic

377 2213 480 2251 uigroe
495 2222 601 2243 succus
616 2213 764 2252 loliginis,
777 2213 842 2244 haec
855 2214 916 2253 est]
943 2214 1064 2255 Hujus-

376 2260 466 2291 modi
486 2261 592 2291 oratio
609 2262 733 2292 occulti
755 2262 824 2292 odii
847 2266 899 2293 est
912 2263 1064 2303 plenissi-

376 2318 450 2340 ma:
467 2309 567 2340 ducta
584 2314 635 2340 est
652 2309 805 2349 Metapli.
819 2309 861 2340 ab
874 2315 1064 2341 atramento

376 2359 478 2399 piscis
493 2359 646 2399 loliginis,
666 2368 739 2399 quae
754 2359 831 2390 alba
846 2363 899 2391 est
912 2366 1064 2402 externe,

377 2410 467 2439 intus
481 2413 590 2439 autem
607 2409 713 2448 nigra.

418 2460 478 2488 101
501 2458 621 2495 AErugo
641 2457 740 2496 mera]
762 2457 891 2488 Vitium
913 2458 975 2490 lioc
997 2462 1063 2490 ‘ae-

376 2505 545 2546 ruginem’
561 2510 673 2545 vocat,
688 2505 776 2545 quod
791 2505 944 2537 amicitiae
960 2516 999 2538 ac
1015 2508 1063 2538 vi-

375 2560 420 2586 tae
436 2554 604 2586 hominum
619 2564 682 2585 non
694 2554 802 2585 minus
813 2565 912 2595 quam
926 2556 982 2587 illa
994 2557 1063 2596 aeri,

375 2608 432 2633 aut
446 2602 583 2643 ferrugo
605 2601 695 2633 ferro
718 2603 901 2643 perniciem
916 2604 1061 2636 adferat.

373 2651 595 2691 ‘AEruginern'
613 2660 693 2682 vero
716 2651 770 2682 hic
798 2661 860 2692 pro
875 2657 1061 2684 atramento

374 2700 498 2730 sutorio
521 2699 687 2740 accipere,
711 2699 800 2741 quod
814 2699 991 2740 χάλκανθον
1005 2712 1059 2733 vo·

374 2751 454 2779 cant
469 2747 594 2786 Graeci,
605 2748 780 2782 ridiculum
793 2754 855 2782 est.
878 2750 964 2782 Vide
975 2751 1060 2788 Tur-

847 267 983 296 NOTAE
1016 267 1274 299 VARIORUM

1308 272 1356 300 IN

1122 359 1195 390 neb.
1210 369 1296 391 xxx.
1311 364 1363 394 30.
1387 363 1526 394 Torrent.
1571 365 1690 404 AErugo
1705 367 1800 407 mera]

1121 409 1220 439 Virus
1233 415 1266 440 et
1280 411 1383 449 pestis
1394 411 1559 444 amicitiae.
1591 413 1681 448 Quod
1692 414 1802 445 vicima

1117 458 1222 495 procul
1248 458 1365 498 abfore]
1401 460 1527 491 Vitium
1557 461 1802 494 maledicentiae

1120 505 1274 538 simulata
1283 507 1429 538 amicitia
1443 513 1555 539 tectae.
1575 509 1706 550 Absore]
1725 510 1802 541 Non

1121 554 1207 586 male
1222 556 1336 588 Lamb.
1359 557 1466 594 afore,-
1487 567 1561 589 nam
1586 567 1644 590 nos
1669 567 1802 600 quoque

1122 602 1155 632 in
1191 603 1293 635 tribus
1328 605 1462 645 optimis
1497 606 1668 638 codicibus
1704 605 1803 647 affore

1121 651 1281 692 scriptum
1309 654 1506 694 reperimus,
1543 664 1604 694 pro
1637 655 1732 695 qfore,
1763 659 1803 687 ut

1119 709 1208 740 saepe
1234 701 1266 731 in
1291 701 1472 733 Pandectis
1498 703 1696 734 Florentinis
1721 702 1804 741 asrdt

1119 757 1179 788 pro
1193 748 1301 787 alffuit.
1323 750 1417 782 Torr.
1469 750 1585 788 Absore
1601 751 1732 793 chartis]
1769 751 1802 783 A

1119 797 1256 837 scriptis
1271 805 1306 829 et
1318 799 1427 829 animo
1438 807 1522 829 meo.

1160 846 1237 885 [102
1264 847 1371 878 Codd.
1389 847 1518 888 Feae,si
1532 847 1596 888 qui,
1612 851 1646 879 et
1661 848 1711 880 sic
1727 848 1799 890 ipse

1120 893 1251 933 edidit.]

1163 945 1222 973 10³
1246 942 1391 974 Liberius
1404 945 1431 974 si
1445 944 1533 984 quid]
1565 945 1731 976 Precatnr
1745 954 1802 976 ve-

1119 991 1204 1021 niam
1221 1001 1290 1022 suae
1305 991 1470 1031 libertati,
1479 1001 1518 1023 ea
1530 993 1618 1033 lege,
1629 997 1666 1024 ut
1677 993 1706 1024 si
1720 993 1801 1034 quid

1119 1040 1290 1076 urbanius,
1302 1041 1330 1072 si
1338 1040 1486 1080 ,iocosius
1498 1044 1536 1072 et
1549 1041 1658 1072 minus
1673 1050 1802 1073 amaru·

1118 1089 1244 1120 lentum
1262 1089 1400 1130 dixerit,
1421 1098 1518 1121 nemo
1542 1089 1677 1131 gravius
1698 1088 1802 1122 offen·

1119 1138 1229 1170 datur.
1254 1139 1349 1179 Cruq.

1161 1190 1220 1227 105
1235 1188 1372 1220 Insuevit
1384 1191 1472 1229 pater
1485 1188 1616 1229 optimus
1629 1188 1684 1220 lwc
1694 1198 1742 1220 me
1756 1189 1801 1220 Ut

1108 1237 1267 1277 fugerem]
1281 1237 1336 1269 Sic
1347 1247 1473 1269 summo
1488 1237 1644 1270 librorum
1656 1239 1800 1270 omnium

1118 1295 1280 1317 consensu
1305 1287 1448 1327 legitur:
1470 1296 1537 1318 non
1562 1293 1655 1319 recte
1682 1287 1798 1319 Lamb.

1118 1335 1225 1366 locum
1240 1335 1328 1366 hunc
1343 1339 1474 1367 mutare
1489 1345 1585 1367 ausus
1607 1340 1671 1377 est,
1693 1345 1733 1367 ac
1754 1337 1798 1366 le-

1118 1393 1210 1424 gere,
1240 1384 1359 1416 Insevit
1388 1387 1480 1424 pater
1501 1385 1631 1425 optimus
1654 1385 1710 1414 hoc
1733 1385 1798 1420 mi,-

1117 1433 1176 1463 sed
1201 1434 1298 1471 male,
1319 1433 1353 1464 ni
1378 1433 1486 1464 fallor.
1530 1433 1650 1474 Neque
1671 1434 1758 1464 enim
1779 1443 1799 1463 a

1115 1486 1237 1512 natura
1265 1482 1329 1513 sibi
1358 1487 1417 1514 aut
1445 1484 1638 1522 parentibus
1667 1483 1798 1513 insitam

1116 1530 1201 1561 lianc
1224 1530 1410 1561 istiusmodi
1435 1531 1586 1562 vitiorum
1612 1531 1724 1571 fugam
1750 1531 1798 1562 ait

1116 1578 1287 1620 Horatius,
1309 1579 1367 1610 sed
1383 1580 1431 1610 ita
1443 1589 1477 1610 se
1492 1578 1716 1611 assuefactum
1729 1588 1798 1610 mo·

1115 1628 1242 1658 nitione
1266 1631 1418 1667 paterna,
1439 1633 1476 1658 ut
1494 1628 1673 1668 propositis
1688 1637 1798 1660 exem-

1116 1675 1192 1715 plis,
1204 1685 1277 1715 quae
1292 1676 1365 1706 aliis
1381 1677 1467 1706 male
1479 1677 1617 1707 cessisse
1633 1677 1797 1718 intellige-

1115 1728 1180 1762 ret,
1203 1733 1244 1754 ea
1266 1727 1302 1754 et
1322 1724 1395 1763 ipse
1415 1729 1572 1764 quantum
1588 1730 1701 1764 posset
1715 1725 1798 1758 effu-

1116 1777 1224 1812 geret.
1267 1771 1378 1813 Atque
1399 1773 1483 1804 adeo
1499 1773 1658 1804 docti-inae
1679 1775 1798 1814 magis,

1116 1831 1192 1862 quae
1228 1822 1292 1852 vim
1325 1822 1456 1853 insitam
1482 1821 1669 1863 promovet,
1699 1833 1798 1864 qnam

1115 1876 1243 1902 naturae
1258 1875 1316 1902 aut
1329 1870 1432 1903 lndoli
1448 1881 1517 1902 suae
1542 1871 1576 1902 id
1600 1872 1797 1904 beneficium

1115 1929 1151 1951 se
1166 1920 1289 1951 debere
1303 1919 1450 1952 fatetur:
1472 1925 1509 1952 ut
1523 1929 1564 1952 n.
1586 1922 1658 1953 Sat.
1672 1925 1702 1954 2.
1729 1927 1738 1940 ‘
1750 1923 1797 1954 U·

1114 1972 1210 1999 terve
1225 1968 1279 1999 Ad
1295 1977 1392 2000 casus
1405 1968 1524 2000 dubios
1538 1968 1620 2001 fidet
1640 1970 1703 2002 sibi
1725 1980 1796 2003 rec·

1115 2018 1200 2049 tius?
1223 2019 1277 2049 hic
1292 2019 1348 2059 qui
1363 2018 1518 2049 Pluribus
1536 2019 1678 2050 assuerit
1705 2028 1797 2051 men-

1114 2073 1181 2098 tem
1192 2066 1215 2097 ?’
1239 2067 1307 2098 Cur
1319 2067 1420 2106 igitur
1437 2066 1573 2097 verbum
1587 2067 1719 2098 insuevit
1731 2076 1796 2099 non

1113 2116 1231 2147 eodem
1254 2115 1354 2146 modo
1375 2116 1428 2145 hic
1453 2116 1660 2154 accipiatur?
1681 2115 1795 2157 Atque

1112 2165 1161 2195 ita
1175 2164 1291 2195 Graeci
1313 2173 1444 2203 quoque
1465 2163 1567 2194 verbo
1590 2163 1717 2202 ἐθίζομαι
1743 2166 1795 2196 usi

1113 2218 1201 2244 sunt.
1234 2213 1289 2244 Sic
1303 2213 1438 2243 insuevit
1451 2222 1498 2243 me
1512 2212 1566 2244 hoc
1581 2217 1618 2244 ut
1633 2214 1793 2254 fugerem,

1112 2270 1233 2302 nempe
1269 2270 1331 2301 per
1367 2261 1566 2300 synchysin,
1601 2265 1638 2294 ut
1673 2268 1795 2295 vocant

1113 2309 1345 2347 Grammatici,
1366 2318 1460 2339 more
1475 2309 1591 2340 Poeta
1607 2315 1721 2342 nostro
1737 2312 1794 2343 ad-

1112 2358 1245 2389 modum
1261 2357 1426 2389 familiari.
1449 2357 1536 2389 Vide
1545 2359 1690 2391 Turneb.
1705 2368 1795 2393 xxx.

1113 2410 1164 2438 19.
1189 2407 1329 2441 Torreat.
1382 2407 1482 2438 Pater
1501 2408 1632 2447 optimus
1655 2408 1710 2440 hoc
1733 2409 1795 2450 me]

1111 2457 1216 2488 Pater
1240 2465 1333 2487 meus
1357 2456 1527 2487 inserebat
1550 2457 1625 2488 haec
1650 2458 1737 2490 bona
1759 2459 1794 2490 in

1110 2515 1174 2541 me,
1198 2505 1252 2536 vel
1278 2509 1375 2545 pater
1397 2514 1489 2536 meus
1503 2505 1722 2538 insuescendo
1736 2507 1792 2538 do·

1110 2554 1180 2586 cuit
1194 2563 1248 2585 me
1261 2554 1335 2585 hoc.
1788 2558 1790 2561 ’

1152 2606 1214 2634 106
1240 2603 1286 2633 Ut
1300 2603 1447 2641 sugerem
1467 2601 1613 2643 exemplis
1631 2603 1791 2644 vitiorum]

1110 2652 1158 2683 Ut
1169 2661 1309 2693 quaeque
1322 2651 1476 2681 vitiorum
1487 2649 1651 2691 fugerem,
1661 2660 1700 2682 ea
1713 2652 1792 2684 vitia

1109 2700 1256 2732 notando
1285 2699 1458 2740 exemplis.
1518 2700 1676 2739 Exemplis
1704 2699 1790 2732 vitie-

1109 2749 1192 2791 rum]
1215 2749 1354 2791 Optima
1375 2757 1414 2783 ae
1438 2747 1682 2789 simplicissima
1695 2746 1787 2780 insti·
