1916 3262
489 315 697 349 nourrii
733 313 1007 346 etiamnum
1045 314 1140 345 mu.
1172 313 1202 345 1.
1232 306 1273 346 3.

143 414 187 446 tis
199 414 308 446 Stella
323 412 468 451 refulsit,
486 408 638 448 Defluit‚'
652 410 718 440 &c-
755 407 846 440 Illud

143 473 228 496 vero
244 463 429 496 notandum
450 461 575 493 fratres
597 460 680 491 istos
695 467 763 490 non
781 458 847 488 nisi

143 513 348 554 conjunctos
357 510 626 553 periclitantibus
633 517 848 540 succurrere.

145 563 224 595 Hoc
240 563 329 595 enim
346 567 411 602 est,
430 560 521 604 quod
540 560 631 592 Plin.
659 559 767 591 tradit
792 568 847 591 xr.

144 615 200 644 8⁷.
245 612 424 645 Castorum
440 612 569 651 stellas,
589 620 666 642 cum
683 610 781 641 simul
797 610 847 641 vi·

144 662 281 700 dentur,
303 663 470 695 salutares
491 661 608 693 credi:
634 671 710 693 cum
735 661 847 692 solita·

143 712 217 753 riae,
240 722 361 754 graves
380 718 415 744 et
442 712 558 743 noxias
574 721 674 743 esse:
702 712 846 743 Helenae

142 771 226 794 vero
241 763 375 795 stellam
389 763 496 794 diram
519 772 656 803 semper
681 768 718 794 et
745 761 847 794 infes-

141 818 223 846 tam.
249 814 396 847 Torreat.
441 814 575 846 Fratres
594 812 742 854 Helenoe]
763 814 845 845 Cas-

142 870 207 904 tor,
217 870 252 897 et
265 865 402 902 Pollux,
413 870 595 897 nautarum
613 866 848 906 opitulatores.

140 914 262 947 Lucida
281 916 404 958 sidera]
431 916 557 948 Nautis
573 925 634 947 sua
649 916 724 947 luce
742 916 845 947 bene-

141 965 230 998 vola.

183 1017 203 1046 a
227 1015 343 1056 Pater]
367 1017 494 1048 AEolns.

182 1068 204 1097 4
230 1066 404 1098 Obstrictis
417 1066 506 1107 aliis]
525 1066 610 1097 Aliis
625 1067 736 1098 ventis
753 1066 844 1099 vinc-

140 1115 199 1154 tis,
211 1121 246 1147 et
261 1116 296 1147 iu
310 1122 387 1148 utre
401 1117 551 1156 inclusis,
561 1117 844 1158 quemadmodum

141 1165 186 1196 ab
201 1165 295 1197 ΙΕοΙο
307 1175 423 1198 omues
436 1167 532 1199 venti
547 1166 619 1198 dati
635 1171 715 1198 sunt
733 1167 846 1208 Ulyssi

144 1219 272 1256 praeter
288 1215 493 1257 Zephyrum,
518 1216 576 1258 qni
591 1216 679 1247 liber
695 1221 731 1248 et
755 1217 846 1248 solu·

142 1269 198 1295 tus
213 1274 290 1296 cum
307 1264 445 1297 deferat
466 1267 501 1297 in
519 1266 676 1306 patriam.
722 1267 847 1298 Pru-ter

143 1315 282 1358 Iapyga]
318 1317 407 1348 Sunt
437 1317 625 1357 peculiares
655 1316 846 1359 quibusque

140 1367 302 1408 gentibus
315 1368 495 1407 venti,nou
513 1369 602 1399 ultra
619 1374 753 1399 certum
770 1378 845 1408 pro·

139 1416 303 1448 cedentes
333 1417 410 1448 coeli
437 1422 596 1448 tractum.
641 1417 776 1449 Gellius
804 1426 843 1449 n.

138 1468 194 1498 22.
210 1464 354 1506 Ἰάπυγα,
366 1466 487 1508 inquit,
502 1466 513 1485 ‘
525 1477 568 1498 ex
585 1467 692 1508 ipsius
707 1466 843 1508 Apuliae

136 1524 198 1547 ora
214 1515 507 1557 proficiscentem,
519 1516 622 1558 Apuli
640 1515 760 1549 eodem
777 1528 844 1559 quo

136 1565 204 1608 ipsi
218 1575 254 1598 se
269 1566 406 1599 nomine
419 1567 587 1610 Iapygem
599 1568 733 1601 dicunt.
757 1569 844 1601 Eum

137 1625 211 1648 esse
226 1617 471 1658 propemodum
489 1618 639 1650 Caurum
661 1619 840 1652 existimo:

137 1675 216 1698 nam
231 1671 269 1699 et
285 1672 338 1699 est
353 1667 577 1700 occidentalis
589 1673 626 1700 et
637 1669 775 1701 videtur
783 1670 842 1701 ad-

137 1725 254 1748 versus
270 1717 397 1749 Eurum
422 1716 530 1750 flare.’
574 1718 736 1759 Virgilius
763 1729 843 1751 vero

139 1767 338 1800 Brundusio
369 1769 471 1799 solvit
501 1768 682 1800 Orientem
711 1777 843 1800 versus.

139 1817 234 1849 Nulli
250 1821 364 1849 autem
389 1817 530 1848 dubium
555 1818 637 1858 quin
665 1818 707 1848 ad
732 1823 842 1849 utrem

138 1866 254 1907 Ulyssi
271 1868 407 1907 plenum
423 1867 535 1898 ventis
552 1871 680 1907 praeter
707 1866 842 1907 Zephy-

139 1924 214 1947 rum
251 1916 295 1947 ab
326 1916 423 1947 AEolo
452 1916 616 1947 donatum
650 1916 844 1957 respexerit

142 1964 317 1997 Horatius.
343 1965 487 1998 Torreat.
532 1965 671 2008 Iapyga]
695 1967 843 1999 Ventum

139 2022 184 2046 ox
200 2015 326 2056 Apulia
340 2013 494 2054 flantem,
517 2016 557 2046 iis
579 2016 710 2056 utilem,
726 2017 785 2058 qui
801 2026 842 2048 ex

139 2064 243 2097 Italia
257 2065 292 2096 in
307 2065 481 2098 Graeciam
498 2066 672 2106 navigant.

181 2117 201 2145 5
219 2114 413 2156 Navi-sque
423 2113 500 2155 tibi]
518 2114 665 2153 Navem,
677 2118 841 2157 tanquam

137 2163 236 2196 bonae
266 2162 349 2196 fidei
378 2165 567 2197 debitorem
599 2165 772 2205 admonet,
802 2171 841 2197 ut

137 2223 238 2256 quem
264 2216 428 2256 sospitem
455 2216 647 2256 acceperit,
675 2216 839 2257 sospitem

138 2265 275 2298 redd-t.
299 2266 443 2298 Tor-rent.

180 2317 202 2348 8
222 2315 347 2347 Anime
358 2316 525 2348 dimidium
535 2317 626 2358 mm]
646 2316 738 2348 vitae
752 2325 838 2348 mese

138 2363 328 2397 dimidium.
373 2365 570 2397 Amicorum
591 2365 680 2398 enim
705 2376 772 2398 uua
788 2371 841 2398 est

139 2415 250 2446 anima
266 2415 300 2446 ia
316 2415 446 2447 duobus
462 2417 674 2457 corporibus.

182 2467 205 2496 0
226 2464 282 2496 11ιί
295 2465 390 2496 robur
403 2469 436 2496 et
449 2475 494 2496 as
507 2466 637 2506 triplex]
653 2466 724 2498 Pro
731 2466 840 2507 tripli-

141 2515 212 2547 cati
228 2515 306 2547 aeris
319 2514 443 2546 robore
463 2515 595 2547 dietum
611 2517 839 2558 accipiamus:

142 2569 179 2596 ut
198 2563 352 2596 ‘eterna
373 2563 456 2596 ferri
480 2565 618 2597 robora'
641 2565 731 2598 dixit
747 2567 842 2608 Vlrg.

142 2619 179 2646 et
199 2614 337 2646 ‘orbem
361 2623 429 2645 aere
457 2623 578 2646 cavum
604 2615 756 2655 triplici,'
778 2625 842 2656 pro

140 2665 263 2706 clypeo
290 2664 534 2696 munitissimo:
573 2665 667 2705 quasi
690 2663 842 2697 ferreum

141 2723 318 2747 aeneumve
334 2714 439 2746 fuisse
455 2714 549 2746 dicat
565 2713 689 2754 Poeta,
702 2714 759 2756 qui
774 2715 843 2756 pri·

141 2772 215 2797 mus
243 2766 406 2807 navigare
427 2774 528 2796 ausus
553 2765 611 2806 sit,
638 2764 700 2796 Gr.
722 2763 842 2805 σιδηρό·

138 2820 224 2856 φρυν
237 2820 272 2847 et
287 2813 522 2856 χιλιοκάρδοος.
544 2814 685 2846 Torreat.
724 2813 778 2846 lus·
790 2823 842 2846 m-

138 2862 223 2906 tto-J-
242 2865 328 2897 Erat
344 2865 402 2897 ille
417 2865 527 2896 auimo
541 2864 695 2906 robusto,
710 2870 746 2896 et
762 2872 840 2906 pec-

1490 302 1603 350 1343

900 411 974 439 tore
991 406 1116 449 ferreo,
1132 408 1188 449 qui
1206 406 1330 438 nullius
1347 407 1490 448 periculi
1509 415 1604 441 metu

899 458 1048 496 territus,
1074 458 1202 498 primus
1229 457 1388 498 navigare
1412 467 1512 488 ausus
1539 464 1604 492 est.

898 507 954 540 Illi
975 514 1050 540 erat
1066 507 1208 547 χάλκεον
1222 509 1348 545 στῆθος.
1395 508 1454 539 AEs
1469 509 1603 550 triplex]

897 556 1011 589 Acron
1035 563 1071 589 et
1095 558 1279 590 Lambinus
1303 558 1435 597 volunt,
1461 557 1603 590 verbnm

897 617 972 639 esse
1002 609 1046 640 ab
1074 609 1236 641 usurariis
1264 614 1430 647 tractum,
1459 617 1604 650 quorum

896 659 1056 697 avaritia,
1077 669 1136 700 spe
1160 659 1246 690 lucri
1267 660 1321 690 vel
1337 659 1535 690 commercii
1553 659 1604 690 in-

897 713 1036 741 ventum
1051 710 1224 749 navigium
1242 711 1296 740 sit.

939 762 980 791 12
1015 760 1214 801 Proecipitem
1244 760 1408 801 Asi-icum]
1449 759 1604 791 Africum

897 810 1140 851 impetuosum,
1155 811 1212 852 qui
1227 811 1424 852 praecipitat
1437 810 1603 853 quicquid

897 861 1060 901 impellit.

939 912 979 941 13
1012 909 1235 942 Decertoentem
1263 908 1486 951 Aquilonibus]
1524 910 1602 943 Col-

896 961 1082 993 luctantem
1100 971 1175 993 cum
1191 962 1432 1004 Aquilonibus,

940 1015 980 1044 14
1005 1013 1153 1055 Hyadas,
1167 1024 1222 1045 nec
1232 1015 1347 1046 rabiem
1362 1013 1458 1054 Noti]
1480 1013 1603 1046 Stellas

897 1072 918 1094 a
942 1062 1051 1095 fratre
1079 1064 1218 1105 Hyante
1245 1064 1294 1095 sic
1320 1065 1451 1104 «ἥρωες
1482 1065 1602 1095 noxias

898 1113 1093 1154 admodum,
1108 1119 1143 1146 et
1160 1115 1343 1155 pluviosus,
1357 1114 1433 1156 quia
1450 1124 1512 1145 suo
1524 1118 1603 1145 ortu

898 1171 932 1196 et
949 1175 1075 1197 occasu
1092 1165 1224 1206 pluvias
1241 1166 1352 1197 solent
1363 1166 1529 1203 excitare,
1540 1165 1603 1196 ἀπὸ

897 1217 956 1247 τοῦ
970 1216 1034 1247 ὕειν
1048 1216 1165 1248 dicta!-

946 1270 982 1298 15
1003 1268 1072 1303 Quo
1087 1277 1148 1299 non
1162 1267 1280 1299 arbiter
1295 1265 1423 1306 Adriae]
1438 1267 1516 1300 Quo
1533 1267 1604 1298 No·

900 1322 935 1349 to
959 1318 1071 1348 nullus
1100 1322 1151 1349 est
1174 1322 1294 1348 ventus
1321 1317 1430 1357 major
1445 1316 1601 1347 dominus

898 1367 999 1397 maris
1017 1367 1195 1401 Adriatici,
1212 1367 1245 1398 id
1262 1371 1328 1402 est,
1344 1367 1400 1408 qui
1419 1366 1527 1407 majus
1543 1366 1603 1397 ob-

896 1417 984 1448 tinet
1007 1417 1186 1457 imperium
1210 1418 1242 1448 in
1265 1427 1356 1448 mare
1373 1416 1603 1457 Adriaticum,

895 1467 967 1498 sive
981 1469 1170 1506 concitare,
1193 1468 1264 1498 sive
1288 1467 1411 1498 sedare
1428 1467 1500 1498 vult
1517 1465 1601 1498 fluc-

898 1522 960 1548 tus.
1005 1517 1153 1558 Arbiter]
1178 1518 1248 1549 Per
1263 1517 1428 1549 arbitrum
1444 1525 1528 1557 ergo
1541 1517 1602 1548 do·

895 1567 1021 1599 minum
1046 1567 1213 1609 intellige,
1237 1572 1273 1599 et
1298 1577 1390 1608 eum,
1417 1568 1474 1609 qui
1500 1567 1602 1599 alteri

893 1626 954 1648 suo
979 1617 1147 1649 arbitratu
1172 1619 1342 1658 imperat:
1366 1623 1405 1649 ut
1422 1627 1464 1649 ιι.
1485 1617 1553 1650 Od.
1569 1620 1602 1648 7.

893 1668 903 1686 ‘
918 1667 1057 1699 bibendi
1074 1667 1241 1699 arbitrum
1258 1667 1438 1708 appellat.'
1455 1668 1601 1699 convivii

895 1727 1022 1757 regem,
1044 1723 1079 1748 et
1093 1718 1150 1758 qui
1167 1718 1260 1758 leges
1278 1717 1417 1749 bibendi
1435 1718 1467 1748 in
1484 1719 1601 1749 convi-

894 1769 949 1798 vio
966 1767 1074 1807 ponit.
1090 1767 1200 1798 [Δηώ.
1239 1766 1366 1806 Adriae]
1383 1767 1518 1798 Nomen
1533 1768 1600 1798 hoc

894 1817 927 1847 in
944 1822 1016 1857 opt.
1034 1826 1075 1847 ac
1088 1817 1327 1847 vetustissimis
1345 1815 1446 1848 codd.
1463 1824 1599 1856 semper

893 1878 970 1900 cum
986 1868 1196 1909 aspiratione
1213 1868 1385 1900 scribitur.
1411 1869 1555 1899 Torreat.

937 1921 979 1950 16
995 1918 1056 1950 Seu
1069 1918 1198 1959 ponere]
1212 1917 1366 1957 Τίθεσθαι,
1380 1918 1421 1949 ad
1438 1918 1599 1951 imitatio·

894 1980 969 2002 uem
985 1971 1154 2007 Graecam,
1167 1970 1351 2006 moderari,
1363 1979 1495 2010 regere,
1507 1979 1599 2002 com·

893 2030 1032 2062 ponere.
1059 2021 1159 2060 Cruq.

936 2072 975 2102 17
990 2070 1089 2106 Quem
1102 2069 1213 2100 mortis
1225 2069 1350 2109 timuit]
1365 2069 1469 2100 Morti
1482 2069 1597 2110 proxi-

891 2119 936 2150 mi
953 2125 1033 2151 sunt
1046 2119 1102 2161 qui
1117 2119 1292 2160 navigant,
1305 2120 1499 2160 scitumque
1513 2119 1597 2150 illud

889 2168 1098 2201 Anacharsis
1108 2169 1198 2210 apud
1208 2169 1393 2202 Laenium.
1409 2168 1496 2200 Cum
1506 2169 1597 2200 enirn

890 2229 910 2251 a
925 2224 1030 2251 nanta
1046 2219 1224 2251 didicisset
1244 2219 1380 2250 navium
1397 2219 1596 2251 crassitudi-

859 2292 866 2297 -
889 2278 966 2302 nem
989 2275 1239 2312 esse-quatuor
1261 2270 1459 2311 digitorum,
1482 2268 1494 2286 ⁴
1508 2269 1596 2301 Tan-

891 2319 986 2360 tum,'
998 2320 1121 2362 iuquit,
1135 2324 1144 2338 ‘
1156 2330 1176 2351 a
1190 2323 1300 2351 morte
1314 2319 1451 2357 absunt,
1464 2319 1521 2360 qui
1537 2326 1597 2350 na-

888 2370 1029 2412 vigunt)
1074 2371 1262 2411 Eleganter
1290 2370 1406 2411 itaque
1437 2369 1596 2402 Juvenal.

888 2419 962 2451 Sat.
978 2428 1046 2451 xu-
1068 2420 1077 2437 ‘
1093 2420 1109 2451 1
1126 2429 1215 2451 nunc
1244 2424 1281 2450 et
1308 2419 1420 2450 ventis
1449 2419 1595 2449 animam

890 2471 1067 2502 committe
1082 2470 1197 2501 dolato
1212 2469 1370 2501 Confisus
1386 2469 1490 2509 ligno,
1509 2467 1594 2506 digi-

891 2520 934 2551 tis
947 2530 967 2550 a
982 2525 1092 2551 morte
1109 2519 1245 2550 remotis
1258 2520 1428 2557 Quatuor,
1443 2522 1502 2548 aut
1517 2526 1594 2557 sep-

893 2573 974 2604 tem,
1004 2569 1032 2599 si
1056 2569 1101 2600 sit
1125 2568 1290 2599 latissima
1313 2566 1423 2599 taeda.’
1450 2565 1594 2597 Tor-rene.

892 2618 1008 2650 Acron
1033 2622 1104 2648 tres
1125 2619 1249 2658 gradus
1265 2617 1386 2648 mortis
1402 2616 1596 2654 constitnit,

890 2666 1011 2707 fatum,
1022 2677 1149 2705 casum,
1158 2671 1193 2697 et
1205 2666 1411 2707 genituram.
1435 2666 1593 2709 Gratim]

892 2717 991 2749 Quod
1009 2720 1116 2757 genus
1132 2716 1250 2748 mortis
1274 2716 1410 2749 timuit?
1432 2716 1475 2749 ad
1492 2725 1592 2760 quam

890 2766 986 2809 quasi
1002 2764 1162 2806 gradibus
1178 2765 1274 2797 imus.

935 2818 976 2847 18
1010 2814 1112 2846 Siccis
1146 2815 1258 2856 oculis]
1287 2815 1429 2858 Absque
1458 2816 1590 2858 lachry-

890 2866 966 2906 mis,
981 2864 1123 2908 ἄδακρυς.
1159 2866 1304 2898 Monstra
1316 2867 1478 2908 nutantia]
1492 2869 1590 2905 Cere,
