1916 3262
478 291 687 324 nonA'ru
721 288 996 321 οΛκΜιΝυΜ
1031 289 1128 318 mn.
1160 287 1211 318 ιι.
1241 277 1283 318 3.

155 386 316 430 quamdiu
339 386 434 419 venis
458 385 611 420 hoeserit,
633 383 708 415 fieri
728 382 858 424 nequit,

155 444 195 470 ut
209 442 348 469 sanetur
363 445 463 476 oeger.
491 435 634 466 Torreat.

200 491 240 519 15
265 487 400 527 Fugerit
414 484 516 531 venis]
542 483 684 524 Fugerit
707 492 726 514 e
747 482 856 522 venis,

155 538 189 569 id
206 541 274 577 est,
287 547 330 568 ex
343 538 466 577 hepate
477 534 656 566 infirmato.
694 534 740 564 Ee
761 542 855 573 aquo-

152 587 219 628 sus]
244 588 291 620 Et
306 587 369 618 nisi
383 585 512 626 fugerit
524 593 566 615 ex
580 583 724 624 pallido,
744 588 779 614 et
807 582 856 622 pi-

154 647 215 677 gro
230 646 374 678 corpore
389 636 462 676 ipse
477 633 638 675 hydrops,
659 634 716 674 qui
733 642 855 674 aquam

155 687 348 720 inducendo
375 686 461 718 facit
492 685 691 725 languorem
722 683 754 713 in
781 692 856 714 cor-

180 747 249 769 ore.

155 747 177 778 p
201 789 240 818 17
273 786 444 818 Redditum
475 782 569 824 Cyri]
604 783 792 816 Lambinus
823 784 856 814 in

152 835 294 869 historia
304 845 423 877 parum
437 834 583 875 diligens
599 838 665 866 est.
703 834 775 865 Nos
790 835 860 865 lec-

154 890 264 917 torem
279 885 392 917 obiter
406 884 631 923 monebimus,
647 888 685 915 ut
701 884 729 915 si
750 884 859 915 locum

154 935 244 967 hunc
258 934 408 976 penitius
428 934 512 965 velit
527 934 734 974 intelligere,
756 933 862 966 Justi·

155 994 236 1016 num
257 984 360 1016 adeat
383 985 459 1016 loco
478 983 570 1016 infra
584 985 707 1023 citato,
723 989 760 1015 et
778 984 860 1015 Dio-

156 1043 235 1066 nem
247 1039 401 1066 extremo
416 1034 475 1065 lib.
490 1043 562 1066 mv.
607 1034 759 1065 Phraate
770 1034 860 1064 enim

156 1084 201 1116 ob
216 1084 432 1125 tyrannidem
450 1086 484 1116 in
499 1085 637 1115 exilium
654 1094 674 1115 a
689 1084 758 1114 suis
771 1088 861 1121 acto,

157 1143 299 1174 regnum
337 1134 506 1166 Tiridates
543 1125 737 1174 occupavit.
792 1133 861 1165 Sed

159 1185 336 1225 Augustus
353 1185 526 1217 Phraaten
552 1185 716 1225 restituit,
732 1185 862 1216 Tirida·

160 1239 230 1266 tem
266 1235 385 1280 Romae
427 1234 568 1275 regifico
597 1241 734 1276 sumptu
767 1235 862 1266 aluit.

158 1285 303 1326 Sumpta
332 1295 414 1326 ergo
440 1285 519 1316 hinc
543 1286 735 1324 occasione,
757 1284 863 1316 Poeta

160 1341 278 1367 noster
293 1344 336 1367 ex
349 1335 494 1366 decreto
510 1335 745 1375 philosophiae,
758 1340 863 1374 negat

158 1384 345 1424 Phraaten,
365 1385 445 1425 quia
471 1393 578 1423 regno
602 1383 784 1415 restitutus
805 1383 862 1422 sit,

158 1433 193 1464 in
223 1432 400 1464 beatorum
425 1441 567 1463 numero
596 1431 861 1464 collocandum:

158 1493 236 1515 cnm
262 1483 354 1514 solus
379 1483 500 1514 beatus
525 1482 582 1514 ille
606 1482 661 1518 sit,
688 1483 777 1513 solus
791 1492 864 1522 rex,

158 1533 216 1575 qui
243 1543 279 1564 se
303 1533 379 1574 ipso
409 1537 608 1572 contentus,
637 1542 678 1564 ac
705 1532 863 1573 ingentes

157 1583 354 1615 divitiarum
379 1592 520 1615 acervos
545 1583 695 1624 despicit
717 1593 758 1614 ac
784 1593 864 1615 con-

159 1634 296 1666 temnit.
341 1633 420 1675 Cyri
447 1634 553 1675 igitur
581 1634 694 1665 solium
723 1634 863 1665 Partho-

159 1693 234 1716 rum
249 1693 390 1725 regnum
404 1687 516 1716 vocat.
553 1684 643 1715 Vide
658 1684 680 1716 J
685 1683 787 1715 nstin.
803 1684 863 1716 lib.

159 1744 247 1767 xut.
274 1735 416 1767 Torrent-
441 1735 574 1766 Tur-neb.
593 1743 644 1766 vi.
668 1737 700 1766 2.
746 1735 865 1766 Reddi-

158 1789 226 1816 tus
239 1786 318 1826 Cyri
330 1786 419 1824 solio,
432 1785 505 1825 Esou]
530 1784 627 1815 Ordo
650 1787 720 1814 est:
744 1784 864 1814 Virtus

159 1835 328 1867 dissidens
343 1835 437 1876 plebi
454 1835 506 1875 (id
523 1839 589 1868 est,
605 1834 713 1864 virtus
727 1842 747 1863 a
764 1833 865 1872 plebe

159 1883 378 1924 discrepans)
395 1883 514 1915 eximit
530 1891 671 1913 numero
687 1881 865 1912 beatorum

159 1933 212 1975 <id
225 1938 292 1973 est,
301 1933 440 1964 beatum
450 1941 517 1962 non
526 1929 682 1972 reputat)
692 1930 867 1962 Phraaten

161 1982 331 2015 redditum
351 1982 437 2014 solio
461 1981 553 2022 Cyri,
574 1980 625 2022 (id
653 1985 717 2020 est,
734 1980 768 2011 in
785 1980 866 2022 Cyri

162 2031 278 2064 sedem
291 2030 522 2070 restitutum)
538 2034 573 2062 et
585 2030 692 2061 virtus
706 2029 867 2069 dedocet,

161 2082 214 2122 (id
229 2086 295 2120 est,
309 2082 417 2112 virtus
442 2089 540 2111 secus
557 2078 690 2120 decen)
703 2079 866 2120 populum

161 2132 212 2163 uti
227 2130 324 2163 falsis
338 2129 489 2166 vocibus,
500 2128 658 2160 deferens
672 2129 729 2159 uni
742 2128 791 2170 (id
802 2133 868 2168 est,

161 2179 329 2223 sapienti)
343 2189 498 2221 regnum,
513 2183 548 2210 et
564 2183 676 2210 tutum
694 2178 866 2218 diadema,

159 2236 197 2263 et
217 2230 378 2263 deferens
400 2229 572 2271 propriam
588 2229 734 2269 laurum,
750 2228 784 2259 id
800 2233 867 2274 est,

162 2281 306 2322 gloriam
319 2279 518 2321 specialem,
533 2282 569 2309 et
584 2281 800 2319 perpetuam,
817 2277 863 2319 ei,

161 2331 219 2372 qui
242 2334 378 2373 spectat
391 2330 550 2370 ingentes
570 2337 712 2359 acervos
728 2327 781 2369 (id
798 2332 864 2367 est,

163 2380 222 2420 qui
247 2380 370 2412 intueri
396 2383 513 2419 potest
529 2377 683 2419 pecuniae
697 2377 865 2419 cumulos)

163 2430 263 2462 oculo
279 2430 457 2469 irretorto,
471 2428 524 2470 (id
541 2433 607 2465 est,
630 2428 731 2459 oculo
757 2427 866 2459 conti-

163 2478 289 2518 nenti,)
301 2479 359 2520 qni
375 2478 417 2509 ad
433 2483 610 2519 aspectum
631 2478 785 2518 pecuniae
799 2487 865 2509 non

165 2527 274 2568 magis
284 2531 454 2563 movetur,
477 2537 576 2567 quam
599 2527 700 2568 lapis.
746 2528 866 2559 Phraa-

165 2577 235 2618 ten]
251 2577 451 2608 =Persarum
477 2585 606 2615 regem,
635 2577 716 2617 Cyri
747 2577 866 2609 filium.

166 2627 359 2660 Glareanus
382 2624 560 2656 primm-ten
581 2625 763 2665 legendum
791 2635 868 2657 cen-

165 2681 228 2708 set.

210 2728 252 2758 18
271 2725 432 2757 maidens
440 2723 540 2765 plebi]
562 2723 616 2754 Ad
634 2727 765 2755 naturae
778 2725 867 2756 enim

167 2776 421 2817 prescriptum,
431 2784 498 2806 non
513 2773 604 2815 vulgi
616 2774 807 2814 opinionem
822 2774 870 2805 vi·

167 2825 326 2858 vendum.
372 2824 542 2865 Cruquius
565 2823 731 2855 veriorem
758 2822 870 2855 credit

1494 277 1608 320 1399

903 381 1088 413 lectionem
1101 390 1175 412 esse
1188 379 1346 412 codicum
1362 379 1487 410 Bland.
1531 381 1609 412 Dis.

903 434 1010 465 sidens
1031 433 1140 473 plebis,
1162 432 1212 463 ita
1237 436 1277 463 ut
1300 430 1339 462 τὸ
1350 431 1519 462 Dissident-3
1536 440 1609 462 ver·

907 484 1003 522 bale,
1018 493 1095 515 cum
1113 482 1264 524 genitivo
1277 481 1390 522 plebis,
1406 484 1609 522 perpetuam

904 532 1073 575 quandam
1102 538 1137 564 et
1164 533 1260 574 quasi
1276 532 1465 563 naturalem
1482 529 1612 562 disces-

904 583 1033 614 sionem
1055 593 1074 614 a
1088 583 1189 624 plebe
1200 583 1354 615 denotet.
1385 582 1530 615 Jndicet
1543 581 1613 613 lec-

905 637 959 663 tor
974 632 1109 664 doctus.
1151 632 1325 674 [Diffidam
1339 631 1490 663 nonnulli
1512 630 1612 663 codd.

905 693 960 724 ap.
975 683 1103 722 Jaeck,
1118 683 1175 724 qni
1190 682 1321 714 edidit:
1339 682 1507 714 Dissidens
1518 681 1615 723 plebi,

905 743 937 765 n.
950 731 1091 770 beatam
1107 738 1142 763 et
1157 732 1205 763 sic
1215 733 1286 763 Fea
1298 742 1342 763 ex
1351 732 1504 773 plurimis
1513 730 1614 763 codd.

906 787 942 814 et
958 783 1038 814 edd.
1055 788 1140 814 vett.
1154 783 1252 823 plebis
1266 782 1434 823 Guelph.]

951 836 992 864 19
1007 832 1238 873 Ρορηιιιηιᾳιιε]
1259 833 1413 873 Populus
1429 833 1520 864 inter
1534 831 1615 863 bea·

908 886 973 923 tos,
987 892 1099 924 reges,
1114 887 1151 914 ut
1167 891 1284 914 omnes
1300 882 1384 914 alios
1400 882 1538 922 divites,
1554 891 1615 913 nu-

908 938 1030 965 merat.

951 986 992 1016 2³
1019 985 1115 1015 Oculo
1134 983 1301 1024 irretoreo]
1317 984 1362 1015 Et
1378 992 1455 1015 cnm
1474 983 1617 1023 plurima

909 1034 942 1066 in
960 1035 1068 1066 oculis
1086 1035 1189 1066 animi
1205 1034 1270 1065 sint
1287 1034 1428 1071 indicia,
1445 1039 1516 1065 tum
1533 1033 1616 1065 illud

910 1087 1120 1127 praecipuum
1132 1084 1342 1117 fortitudinis
1353 1088 1388 1116 et
1400 1084 1618 1123 constantiae,

910 1146 978 1167 non
1004 1136 1199 1171 connivere,
1231 1135 1424 1175 praesertim
1450 1134 1492 1165 ad
1516 1134 1617 1165 ullam

911 1185 1222 1222 comminationem,
1250 1185 1339 1225 quod
1368 1185 1425 1226 qui
1460 1189 1620 1225 praestat,

913 1236 1062 1267 invictus
1087 1235 1144 1266 sit.
1191 1235 1282 1275 Ergo
1310 1234 1477 1266 Horatius
1500 1234 1619 1266 oculos

916 1286 1094 1317 irietortos
1111 1291 1224 1325 vocat,
1242 1285 1298 1326 qui
1314 1294 1381 1316 non
1398 1286 1544 1325 nictent‚
1562 1294 1620 1316 ne-

912 1346 978 1377 que
1005 1335 1229 1370 conniveant:
1255 1344 1338 1375 quos
1363 1335 1522 1376 quoniam
1546 1335 1622 1366 auri

912 1383 1026 1424 fulgor
1056 1393 1123 1414 non
1151 1383 1387 1424 praestringat,
1418 1384 1550 1424 signum
1576 1383 1623 1414 sit

912 1432 1060 1463 animum
1083 1441 1220 1473 quoque
1234 1431 1396 1463 adversus
1413 1441 1547 1463 omnem
1562 1442 1622 1463 cn-

912 1482 1061 1523 pidinem
1078 1491 1152 1512 esse
1168 1481 1342 1513 invictum.
1389 1482 1398 1499 ⁴
1412 1481 1550 1513 Rectis'
1567 1491 1622 1512 er-

913 1542 956 1573 go
986 1531 1113 1563 ‘oculis
1140 1530 1288 1571 intueri,’
1315 1531 1406 1562 idem
1434 1536 1502 1571 est,
1530 1531 1621 1573 quod

911 1582 1086 1620 irretortis,
1113 1591 1179 1613 non
1210 1581 1370 1622 obliquis,
1394 1590 1462 1612 non
1485 1581 1625 1621 strabis,

913 1636 950 1664 ut
962 1632 1068 1663 invidi
1084 1641 1125 1663 ac
1141 1632 1229 1663 male
1247 1630 1363 1663 affecti
1379 1632 1503 1662 solent.
1530 1631 1622 1663 Nam

914 1683 971 1724 qni
987 1682 1131 1724 aliquid,
1147 1682 1238 1724 quod
1261 1682 1385 1722 nolint,
1401 1682 1530 1720 vident,
1549 1682 1624 1723 qui-

914 1741 981 1772 que
1019 1741 1090 1772 prae
1125 1731 1256 1762 invidia
1285 1731 1394 1762 strabi
1431 1730 1623 1762 identidem

914 1781 1119 1821 redduntur,
1139 1783 1179 1812 iis
1195 1782 1297 1812 etiam
1311 1783 1412 1813 oculos
1427 1783 1540 1818 dolere,
1567 1792 1625 1813 an-

916 1831 1060 1872 tiquitus
1079 1831 1223 1862 dictum.
1254 1831 1398 1862 Torrent-
1427 1831 1563 1864 Tur-neb.
1586 1840 1622 1864 x.

916 1883 971 1911 21.

918 1929 1004 1961 Ona
1020 1938 1077 1960 nr.
1111 1929 1331 1971 Παραινεηκῆ.
1389 1930 1445 1962 An
1461 1931 1624 1964 Dauum.

960 1979 1142 2011 Moderate
1163 1979 1309 2012 serenda
1329 1984 1474 2022 utraque
1489 1985 1542 2012 est
1557 1980 1624 2012 for·

962 2034 1057 2066 tuna,
1073 2034 1106 2060 et
1122 2030 1277 2061 hilariter
1302 2030 1498 2066 vivendum,
1521 2040 1624 2072 quum

959 2078 1114 2110 omnibus
1128 2079 1325 2120 impendeat
1341 2089 1439 2120 aequa
1458 2079 1624 2111 moriendi

962 2129 1129 2162 conditio.

960 2183 977 2211 1
1002 2181 1138 2220 AEquam
1152 2181 1317 2222 memento]
1331 2180 1486 2212 Mentem
1511 2190 1625 2222 aequa-

915 2229 1032 2270 bilem,
1054 2239 1122 2261 non
1149 2229 1296 2261 fractam
1323 2230 1357 2261 in
1379 2230 1480 2262 rebus
1503 2230 1623 2261 adver-

914 2288 972 2311 sis.

956 2331 976 2360 3
996 2328 1048 2360 Ab
1062 2329 1224 2370 insolenti]
1242 2329 1273 2361 A
1290 2330 1475 2371 gestiente,
1494 2336 1531 2362 et
1545 2340 1624 2372 pro-

915 2378 990 2410 fusa
1013 2379 1187 2411 hilaritate
1211 2384 1438 2420 temperatam
1462 2381 1496 2412 in
1520 2381 1623 2413 rebus

914 2430 1086 2461 secundis.

958 2481 979 2509 4
1002 2479 1161 2510 Mor-iture
1186 2478 1280 2518 Deli]
1309 2479 1508 2510 Torrentius
1537 2479 1626 2510 Delli

918 2527 1136 2559 scribendum
1152 2537 1226 2558 esse
1238 2528 1436 2559 contendit:
1454 2528 1532 2568 quia
1548 2537 1624 2559 cre·

917 2576 969 2607 dit
981 2576 1068 2606 hunc
1080 2576 1229 2606 Dellium
1239 2575 1358 2615 fuisse,
1372 2577 1467 2616 cnjus
1477 2585 1542 2606 non
1556 2586 1623 2607 uno

918 2626 954 2656 in
968 2625 1043 2656 loco
1055 2624 1114 2655 lib.
1130 2633 1154 2655 1.
1167 2624 1258 2664 apud
1268 2625 1411 2655 Dionem
1422 2624 1462 2655 fit
1479 2625 1622 2657 mentio.

918 2675 1029 2706 Paulo
1053 2674 1144 2706 enim
1170 2678 1251 2705 ante
1279 2683 1426 2714 pugnam
1445 2673 1623 2706 Actiacam

920 2724 964 2756 ab
988 2723 1139 2756 Antonio
1166 2722 1350 2764 transfugit
1370 2722 1413 2755 ad
1441 2724 1623 2756 Caesarem.

918 2774 986 2806 Sed
1003 2779 1039 2805 et
1049 2773 1254 2805 Plutarchus
1267 2782 1420 2805 amorum
1434 2772 1574 2805 Antonii
1587 2779 1624 2807 et

920 2825 1115 2866 Cleopatrae
1127 2823 1279 2855 Dellium
1288 2823 1534 2864 quodammodo
1545 2833 1624 2856 con-
