1982 3230
0 3187 26 3230 ⁵3³⁴·
9 3175 14 3182 .,
10 3145 15 3148 .

563 294 916 327 ΕΡιετοιΑιωΜ
950 295 1047 327 ms.
1080 295 1112 327 1.
1143 285 1210 327 16.
1502 286 1614 329 1171

161 392 266 435 Non
282 393 437 435 video:
467 404 568 434 nam
588 393 666 446 qui
687 393 851 446 cupiet,
872 395 1038 434 metuet
1059 404 1262 446 quoque;
1293 403 1423 446 porro
1558 391 1616 432 65

161 460 257 511 Qui
274 464 472 503 metuens
489 460 622 510 vivet,
642 459 754 500 liber
773 460 878 501 mihi
898 473 986 501 non
1005 460 1086 501 erit
1106 473 1313 514 unquam.

157 528 363 571 Perdidit
382 540 520 579 arma,
538 528 689 569 locum
710 528 886 570 virtutis
904 527 1113 578 deseruit,
1135 528 1213 583 qui

159 597 344 651 Semper
359 596 405 637 in
425 595 629 650 augenda
647 594 833 637 festinat
852 603 898 637 et
916 596 1114 637 obruitur
1133 609 1195 636 re.

157 662 362 705 Vendere
383 676 482 705 cum
502 662 650 717 possis
669 663 912 716 captivum,
933 662 1138 704 occidere
1157 663 1271 705 noli:

158 731 332 773 Serviat
351 730 536 773 utiliter:
567 730 660 772 sine
677 734 835 785 pascat
854 731 986 772 durus
1007 735 1188 784 aretque
1204 744 1215 783 ;
1559 731 1616 772 70

157 798 356 852 Naviget
376 810 429 839 ac
448 797 604 839 mediis
623 798 799 852 hyemet
816 803 1031 840 mercator
1050 798 1095 839 in
1117 799 1270 850 undis3

156 866 359 908 Annonae
379 865 546 919 prosit3
577 870 724 919 portet
741 866 954 909 frumenta
975 879 1216 922 penusque.

150 993 231 1035 picis
245 994 423 1026 “inclinat
444 998 570 1035 propter
581 1004 683 1027 assem
703 995 850 1035 defixum.
894 994 1023 1026 Etenim
1047 995 1189 1036 quisquis
1212 998 1336 1036 appetet
1362 995 1456 1027 etiam
1480 995 1613 1027 timebit.

157 1036 222 1073 Qui
235 1046 306 1068 vero
319 1037 405 1069 inter
418 1041 533 1069 metum
547 1038 645 1069 vitam
660 1038 760 1077 ducit,
784 1039 865 1069 hunc
879 1038 1011 1070 liberum
1027 1048 1180 1078 nunquam
1197 1038 1334 1070 censebo.
1378 1039 1498 1070 Amisit
1513 1049 1614 1077 arma,

153 1079 322 1111 stationem
334 1080 464 1111 virtutis
478 1081 604 1121 reliquit
619 1080 801 1121 quicumque
815 1081 849 1112 in
864 1081 970 1121 opibus
983 1080 1212 1123 amplificandis
1225 1082 1344 1113 loborat
1361 1085 1454 1122 atque
1468 1081 1614 1122 opprimi-

154 1125 218 1153 tur.
263 1123 519 1164 Quandoquidem
532 1132 654 1155 servum
668 1124 741 1154 licet
756 1125 951 1161 venumdare,
966 1133 1040 1155 cave
1055 1134 1093 1155 ne
1107 1124 1298 1166 interficias:
1314 1125 1391 1156 utile
1403 1124 1614 1155 ministerium

153 1164 332 1196 exhibebit.-
353 1166 501 1206 permitte
514 1169 550 1197 ut
564 1175 755 1197 (erumnosus
777 1175 891 1206 greges
911 1170 1032 1207 pascat,
1053 1176 1149 1206 agros
1168 1169 1262 1206 colat,
1279 1167 1512 1207 navigationem
1526 1176 1614 1197 exer-

153 1210 234 1248 cone,
247 1217 284 1239 ac
296 1208 484 1248 negotiando
498 1208 637 1250 hyemem
651 1209 685 1240 in
699 1209 799 1240 medio
812 1209 894 1240 mari
913 1210 1070 1250 traducat,
1089 1219 1242 1241 annonam
1263 1213 1451 1250 promoveat,
1474 1209 1616 1240 triticum

764 1302 1004 1314 OOO‘OOOOO‘OO

155 1371 248 1401 nota.
276 1366 330 1401 ef.
343 1368 441 1400 Pers.
458 1377 489 1398 v.
505 1369 669 1399 111.—-66
682 1365 828 1398 Plurimi
845 1365 946 1397 codd.
962 1370 999 1397 et
1014 1365 1093 1398 edd.
1109 1369 1194 1398 vett.
1209 1366 1300 1398 vivit.
1325 1365 1487 1398 Nonnulli
1510 1366 1615 1399 codd.

154 1421 211 1451 ap.
227 1411 343 1452 Feam,
365 1414 401 1442 et
415 1410 540 1451 Jaeck,
556 1409 615 1441 alii
630 1419 688 1450 ap.
714 1409 826 1440 Pulm.
856 1408 1010 1441 Oberlin.
1026 1413 1062 1440 et
1079 1409 1220 1440 Canter.
1239 1409 1330 1441 Nov.
1355 1409 1469 1440 Lectt.
1496 1418 1545 1440 ιν.
1561 1411 1615 1442 12.

153 1454 236 1485 vivet
245 1463 259 1490 ,·
274 1451 362 1494 quod
376 1462 540 1494 recepere
558 1451 674 1484 Lamb.
689 1452 794 1493 Cruq.
811 1451 957 1483 chabot.
968 1451 1103 1484 OE'albot.
1121 1452 1222 1483 Baxt.
1236 1451 1328 1492 Traj.
1339 1451 1382 1483 ad
1396 1451 1504 1483 Rhen.
1519 1454 1616 1484 1713.

153 1495 260 1528 Gesn.
274 1495 416 1537 Bipont.
431 1495 550 1528 Comb.
565 1494 699 1526 Wakef.
717 1495 828 1526 Wetz.
851 1495 960 1526 Zeun.
988 1495 1070 1534 Fea,
1084 1495 1208 1533 Bothe,
1222 1495 1244 1528 J
1249 1494 1346 1534 aeck,
1361 1499 1398 1526 et
1415 1494 1617 1536 Doeriug.-—

152 1540 197 1570 6⁹
217 1538 448 1574 Schoenboru.
472 1540 505 1570 3.
529 1548 600 1570 cum
625 1537 821 1578 possin—70
843 1537 942 1569 Idem
971 1538 1094 1575 codex,
1115 1537 1161 1568 sic
1182 1540 1303 1578 pascat.
1335 1537 1481 1579 Cuning.
1508 1541 1617 1579 pascat

152 1581 231 1613 sine.
244 1584 316 1613 aret
330 1581 379 1614 vel
389 1581 470 1614 Vat.
484 1584 516 1613 4.
534 1591 554 1612 a
569 1590 613 1612 m.
627 1583 787 1612 sem—72
810 1580 891 1612 vat.
907 1583 939 1612 1.
965 1581 1046 1612 Vat.
1065 1581 1160 1612 Rom.
1174 1583 1206 1611 8.
1225 1580 1453 1612 Schoenborn.
1471 1583 1503 1611 3.
1518 1580 1618 1612 Harl.

153 1626 187 1657 2.
202 1626 236 1656 4.
249 1626 284 1656 6.
299 1623 430 1664 alii-ap.
444 1624 552 1656 Gesn.
569 1633 754 1665 penumque.
776 1623 786 1641 ‘
801 1621 870 1654 Alii
893 1623 978 1655 Mss.
996 1629 1033 1655 et
1055 1624 1223 1655 editiones
1246 1633 1401 1664 penusque
1419 1624 1514 1662 dant,
1533 1623 1616 1665 quin

153 1665 266 1699 critici
282 1667 410 1709 aliquid
427 1667 471 1699 de
495 1666 677 1706 varietate,
691 1672 726 1698 et
751 1666 794 1697 de
822 1675 906 1697 vera
932 1667 1081 1698 lectione
1109 1666 1289 1698 mussitent
1306 1676 1315 1704 ;
1340 1671 1445 1708 atque
1463 1669 1565 1698 etiam
1582 1666 1616 1698 in

151 1708 290 1742 Lexicis
304 1710 410 1742 lectio
430 1720 528 1750 penus
542 1709 620 1741 hinc
637 1707 778 1740 affertur
794 1708 836 1740 ad
853 1708 1078 1750 probandum,
1096 1714 1218 1740 neutro
1242 1718 1369 1750 genere
1386 1718 1504 1740 vocem
1521 1709 1615 1740 adhi-

154 1751 229 1783 beri
242 1761 354 1793 posse.
398 1753 542 1794 Verum,
556 1757 594 1783 ut
610 1753 724 1793 potius
735 1761 848 1792 penum
862 1752 1017 1792 legamus
1033 1751 1210 1783 foeminino
1222 1761 1364 1791 genere,
1381 1758 1511 1792 praeter
1528 1751 1615 1783 Mss.

153 1793 238 1826 facit
249 1795 459 1827 communior
475 1805 555 1826 usus
567 1795 796 1835 Scriptorum,
811 1795 1003 1834 praesertim
1020 1794 1349 1826 Jurisconsultorum
1367 1795 1402 1825 in
1421 1794 1618 1834 Pandectis‚

155 1837 257 1869 titulo
273 1837 316 1868 de
331 1838 428 1868 Penu
447 1838 587 1876 Legata,
610 1837 669 1868 lib.
684 1845 793 1868 xmu-
810 1837 864 1867 tit.
877 1839 908 1867 8.
925 1846 1009 1877 quos
1034 1837 1124 1867 inter
1148 1837 1298 1869 Quintus
1324 1836 1474 1875 Mucius,
1490 1836 1619 1875 Labeo,

155 1884 192 1910 et
203 1879 397 1920 Trebatius,
411 1880 475 1910 aevi
490 1879 672 1919 Augustei,
688 1880 721 1909 in
738 1879 794 1910 lib.
812 1887 870 1910 ιιι.
916 1879 1031 1910 Labeo
1046 1879 1128 1910 item
1141 1878 1174 1909 in
1185 1879 1244 1909 lib.
1261 1887 1311 1910 iv.
1328 1879 1345 1919 ς
1361 1882 1394 1910 5.
1418 1879 1568 1915 Mucius,
1580 1883 1618 1910 et

156 1921 202 1954 Q.
217 1922 373 1953 Scaevoia
383 1922 473 1962 apud
490 1921 533 1953 A.
549 1922 698 1953 Gellium
714 1930 766 1952 iv.
781 1924 812 1954 l.
842 1921 898 1952 Ita
913 1919 1015 1952 effert
1028 1921 1102 1952 Cic.
1116 1930 1154 1952 n.
1171 1921 1214 1952 de
1232 1921 1314 1952 Nat.
1331 1922 1434 1952 Deor.
1449 1924 1503 1953 27.
1525 1923 1534 1938 ‘
1547 1921 1616 1953 Pe-

156 1968 268 2004 nates,
283 1963 356 1996 sive
379 1974 398 1995 a
414 1973 505 2004 penu
528 1964 634 1995 ducto
661 1963 795 1995 nomine
821 1963 895 2004 (est
919 1965 1007 1995 enim
1034 1973 1146 2002 omne,
1169 1973 1236 2004 quo
1253 1969 1438 1994 vescuntur
1454 1964 1617 2003 homines,

155 2005 293 2048 penus),
306 2006 378 2038 sive
395 2006 439 2038 ab
455 2016 509 2046 eo,
529 2006 620 2048 quod
645 2007 785 2047 penitus
806 2005 1000 2037 insideant:
1039 2006 1176 2037 Vitruv.
1192 2015 1229 2037 x.
1240 2009 1272 2038 8.
1295 2006 1392 2046 Virg.
1408 2006 1485 2038 AEn.
1500 2015 1524 2038 1.
1539 2009 1615 2038 704.

155 2051 166 2067 ⁸
179 2049 270 2081 Cura
285 2058 408 2090 penum
425 2053 557 2080 struere
571 2049 591 2088 ς’
611 2055 647 2081 et
663 2055 741 2080 ante
756 2058 873 2080 onmes
889 2049 1039 2080 Lucilius
1056 2048 1089 2079 in
1107 2048 1194 2080 libro
1209 2057 1286 2080 xvr.
1318 2049 1505 2080 Satirarum
1524 2049 1615 2090 apud

156 2091 247 2124 Gen.
270 2092 293 2123 l.
307 2102 339 2124 c.
361 2092 373 2110 ⁴
385 2093 531 2133 Legavit
547 2091 682 2133 quidam
700 2092 798 2123 uxori
814 2091 977 2123 mundum
999 2101 1112 2130 omne,
1128 2099 1321 2133 penumque
1336 2091 1356 2122 :'
1382 2096 1418 2123 et
1436 2092 1527 2132 apud
1548 2093 1616 2124 No-

154 2134 247 2174 uium
263 2135 375 2167 Marc.
391 2145 422 2166 v.
445 2137 455 2154 ‘
468 2135 585 2168 Penus
603 2134 627 2167 :'
649 2136 658 2152 ‘
673 2135 802 2177 Magna
826 2144 932 2176 penus
960 2143 1064 2176 parvo
1089 2135 1202 2176 spatio
1217 2139 1422 2176 consumpta
1449 2135 1576 2176 peribit
1594 2135 1616 2167 :’

815 2230 959 2264 NOTAE

155 2306 305 2339 dendum
329 2307 634 2348 praetereuntibus.
668 2307 766 2338 Pers.
781 2307 854 2339 Set.

155 2366 191 2390 v.
204 2360 276 2389 111.
292 2359 302 2376 ⁸
315 2357 425 2398 Inque
438 2357 511 2389 luto
528 2357 631 2389 fixum
642 2358 751 2399 possis
763 2362 856 2390 tran-

158 2408 323 2439 scendere
337 2407 535 2439 nummum!

201 2459 243 2488 67
266 2457 414 2489 Perdidit
430 2468 529 2498 arma,
543 2458 616 2500 ξω]
638 2458 734 2490 Nihil
756 2459 856 2491 militi

157 2511 212 2539 est
235 2506 343 2545 magis
364 2507 636 2549 ignominiosum,
658 2519 758 2550 quam
782 2519 859 2551 per-

157 2556 241 2588 dere
267 2565 374 2595 arma,
397 2561 457 2588 aut
476 2559 659 2590 stationem
686 2560 857 2591 deserere.

157 2607 284 2638 Sensus
307 2610 380 2636 est:
403 2606 471 2638 Qui
498 2607 593 2638 luero
615 2607 714 2639 avide
739 2609 859 2650 inhiat,

159 2665 277 2689 sanam
291 2655 443 2696 perdidit
452 2661 616 2698 mentem,
624 2667 699 2699 qnae
715 2659 858 2691 hominis

157 2712 212 2739 est
234 2711 407 2737 armatura
429 2705 593 2738 adversus
616 2716 763 2747 errores,
785 2710 859 2750 qui-

158 2756 222 2788 bus
238 2761 277 2788 ut
291 2755 442 2788 hostibus
457 2757 545 2787 ratio
557 2757 631 2797 ejus
643 2756 860 2800 felicitasque

157 2807 370 2848 impetuntur
383 2812 704 2848 expugnanturque.

201 2860 245 2891 69
259 2858 395 2890 Vendere
406 2867 475 2889 cum
484 2858 587 2899 possis
596 2861 679 2899 cape.
692 2857 766 2898 δμκ]
782 2859 860 2901 Vel,

909 2307 961 2339 ita
983 2306 1181 2339 ratiocinari
1206 2316 1329 2338 avarus
1359 2310 1412 2338 est
1443 2306 1614 2348 accipien-

910 2356 992 2397 dus;
1005 2357 1059 2388 vel
1072 2357 1122 2388 sic
1132 2356 1357 2397 interpretari
1369 2356 1471 2388 licet:
1488 2357 1615 2390 Quem-

910 2408 1092 2440 admodum
1109 2418 1177 2439 uon
1200 2407 1346 2448 expedit
1368 2417 1504 2439 servum
1524 2408 1616 2440 occi-

911 2459 994 2490 dere
1021 2468 1121 2500 quem
1153 2458 1303 2490 vendere
1331 2468 1523 2499 possumus,
1546 2468 1615 2490 ma·

912 2510 1030 2551 gisque
1045 2508 1206 2540 siuendus
1225 2513 1278 2540 est
1293 2509 1420 2549 vivere,
1431 2509 1510 2550 qnia
1524 2509 1616 2539 utilis

913 2559 955 2590 ad
973 2559 1080 2591 multa
1095 2559 1179 2599 erit,
1192 2559 1240 2589 sic
1264 2558 1320 2589 ine
1342 2567 1466 2589 avarus
1482 2557 1615 2598 cupidi-

914 2609 978 2640 tati
1005 2609 1134 2639 servire
1157 2607 1406 2649 permittendus
1430 2611 1494 2638 est.
1538 2607 1614 2639 Nec

913 2660 1002 2692 enim
1018 2661 1150 2692 inutilis
1164 2660 1231 2691 erit
1247 2659 1392 2699 publieae
1409 2659 1470 2690 rei.
1506 2659 1614 2700 Quip-

913 2720 958 2750 pe
975 2711 1016 2750 si,
1033 2710 1076 2741 ad
1093 2719 1164 2741 rem
1187 2708 1389 2749 augendam,
1404 2709 1613 2749 negotietur,

913 2759 1085 2790 frumenta
1099 2762 1306 2799 comportet,
1320 2760 1384 2790 ὅτε.
1400 2768 1531 2790 annonae
1543 2769 1614 2800 pro-

911 2811 1006 2847 derit,
1016 2820 1090 2841 eam
1104 2810 1254 2842 viliorem
1268 2809 1446 2842 faciendo:
1460 2810 1613 2854 adeoque

911 2860 1006 2892 cives
1013 2860 1163 2902 juvabit.
