1916 3262
628 277 690 311 nn
724 276 855 307 ARTE
890 276 1115 309 Pon'rtcA.
1478 267 1587 309 1277

143 371 396 415 Sermonem
415 371 604 426 patrium
625 370 846 420 ditaverit,
865 374 908 413 et
925 383 1044 413 nova
1062 382 1203 412 rerum

145 438 342 481 Nomina
359 439 626 493 protulerim
688 439 850 488 Licuit,
871 451 1131 492 semperque
1151 437 1316 487 licebit,

145 506 374 558 Signatum
395 509 606 559 praesente
627 509 732 547 nota
752 506 993 559 producere
1013 518 1188 547 nomen.

146 571 207 613 Ut
228 572 366 626 sylvae
386 571 505 613 soliis
525 584 682 625 pronos
702 576 923 613 mutantur
942 572 985 612 in
1006 584 1171 623 annos;
1533 572 1589 612 60

146 637 295 680 Prima
313 638 495 690 cadunt;
526 639 591 679 ita
611 640 837 680 verborum
858 642 984 680 vetus
1004 639 1144 680 interit
1167 643 1297 688 aetas,

146 705 205 747 Et
216 707 428 761 juvenum
447 706 530 747 ritu
551 705 703 746 florent
725 705 855 746 modo
875 708 976 747 nata
997 705 1245 759 vigentque.

147 773 368 814 Debemur
387 773 514 814 morti
534 786 619 814 nos
639 777 907 825 nostraque3
939 771 1033 813 sive
1054 778 1259 826 receptus

144 837 282 881 Terra
302 838 544 893 Neptunus
565 841 739 882 classes
761 838 1048 892 aquilonibus
1067 843 1205 889 arcet,

144 991 203 1030 vit,
216 991 417 1034 inauditaque
430 1003 534 1026 rerum
547 994 691 1026 vocabula
713 994 861 1025 induxit?
905 994 1000 1025 Certe
1021 992 1112 1025 licuit
1134 1001 1253 1032 semper
1275 1001 1311 1022 ac
1334 991 1438 1023 licebit
1456 991 1595 1031 proferre

143 1033 295 1066 dictiones
304 1045 361 1067 usu
372 1036 592 1077 cmprolmtas.
638 1037 898 1072 Quemadmodum
909 1039 1047 1070 vertente
1058 1046 1141 1067 anuo
1155 1034 1318 1066 arboribus
1326 1034 1406 1072 folia
1420 1037 1595 1070 mutamur,

146 1078 179 1107 et
198 1079 301 1109 uetera
324 1079 492 1115 deciduum
513 1080 558 1110 sic
579 1079 776 1119 antiquarum
793 1078 962 1113 dictionum
975 1078 1148 1110 auctoritas
1170 1077 1349 1108 obsolescit.-
1371 1086 1469 1116 nuper
1490 1079 1595 1107 autem

144 1119 304 1157 producta·
317 1120 406 1160 quasi
413 1120 542 1160 juvenes
555 1121 727 1162 florescunt
741 1131 777 1153 ac
794 1122 916 1163 vigent.
964 1120 1115 1152 Homines
1133 1121 1323 1159 humanaque
1344 1119 1439 1150 morti
1463 1117 1596 1148 obnoxia

147 1164 231 1192 nunt.
277 1161 331 1194 Ita
344 1173 430 1195 unare
441 1167 527 1196 terra
537 1167 706 1205 receptum,
717 1164 822 1204 regale
837 1173 923 1203 opus,
938 1163 1068 1203 navigia
1083 1173 1102 1194 a
1118 1163 1217 1194 ventis
1231 1165 1242 1192 ι
1247 1165 1336 1192 uetur
1347 1171 1358 1191 .·
1378 1161 1467 1201 palus
1481 1163 1598 1198 autern,

750 1276 974 1290 “nomon

149 1364 192 1393 38
215 1361 351 1395 Nmm'na
369 1363 544 1404 prodiderit
566 1363 656 1404 conj.
672 1363 905 1403 Cuuiug.-59
928 1360 1047 1394 Codex
1071 1361 1197 1392 Achill.
1211 1359 1328 1399 Statii,
1350 1360 1438 1391 alter
1454 1358 1597 1397 Lauini,

149 1404 206 1436 alii
229 1413 285 1445 ap.
303 1404 421 1438 hamb.
445 1404 492 1436 H.
508 1405 625 1445 steph.
648 1409 685 1435 et
704 1414 788 1436 unus
812 1413 866 1444 ap,
884 1403 1015 1435 Valart.
1037 1404 1227 1444 procudere;
1249 1403 1298 1434 ita
1313 1402 1430 1432 maluit
1446 1401 1480 1432 in
1497 1405 1596 1432 textu

147 1455 189 1477 ex
216 1445 291 1478 aliis
317 1445 417 1478 codd.
445 1446 551 1479 Jason
571 1446 614 1478 de
636 1446 760 1486 Neres,
781 1446 865 1477 Tan.
895 1445 1029 1484 Faber3
1053 1445 1133 1476 inde
1162 1445 1276 1476 Bentl.
1300 1444 1446 1484 Cuning.
1473 1442 1598 1474 Sanad.

147 1487 259 1520 Merv.
281 1487 388 1521 Kidd.
412 1489 535 1528 Jaeck,
551 1494 586 1520 et
602 1489 756 1529 Doering.
779 1498 937 1519 nummum
958 1488 1027 1519 Ms.
1049 1486 1140 1528 apud
1165 1486 1360 1525 Luisinum;
1385 1485 1463 1516 inde
1480 1486 1598 1517 Bentl.

145 1534 183 1562 et
197 1539 272 1563 cnm
295 1539 336 1562 eo
355 1531 481 1563 Sanad.
505 1531 618 1563 Merv.
636 1531 724 1563 Phil.
741 1530 877 1563 Wakef.
899 1531 909 1548 ‘
927 1531 1020 1562 Male
1038 1535 1074 1562 et
1093 1531 1262 1571 procudere
1274 1538 1443 1564 nummum,
1467 1532 1503 1559 et
1525 1537 1597 1567 pro-

146 1573 269 1604 ducem.
313 1573 398 1606 Quis
428 1574 517 1606 enim
542 1573 690 1614 dubitet,
717 1574 922 1614 principem,
948 1579 984 1604 et
1007 1574 1168 1614 populum
1186 1572 1221 1603 id
1238 1581 1356 1612 posse3
1380 1577 1418 1601 ut
1434 1570 1599 1602 Horatius

145 1614 358 1648 sententiose
373 1615 408 1647 id
425 1615 592 1648 affirmare
608 1617 752 1648 debeat?
797 1615 908 1647 Poeta
924 1614 1019 1647 ducit
1035 1614 1290 1646 similitudinem
1311 1613 1355 1645 ab
1371 1623 1431 1644 usu
1448 1612 1601 1654 publico,

148 1665 190 1688 ac
214 1657 369 1699 legitimo
393 1660 558 1699 pecuniae,
581 1669 655 1700 quae
681 1659 769 1690 notis
795 1658 960 1698 principis
985 1657 1188 1688 dominantis
1210 1657 1344 1697 signata
1367 1661 1440 1686 est:
1465 1655 1599 1690 asserit,

106 1714 112 1719 ·
147 1698 237 1731 idem
253 1700 356 1732 licere
372 1700 406 1731 in
422 1701 547 1740 verbis,
563 1711 639 1743 quae
655 1711 733 1732 usus
751 1710 902 1740 praesens
919 1699 1000 1738 jure
1016 1709 1076 1730 sno
1093 1699 1252 1737 sancivit,
1272 1708 1321 1729 vs.
1335 1701 1390 1729 71.
1413 1706 1485 1737 aeq.
1501 1706 1601 1735 argu—

147 1747 276 1778 mento,
291 1747 328 1774 et
343 1743 574 1781 similitudine,
588 1753 663 1784 quae
680 1744 711 1774 in
729 1742 858 1773 deliciis
874 1741 978 1772 fuisse
993 1741 1130 1772 videtur
1144 1740 1366 1781 scriptoribus
1379 1751 1388 1778 3
1407 1743 1443 1769 et
1458 1746 1601 1778 praeser-

150 1783 210 1814 tim
227 1784 268 1815 acl
285 1789 432 1816 mentem
450 1785 586 1816 Horatii
603 1785 749 1817 Quintil.
770 1784 858 1814 Inst.
881 1784 982 1815 Orat.
1001 1792 1023 1814 1.
1038 1783 1081 1814 9.’
1107 1783 1269 1813 Feta—6⁰
1297 1783 1343 1813 Ut
1355 1781 1439 1819 folia
1459 1781 1491 1811 in
1514 1780 1602 1811 silvis

149 1825 338 1857 Diomedes
351 1826 412 1857 lib.
428 1835 453 1858 ῐ.
476 1827 542 1858 eol.
556 1829 632 1857 394.
655 1826 798 1857 Putscli.
815 1825 924 1856 codex
941 1834 996 1864 ap.
1013 1825 1146 1855 Valart.
1170 1825 1292 1855 Venet.
1309 1825 1403 1854 1514.
1421 1830 1455 1853 et
1470 1822 1602 1853 Muret.

151 1866 348 1912 Var2Lect.
363 1876 426 1899 xv.
441 1871 472 1899 1.
502 1869 546 1900 Ut
561 1869 658 1909 sylvis
670 1868 756 1906 solia
775 1867 882 1907 privos
911 1867 1024 1898 Bentl.
1050 1872 1086 1898 et
1112 1865 1220 1897 Kidd.
1266 1864 1319 1897 Cf.
1341 1865 1445 1896 Zach.
1469 1865 1600 1895 Pearce

152 1909 358 1950 conjecturae
374 1909 408 1940 in
423 1910 559 1942 Horatii
576 1910 744 1951 Epistulas
761 1910 794 1940 in
809 1909 880 1940 The
895 1908 1058 1940 Classical
1073 1908 1230 1947 Journal,
1246 1908 1312 1939 No.
1326 1916 1378 1938 xi.
1395 1908 1491 1948 Sept.
1505 1909 1600 1938 1812.

149 1960 262 1991 pronos
275 1952 436 1983 nudantur
447 1952 557 1985 codex
573 1953 617 1985 G.
634 1952 767 1984 Fabric.
782 1951 891 1991 proni-9
907 1953 1067 1982 mutantur
1081 1951 1115 1982 in
1129 1951 1221 1981 annis
1245 1949 1385 1990 Dorigh.
1406 1958 1520 1989 pronos
1534 1959 1602 1980 mu-

152 1993 252 2024 tantis
266 1994 299 2025 in
313 2004 410 2026 annos
426 1993 645 2027 Wakefi-fil
670 1995 749 2026 Vat.
770 1994 867 2025 Rom.
889 1996 920 2025 7.
944 2002 964 2024 a
983 2003 1028 2025 m.
1052 2002 1104 2033 pr.
1126 1992 1240 2024 interit
1260 1993 1433 2023 orda—62
1457 1991 1603 2023 Plurimi

153 2035 253 2067 codd.
275 2036 447 2077 virentque,
474 2037 563 2078 quod
591 2035 748 2068 defendit
773 2036 851 2067 Fea.
896 2035 973 2067 Vid.
990 2035 1106 2067 Bul-m.
1123 2035 1165 2066 ad
1183 2034 1359 2066 Claudian.
1383 2035 1417 2065 in
1441 2033 1541 2064 Prob.
1565 2039 1602 2064 et

154 2077 273 2119 Olybr.
288 2078 389 2110 Cone.
401 2088 450 2111 νε.
465 2082 516 2111 16.
528 2083 564 2111 et
576 2078 664 2110 infra
677 2089 727 2110 vs.
745 2079 903 2110 Ilm—63
919 2077 1077 2109 Debemus
1091 2077 1215 2109 Achill.
1230 2077 1360 2111 Statius
1373 2086 1415 2107 ex
1434 2075 1602 2108 Prisciani

804 2185 945 2217 NOTAE

199 2259 300 2302 Enni]
323 2260 403 2293 Vid.
419 2270 445 2293 1.
460 2261 532 2294 Sat.
549 2264 603 2295 10.
623 2264 659 2293 et
680 2270 720 2294 ιι.
737 2260 847 2301 Epist.
903 2259 975 2292 visa
987 2262 1077 2299 sunt,
1091 2268 1154 2290 usu
1170 2257 1390 2290 molliuntur.’
1401 2257 1410 2271 ’

155 2314 186 2343 1.
209 2311 312 2342 ovid.
337 2311 347 2328 ‘
358 2311 486 2342 Ennius
509 2311 645 2352 ingenio
671 2311 848 2346 maximus,
944 2314 987 2342 59
1016 2311 1185 2351 Signatum
1219 2313 1372 2351 proesente
1403 2309 1492 2350 nota]
1528 2309 1603 2341 Me-

156 2365 232 2391 arte
245 2359 360 2391 rudis?
903 2360 996 2400 tuph.
1012 2369 1031 2391 a
1044 2370 1079 2391 re
1094 2359 1290 2391 nummaria.

197 2412 238 2441 57
263 2410 355 2440 Nova
376 2419 480 2441 rerum
506 2410 641 2442 Nomina
666 2408 848 2450 protulerit]
945 2413 986 2441 63
1011 2410 1084 2441 Sive
1112 2411 1253 2449 receptus
1287 2406 1384 2439 Terra
1422 2406 1604 2448 Neptunus]

156 2460 242 2492 Quae
267 2458 402 2499 quidem
425 2468 466 2490 eo
490 2464 649 2500 tempore
669 2469 732 2491 usu
759 2468 849 2490 com·
903 2459 1030 2490 Portus
1061 2458 1218 2500 quilibet,
1256 2458 1311 2489 vel
1345 2462 1463 2497 portus
1492 2457 1604 2489 Julius

158 2508 302 2549 probata
316 2512 407 2539 sunt.
903 2509 993 2549 apud
1022 2508 1138 2547 Baias,
1169 2507 1320 2538 immisso
1357 2507 1390 2538 iu
1421 2507 1602 2538 Lucrinum

201 2560 243 2589 58
265 2556 450 2596 Semperque
462 2557 579 2597 licebit,
599 2557 671 2598 ξω]
703 2557 849 2591 Quintil.
904 2558 1016 2588 lacum
1032 2556 1118 2587 mari
1131 2555 1288 2587 effeetus.
1323 2554 1604 2586 sitammomnv.

157 2617 184 2641 1.
213 2611 245 2639 5.
269 2607 319 2639 itu
344 2607 482 2638 scribit:
506 2610 514 2624 ⁸
536 2607 640 2638 Now
657 2608 798 2638 inducta
823 2607 852 2637 si
905 2616 981 2647 cap.
1021 2609 1072 2638 16.
1115 2606 1182 2639 Dio
1213 2605 1272 2636 lib.
1309 2612 1444 2635 nvnt.
1482 2604 1604 2645 Vin-gil.

158 2662 300 2699 recepta
327 2657 396 2688 sint
418 2656 584 2688 modicam
609 2657 742 2687 laudem
771 2655 852 2687 affe·
906 2656 1032 2696 Georg.
1056 2664 1098 2686 n.
1126 2657 1199 2686 161.
1222 2652 1300 2684 ‘An
1322 2661 1504 2691 memorem
1527 2662 1605 2694 por-

158 2712 251 2747 runt,
280 2707 460 2748 repudiata
481 2707 585 2738 etiam
614 2706 648 2737 in
672 2706 768 2746 jocos
795 2715 854 2737 ex·-
907 2710 973 2742 tus,
988 2704 1199 2744 Lucrinoque
1226 2701 1344 2734 addita
1365 2701 1602 2743 claustrajAtu

158 2762 239 2789 eunt
253 2768 261 2787 ε
285 2756 474 2788 audendum
492 2761 626 2794 tamen3
645 2764 802 2795 namque,
818 2761 855 2786 ut
907 2763 972 2797 que
989 2751 1225 2794 indignatum?
1241 2753 1305 2784 ὅτε.
1519 2756 1522 2759 ’

159 2808 280 2840 Cicero
295 2806 354 2847 ait,
384 2807 394 2824 ‘
410 2806 512 2838 etiam
536 2815 611 2848 quae
639 2805 746 2846 primo
770 2805 854 2838 dura
