1916 3262
421 269 531 310 1476

422 372 493 411 ejus
507 371 540 402 in
557 371 641 403 coelo
657 370 741 401 viam
757 380 765 400 ε
790 372 941 399 movetur
961 367 1047 398 enim
1069 367 1102 398 in

421 419 647 457 altitudinem,
664 417 884 451 latitudinem,
899 420 936 448 et
957 417 1102 457 longitu-

422 468 546 506 dinem,
567 477 638 508 quae
665 466 824 497 Varronis
848 465 1016 496 sententia
1039 469 1113 496 est.

424 517 563 548 'arr-ent.
617 515 702 546 Diva
727 513 892 552 trifhmis]
923 512 1103 553 Triplicem

419 573 594 604 personam
616 571 744 602 gerens,
766 563 801 592 in
823 562 920 601 coelo,
942 562 975 592 in
992 561 1104 600 terris,

421 613 510 653 apud
538 611 688 643 inferos:
711 611 800 642 unde
823 611 947 650 triplex
966 609 1106 640 sortitur

420 670 553 701 nomeu,
582 662 721 701 Lunam,
747 661 901 700 Dianam,
929 659 1105 700 Proserpi-

422 719 509 741 nam.

462 762 480 788 ⁵
498 758 664 788 Imminens
677 757 758 788 villoe
770 757 838 797 tua]
859 757 944 788 Volo
959 760 996 788 ut
1009 756 1104 796 pinus

420 806 463 837 sit
481 812 549 844 tua,
571 810 607 836 et
629 805 690 836 tibi
705 814 812 844 sacra,
826 814 899 845 quae
913 803 1016 835 fundo
1032 813 1104 834 meo

421 855 585 886 imminet.
631 855 697 885 Tua
721 855 811 893 pinus
836 853 914 892 esto]
945 852 1035 884 Quid
1062 852 1104 882 ad

423 903 565 933 Dianam
583 902 700 942 pinus?
733 902 786 932 An
801 901 844 932 ob
859 901 893 932 id
909 900 998 931 forte
1019 901 1103 931 Deae

421 954 587 989 perpetuo
611 949 731 988 virgini
753 948 923 986 convenit,
943 946 1031 988 quod
1054 956 1103 978 se-

421 999 487 1027 mel
502 997 612 1028 excisa
622 1005 686 1027 non
698 995 948 1035 repullulascit?
964 994 1017 1025 An
1029 994 1105 1025 ideo

421 1045 548 1084 potius,
569 1044 658 1084 quod
685 1044 797 1074 multis
822 1043 1004 1074 rationibus
1031 1052 1105 1082 pro-

420 1093 494 1123 bari
509 1092 608 1123 facile
623 1092 741 1132 possit,
755 1091 897 1122 eandem
911 1100 984 1122 esse
996 1091 1104 1131 Cybe-

421 1141 476 1170 len
492 1144 528 1171 et
543 1140 688 1170 Isidem:
711 1149 775 1171 nec
798 1139 922 1171 Isidem
937 1138 1069 1173 differre
1086 1150 1105 1171 a

420 1189 558 1220 Diana?
581 1188 628 1219 At
649 1187 794 1228 Cybeles
814 1187 913 1219 arbor
927 1188 1025 1228 pinus
1040 1194 1104 1220 est.

425 1238 513 1269 Torr-

463 1289 484 1316 6
499 1287 635 1317 Exactos
647 1295 702 1324 ego
716 1288 804 1316 laetus
816 1286 926 1324 annos]
949 1287 1018 1317 Per
1031 1286 1104 1318 fini·

422 1338 485 1373 tos,
508 1339 546 1365 et
560 1334 735 1365 confectos
750 1343 866 1374 annos,
880 1335 914 1366 id
930 1339 994 1373 est,
1009 1340 1103 1375 quot·

423 1390 529 1413 annis.

462 1433 481 1461 7
511 1430 617 1461 Verris
629 1430 795 1471 obliquum]
821 1431 944 1462 Verres
961 1434 1013 1462 est
1029 1440 1104 1470 por-

422 1487 481 1510 cus
496 1487 560 1510 nou
577 1483 750 1510 castratus.
783 1478 862 1510 vid.
875 1479 981 1510 Turn.
999 1486 1103 1510 xxix.

421 1530 475 1558 25.

464 1579 484 1606 8
500 1575 635 1615 Donem]
654 1576 763 1608 Quam
778 1577 892 1616 pinum
908 1586 969 1617 ego
985 1577 1103 1608 donem

422 1624 585 1663 sanguine
601 1624 706 1654 verris
721 1625 914 1655 meditantis
934 1626 1103 1665 obliquum

422 1672 539 1709 ictum,
554 1671 588 1701 id
604 1674 668 1709 est,
682 1672 833 1702 conantis
847 1674 1011 1703 mersione
1021 1673 1106 1703 obli-

421 1728 486 1760 qua
502 1728 578 1751 eum
594 1720 782 1758 vulnerare,
796 1729 815 1750 a
829 1729 895 1760 quo
909 1719 1057 1751 caedatur
1072 1720 1105 1750 in

424 1767 634 1799 sacrificium.

424 1815 505 1846 OnE
521 1824 630 1848 xxm.
654 1816 901 1856 npompwvnrueb.
943 1815 1001 1848 Αι)
1017 1817 1107 1848 Pm-

464 1873 587 1896 mneu.
635 1864 687 1896 Ab
703 1866 760 1896 illa
774 1875 871 1906 posse
897 1866 1022 1906 placari
1044 1866 1106 1897 La-

464 1922 517 1944 res
541 1913 669 1953 exiguis
689 1914 790 1945 etiam
815 1914 989 1946 sacrificiis
1011 1914 1107 1952 dicit,

464 1966 499 1993 et
514 1961 648 1992 minime
669 1963 892 2001 sumptuosis:
914 1962 1013 1993 modo
1035 1962 1106 1994 haec

466 2019 486 2040 a
523 2009 615 2048 puris
650 2009 801 2040 manibus
840 2009 1104 2049 proficiscantur.

465 2057 661 2096 [Bamberg.
713 2057 890 2087 Proseutice
943 2058 1107 2088 monocolos

463 2105 645 2144 Phyllida]

466 2155 482 2183 1
509 2153 591 2183 Coelo
613 2152 752 2192 supinas]
784 2152 966 2184 Exordium
985 2151 1027 2182 ab
1047 2152 1104 2191 by-

422 2201 556 2243 potbesi
570 2212 578 2233 :
595 2201 622 2232 si
635 2202 712 2232 Deo
728 2201 979 2241 supplicaveris,
995 2210 1103 2232 sacra-

423 2261 488 2292 que
504 2252 558 2292 pie
573 2251 708 2290 feceris,
730 2251 834 2282 multa
858 2252 944 2282 mala
957 2250 1105 2291 effugies.

423 2298 574 2339 Supinas]
602 2299 761 2338 Supinum
785 2308 888 2339 prono
911 2300 1104 2339 opponitur.

423 2348 472 2379 At
487 2348 539 2378 hic
555 2351 591 2378 et
611 2347 645 2378 in
664 2346 833 2382 similibus,
855 2347 865 2365 ‘
877 2347 1030 2387 supinus’
1051 2353 1104 2379 est

424 2395 588 2434 sublimis,
610 2395 728 2427 coelum
755 2404 891 2426 versus:
915 2395 971 2436 qui
993 2399 1104 2435 gestus

424 2450 477 2476 est
498 2444 769 2485 supplicantium.
792 2444 885 2484 επις.
926 2443 1060 2483 Supinas
1077 2444 1105 2474 si

423 2494 533 2525 tuleris
543 2493 664 2533 manus]
686 2493 808 2524 Manus
823 2492 1004 2532 supplices,
1015 2497 1049 2523 et
1062 2491 1103 2522 ad

424 2544 543 2574 coelum
556 2551 731 2583 expansas.

466 2595 487 2622 2
510 2593 663 2623 Nascente
678 2590 781 2631 Luna]
814 2592 910 2622 Luna
931 2595 1037 2622 mater
1052 2594 1103 2622 est

424 2640 623 2677 plantarum,
647 2639 773 2670 idcirco
796 2640 931 2670 rusticas
949 2638 1103 2670 mulieres

426 2688 459 2716 in
476 2689 640 2719 novilunio
657 2689 687 2719 ei
701 2687 944 2719 sacrificabant.
973 2687 1104 2729 'Rustica

427 2734 565 2773 Phidile]
601 2736 713 2774 Suam,
727 2740 764 2767 ut
778 2740 870 2775 puto,
885 2736 1042 2768 rusticam
1058 2737 1104 2766 al·

881 274 1018 306 NOTAE
1038 248 1306 304 'VARloRUM
1341 273 1390 304 IN

1154 367 1313 408 loquitur.
1357 366 1475 397 Solent
1489 367 1600 395 autem
1616 363 1734 394 villicae
1755 373 1831 404 pro.

1154 416 1306 446 cliviores
1321 424 1395 446 esse
1415 414 1448 445 in
1463 411 1745 453 superstitionem.
1789 413 1833 444 Et

1155 468 1296 502 veteres,
1317 473 1392 494 cum
1413 463 1445 494 iu
1469 461 1566 493 rebus
1579 457 1741 496 omnibus.
1762 464 1834 492 tntu

1156 511 1189 542 in
1205 511 1420 551 agricultura,
1434 510 1515 541 1111ιί1
1529 509 1597 540 illis
1611 513 1704 540 recte
1719 517 1837 540 succe-

1156 558 1236 590 dere
1257 559 1506 597 existimabant,
1526 557 1582 598 qui
1603 557 1742 588 deorum
1766 557 1837 588 cul-

1156 612 1226 638 tum
1240 608 1458 648 negligerent.
1493 607 1585 637 Bene
1601 606 1704 646 igitur
1716 605 1836 646 Virgil-

1153 657 1163 673 ‘
1179 656 1348 696 Imprimis
1363 664 1519 686 venerare
1536 655 1637 693 Deos,
1659 658 1759 695 atque
1777 663 1836 684 an-

1155 713 1220 735 nua
1235 714 1362 744 magnae
1376 705 1477 735 Sacra
1486 703 1574 734 refer
1583 702 1720 734 Cereri.’
1749 703 1834 733 Tum

1154 757 1296 785 nascente
1318 755 1389 785 luna
1411 752 1498 794 quod
1524 753 1572 783 ait
1595 751 1768 790 Horatius,
1791 750 1834 781 ad

1155 800 1341 842 Kalendas,
1361 807 1512 833 veterum
1537 809 1627 831 ruore
1647 798 1762 830 referri
1778 799 1836 830 de-

1157 849 1226 881 bet.
1250 851 1388 881 Torreat.

1197 901 1216 928 8
1240 899 1467 938 Hornasruge]
1492 899 1568 930 Hoc
1583 902 1648 935 est,
1661 899 1836 938 praesentis

1157 946 1254 976 anni:
1278 951 1325 986 ut,
1349 948 1359 964 ‘
1373 948 1477 978 horna
1499 946 1596 977 viua'
1619 947 1703 978 dixit
1725 947 1835 987 Epod.

1156 1003 1208 1025 xr.
1236 995 1283 1025 At
1298 995 1354 1035 qui
1369 1003 1484 1035 prorsa
1497 994 1660 1034 scripsere
1675 995 1837 1033 oratione,

1155 1045 1166 1060 ⁶
1178 1043 1389 1074 hornotinum
1398 1043 1407 1057 ’
1421 1044 1533 1074 dicere
1546 1043 1748 1073 maluerunt.
1781 1043 1838 1073 Vi-

1157 1090 1279 1122 dentur
1306 1095 1418 1122 autem
1448 1094 1578 1121 veteres
1606 1089 1639 1120 in
1667 1088 1838 1122 sacrificiis

1157 1139 1223 1170 suis
1245 1139 1396 1180 frugibus
1419 1138 1618 1173 recentibus·
1633 1139 1740 1178 magis
1766 1138 1837 1169 usi:

1158 1192 1227 1218 tum
1241 1193 1276 1219 et
1290 1187 1422 1228 frugum
1445 1187 1611 1228 primitias
1627 1187 1767 1218 Laribus
1781 1186 1839 1218 da-

1158 1235 1251 1268 bant.
1294 1237 1347 1268 De
1361 1246 1426 1277 quo
1448 1245 1489 1268 11.
1508 1236 1580 1267 Sat.
1595 1238 1628 1266 5.
1650 1235 1660 1253 ‘
1673 1234 1762 1266 Ante
1777 1236 1840 1266 La-

1157 1294 1228 1316 rem
1242 1285 1453 1325 gustet,'&c.
1472 1285 1560 1316 Tm.
1589 1283 1716 1323 Hor-na]
1731 1283 1838 1323 Hujrxs

1157 1333 1234 1363 anni
1258 1334 1333 1363 vino
1358 1333 1501 1364 novello.
1554 1332 1684 1372 [Satur-e
1706 1331 1840 1371 placaris

1157 1382 1354 1422 Bamberg.]
1766 1425 1769 1426 ⁷

1198 1434 1218 1462 4
1239 1432 1398 1471 Avidaque
1417 1431 1523 1471 porca]
1555 1431 1711 1471 Propert.
1734 1439 1785 1463 xv.
1806 1433 1839 1463 l.

1155 1479 1164 1496 ‘
1179 1479 1291 1510 Parva
1311 1480 1456 1520 saginati
1480 1480 1668 1511 lustrabant
1691 1479 1839 1519 compita

1157 1527 1274 1567 porci.'
1317 1528 1420 1569 Atqui
1434 1530 1443 1546 ⁴
1454 1527 1618 1568 compita'
1632 1527 1770 1559 Laribus
1786 1537 1839 1558 sa-

1155 1580 1251 1606 crata
1266 1575 1369 1607 fuisse
1383 1580 1539 1614 constat3
1562 1575 1650 1607 unde
1671 1580 1705 1607 et
1725 1576 1736 1595 ⁴
1749 1585 1838 1606 com-

1156 1624 1277 1663 pitales
1294 1624 1423 1664 Lares:
1445 1624 1545 1665 quod.
1560 1628 1598 1656 nt
1611 1625 1720 1664 inquit
1736 1623 1840 1656 011111.Ι

1155 1674 1165 1690 ‘
1180 1672 1334 1711 Compita
1352 1672 1511 1710 servant‚'
1530 1675 1594 1703 &c-
1636 1673 1734 1705 Quod
1757 1682 1838 1713 ergo

1153 1728 1245 1758 porca
1267 1719 1352 1750 dixit
1378 1719 1551 1760 Horatius,
1574 1721 1745 1759 enallagen
1765 1730 1839 1752 esse

1156 1766 1313 1806 arbitror,
1339 1776 1400 1807 pro
1424 1776 1525 1807 porco.
1567 1766 1615 1798 At
1630 1777 1711 1799 vero
1725 1769 1841 1800 Cereri

1157 1824 1261 1856 porca
1288 1816 1532 1849 immolabatur.
1572 1816 1639 1848 Sed
1665 1821 1699 1848 et
1725 1818 1841 1848 Mania

1158 1865 1292 1896 Larium
1315 1865 1386 1896 sive
1408 1869 1527 1905 mater,
1551 1865 1620 1896 sive
1643 1866 1728 1904 avia,
1752 1875 1839 1897 com-

1159 1914 1250 1944 muni
1274 1923 1348 1945 cum
1362 1913 1503 1944 Laribus
1525 1913 1689 1946 sacrificio,
1708 1914 1839 1946 coleba—

1159 1965 1226 1992 tur.
1268 1962 1392 1992 Maniae
1417 1966 1528 1993 autem
1551 1971 1655 2002 porca
1673 1964 1838 1994 convenit.

1161 2010 1250 2040 Torr.
1292 2009 1452 2049 Avidaque
1469 2011 1576 2051 porca]
1609 2010 1727 2050 Edaci,
1741 2012 1837 2041 etiu-

1158 2057 1315 2096 explebili
1333 2067 1445 2096 porca.
1475 2059 1627 2097 Laribus,
1640 2059 1673 2088 id
1684 2063 1749 2098 est,
1759 2058 1836 2089 Diis

1157 2103 1372 2135 familiaribus
1385 2114 1485 2143 porca
1495 2105 1725 2136 immolabatur
1736 2115 1835 2146 prop-

1157 2157 1263 2191 terea,
1284 2152 1370 2192 quod
1390 2153 1461 2184 haec
1483 2162 1586 2192 pecus
1600 2158 1728 2184 tantum
1744 2154 1835 2186 utilis

1157 2201 1262 2232 estad
1279 2210 1398 2235 escam.
1414 2211 1478 2242 qua
1493 2201 1650 2233 familiam
1666 2202 1835 2234 abundare

1158 2253 1323 2289 optamus.

1200 2302 1218 2328 5
1241 2297 1400 2338 Asricum]
1414 2299 1559 2330 Ventum
1574 2298 1773 2332 inferentem
1788 2301 1836 2332 vi·

1159 2345 1246 2377 tibus
1263 2351 1403 2385 pestem,
1417 2356 1480 2387 qua
1494 2348 1580 2379 vites
1593 2348 1816 2382 sterilescunt.

1198 2397 1220 2424 6
1242 2394 1392 2426 Foecunda
1402 2395 1488 2435 vitis]
1505 2396 1669 2438 Rubigiue
1680 2398 1837 2439 nigrescit

1155 2441 1258 2482 spica,
1272 2446 1308 2473 et
1321 2443 1360 2474 fit
1375 2442 1576 2476 infoecunda.

1197 2496 1217 2524 7
1238 2493 1380 2534 Alumni]
1421 2496 1547 2527 Dulces
1581 2496 1687 2529 liberi.
1742 2497 1836 2529 Ordo

1157 2545 1226 2572 est:
1243 2541 1311 2573 Aut
1327 2542 1442 2575 dulces
1456 2545 1577 2576 alumni
1592 2554 1693 2585 grave
1706 2551 1833 2587 tempus

1156 2599 1223 2621 non
1246 2591 1394 2623 sentient
1413 2601 1499 2623 anno
1521 2592 1692 2633 pomifero,
1715 2590 1749 2625 id
1771 2598 1833 2630 est,

1157 2639 1235 2669 anni
1258 2644 1355 2679 parte
1374 2640 1544 2680 pomifera,
1559 2651 1679 2682 nempe
1694 2641 1832 2672 Autum-

1157 2696 1213 2726 no,
1235 2688 1365 2728 quando
1387 2689 1481 2729 pueri
1501 2690 1606 2730 pomis
1622 2689 1832 2721 vehementer

1157 2735 1377 2767 delectantur.
