1904 3216
401 289 512 332 1696

400 393 533 429 vocant,
548 398 590 421 ex
605 388 722 429 frigida
739 392 776 419 ct
793 388 928 419 humida
945 388 1076 421 cerebri

398 437 598 477 intemperie
619 435 817 476 procedens,
831 446 850 467 a
868 436 990 468 Latinis
1007 436 1078 468 fere

397 489 535 517 veternus
548 484 756 524 appellatur:
775 484 907 516 morbus
923 486 1010 516 iners
1026 490 1077 516 at-

397 541 461 574 que
488 535 638 573 ignavus,
667 536 703 563 et
726 531 836 564 ferreo
859 533 1014 574 quodam,
1041 538 1077 564 ut

397 582 444 612 ita
456 581 575 620 dicam,
588 589 702 612 sonmo
716 581 853 613 miseros
868 583 1075 623 opprimens:

397 628 514 668 Virgil.
533 629 659 669 Georg.
673 638 697 660 ι.
718 630 728 647 ⁶
745 630 816 661 Nec
833 635 966 671 torpere
983 631 1076 671 gravi

397 686 516 717 passus
537 687 596 709 sira
611 687 723 718 Tegna
745 678 903 710 veterno-¹
946 679 1000 711 Fit
1021 689 1075 710 ati-

397 733 465 758 tem
481 727 656 768 aliquando
678 728 881 759 medicorum
896 728 1075 768 imperitia,

396 782 434 807 ut
459 775 626 810 contraria
651 776 823 806 contrariis
855 775 980 807 mederi
1003 785 1074 807 sesc

396 825 472 865 rati,
487 825 550 856 nisi
564 825 749 856 cantionem
765 824 1075 863 adbil›eant,div‹·r-

396 882 468 906 sum
491 873 623 914 penitus
649 873 796 904 morbum
826 871 994 910 efficiant3
1023 877 1074 903 ut-

395 926 478 961 puta
501 921 529 951 si
558 921 675 960 pituita
702 921 734 950 in
762 920 873 959 bilem,
890 921 922 951 in
946 920 1074 952 febrem

395 970 486 1009 (quas
511 969 643 1007 φρενῖτις
665 967 784 998 Graece
806 967 944 1009 dicitur)
965 973 1075 1000 veter·

395 1026 456 1047 nus
485 1021 707 1048 convertatur.
754 1016 827 1047 Hoc
854 1016 955 1056 igitur
981 1021 1076 1048 notat

394 1065 448 1095 hic
473 1064 646 1103 Horatius,
665 1074 740 1096 cum
765 1065 987 1105 lethargicum·
1002 1065 1076 1096 fieri

395 1112 539 1153 pugilem
566 1118 601 1144 et
631 1121 749 1153 urgere
778 1113 942 1144 medicum
971 1112 1074 1144 dicit:

394 1161 456 1192 hcc
475 1161 562 1192 enim
586 1161 786 1201 phreneticis
808 1162 1002 1202 pierumque
1021 1170 1076 1193 ac-

394 1208 490 1247 cidit,
505 1208 708 1240 inflammata
729 1209 857 1240 cerebri
873 1209 1076 1248 membrana,

394 1262 430 1289 ut
441 1258 586 1290 coiirceri
601 1262 779 1299 nequeant,
795 1258 873 1298 quin
889 1258 1076 1290 immaniter

394 1308 484 1347 ipsos
513 1307 682 1347 praecipue
705 1307 851 1337 medicos
880 1306 1074 1346 aggredian-

393 1359 460 1392 tur,
475 1359 520 1390 et.
535 1359 571 1385 ut
587 1354 714 1394 pugiles
729 1354 847 1393 solent,
862 1354 980 1394 pugnis
995 1363 1074 1384 one-

393 1407 481 1434 rent.
506 1403 645 1433 Torrent.
702 1402 743 1432 Ul
771 1403 842 1432 dum
854 1402 899 1443 fle
922 1402 1021 1442 pugil,
1044 1405 1074 1432 et

393 1451 539 1481 medicum
552 1450 656 1489 urget]
680 1451 765 1481 Dum
781 1450 944 1481 medicum
958 1451 1074 1489 pugnis

391 1497 492 1530 officii
508 1498 557 1528 sui
573 1502 693 1528 monet.
716 1496 750 1527 ἓν
763 1497 810 1527 διὰ
824 1498 916 1528 δυοῖν.
949 1497 1074 1536 Lepide

392 1555 472 1586 ergo
495 1546 595 1576 talem
620 1541 766 1585 pugilem
796 1545 996 1584 deprecatur
1022 1553 1073 1575 se-

391 1594 587 1634 quentibus:
602 1594 612 1611 ‘
626 1594 715 1624 Dum
727 1602 770 1623 ne
780 1592 858 1633 quid
873 1593 976 1623 simile
986 1593 1073 1630 huic,

392 1646 478 1679 esto,
494 1645 531 1671 ut
551 1640 666 1671 lubet:
710 1640 815 1670 Putat
836 1641 923 1670 enim
945 1649 1006 1670 sua
1028 1640 1074 1670 in-

393 1693 532 1728 teresse,
554 1693 590 1718 ut
614 1696 711 1727 (quam
734 1686 926 1727 longissime
949 1687 989 1716 ab
1011 1686 1073 1717 hac

392 1735 616 1767 miinificentia
632 1734 730 1766 absit.
758 1734 870 1765 Heius.
908 1733 1073 1772 Lethon-gi-

389 1793 444 1814 cus
454 1784 518 1824 liic]
533 1784 578 1814 Ut
590 1787 792 1814 veternosus·
838 1781 949 1820 Fugit]
965 1782 1073 1813 Quum

392 1831 429 1863 fit
446 1832 669 1873 phreneticus.
716 1830 828 1870 Urget]
850 1830 894 1861 Et
909 1829 1073 1862 medicum

394 1880 561 1912 verberat.

433 1930 471 1959 ³1
488 1929 581 1961 Dum
594 1938 633 1959 ne
646 1927 733 1969 quid]
753 1926 864 1958 Verba
883 1930 959 1958 suut
982 1926 1073 1958 fesu-

392 1976 512 2007 vissimi
543 1976 673 2011 Poie'tae.
701 1976 785 2007 maie
815 1975 1009 2014 metuentis,
1033 1984 1074 2006 ne

391 2025 617 2065 Damasippus
633 2030 668 2055 et
683 2025 755 2064 ipse
776 2024 824 2055 sic
846 2024 936 2065 pugil
952 2022 1074 2054 evade·

391 2079 453 2105 rer.
499 2074 545 2105 At
570 2075 636 2112 ille,
657 2079 852 2114 retorquens
874 2073 1011 2111 dictum,
1026 2073 1074 2104 ait

393 2122 500 2160 ipsum
515 2122 617 2159 illum,
631 2131 650 2151 a
663 2131 728 2160 quo
739 2121 934 2160 suggillatus
950 2119 1072 2158 fuerat,

390 2168 545 2199 insanire.
575 2168 652 2199 vid.
667 2167 814 2198 Turneb.
830 2175 896 2197 vn.
908 2169 958 2196 10.
985 2166 1072 2196 Tor-r.

392 2217 477 2247 Dum
501 2226 537 2247 ne
559 2216 633 2255 quid
656 2215 754 2246 simile
775 2214 859 2254 huic]
888 2213 1071 2244 Dummodo

391 2273 433 2295 ne
449 2265 527 2305 quid
542 2263 642 2295 facias
661 2264 735 2295 huic
757 2261 947 2303 phrenetico
966 2261 1071 2292 simile

390 2312 515 2353 (inquit
532 2311 668 2352 Horat.)
683 2317 753 2342 esto
772 2312 906 2342 insanus
927 2310 953 2340 si
970 2310 1071 2341 voles.

395 2361 424 2390 0
440 2358 526 2400 bone]
547 2359 707 2400 Loquitur
725 2358 958 2398 Damasippus.

433 2410 473 2439 82
489 2406 667 2447 Frustra-e]
683 2407 736 2438 Ne
749 2406 895 2446 decipias
910 2410 955 2436 te.
985 2405 1071 2437 Seut-

391 2457 474 2496 cimae
495 2466 588 2496 prope
607 2454 722 2494 omnes]
744 2454 859 2486 Dictio
878 2462 970 2494 prope
991 2453 1070 2484 nihil

391 2505 445 2536 hic
474 2503 650 2535 sententiae
676 2501 845 2533 detrahit:
875 2500 1071 2540 simpliciter

392 2554 479 2585 enim
494 2551 710 2592 pronuntiant
723 2550 826 2582 Stoici
843 2551 853 2568 ‘
869 2550 988 2581 stultos
1003 2558 1070 2580 om-

392 2611 450 2633 nes
473 2601 638 2633 insanire.’
678 2599 791 2631 Simile
810 2598 892 2629 illud
914 2606 939 2629 ι.
953 2598 1022 2629 Sat.
1038 2599 1068 2628 3.

391 2650 400 2666 ‘
415 2650 518 2682 Queis
541 2647 633 2688 paria
655 2657 728 2679 esse
750 2646 819 2678 fere
848 2646 973 2686 placuit
993 2654 1068 2686 pec-

393 2701 468 2728 cata
480 2697 500 2734 ;'
516 2705 590 2729 nam
604 2696 707 2727 Stoici
722 2696 915 2739 simpliciter
931 2692 1069 2725 affirma-

393 2745 476 2780 bant
500 2752 640 2784 peccata
661 2755 732 2778 esse
754 2746 903 2787 nequalia.
932 2744 1069 2776 Tor-rent.

854 300 993 330 No‘rAE
1026 300 1282 331 VARlORUM
1317 300 1366 331 IN

1125 390 1277 430 stultique
1287 391 1394 432 prope]
1413 390 1600 423 Secundum
1615 391 1804 427 Stoicorum

1125 437 1254 476 dogma.

1166 488 1206 516 ³3
1230 486 1268 516 Sa·
1287 487 1359 526 quid
1382 486 1550 519 Stertinius
1569 488 1648 529 veri]
1667 488 1702 520 81
1721 488 1802 530 quid

1126 534 1194 565 veri
1218 535 1362 575 loquitur
1387 536 1564 567 Stertinius
1587 535 1805 578 Philosophus

1125 582 1266 615 Stoicus.
1315 584 1417 624 Unde]
1440 584 1470 616 A
1486 593 1563 625 quo.
1798 602 1803 609 ·

1165 634 1206 662 84
1230 632 1388 673 Tempore]
1414 634 1464 664 Ex
1478 642 1518 665 eo
1535 637 1696 674 tempore.
1799 662 1802 667 ,

1166 682 1205 711 85
1229 680 1401 721 Sapientem
1423 690 1544 721 pascere
1567 680 1704 721 habam]
1727 680 1806 717 Phi.

1124 726 1328 767 iosopbicam
1341 727 1477 759 barbam
1499 728 1627 759 nutrire
1641 728 1682 760 ad
1699 727 1806 765 umbi-

1123 775 1222 806 licum
1234 784 1349 816 usque,
1360 780 1416 806 aut
1429 776 1470 806 ad
1482 776 1602 815 pubem
1615 775 1804 809 demissam.

1124 823 1222 863 [vat.
1242 824 1353 855 Palat.
1373 827 1403 856 8.
1426 834 1445 856 a
1459 834 1503 856 m.
1528 834 1577 865 pr.
1592 834 1724 857 crescere
1737 821 1818 862 bar?

1123 870 1218 911 bam-J
1798 907 1800 909 .

1165 921 1207 949 80
1239 918 1394 959 Fabricio]
1434 920 1510 952 Duo
1538 920 1666 963 antiqui
1692 922 1803 962 operis

1126 970 1255 1005 pontes,
1279 966 1409 998 Cestius
1433 971 1467 998 et
1489 967 1669 1008 Fabricius,
1690 974 1805 1003 nostra

1124 1014 1232 1045 adhuc
1255 1019 1354 1045 oetste
1379 1020 1584 1055 permanent,
1605 1021 1642 1048 et
1667 1017 1805 1055 insulam

1123 1061 1315 1093 Tiberinum
1331 1063 1413 1103 ripoe
1422 1062 1586 1103 ⁴inunum:
1609 1063 1691 1105 quin
1705 1066 1804 1099 etiam

1126 1110 1157 1140 in
1186 1110 1340 1142 Fabricio
1365 1111 1488 1151 legitur
1511 1112 1583 1144 hnc
1609 1112 1804 1154 inscriptio:

1125 1166 1154 1189 ι.
1179 1166 1363 1191 ιτΛΒιιιοινι
1389 1168 1420 1191 c.
1442 1169 1472 1191 r.
1493 1168 1706 1193 ucrvunvu
1721 1169 1805 1194 con-

1125 1214 1247 1239 ιιΛνιτ.
1270 1215 1311 1246 Q.
1327 1216 1474 1239 nspinvs
1498 1216 1538 1239 ss·
1555 1216 1587 1240 t.
1601 1216 1640 1240 ss.
1660 1216 1804 1249 :omaus

1124 1264 1165 1286 Μ.
1194 1263 1226 1286 ιτ.
1251 1263 1322 1286 cos.
1352 1263 1630 1288 enonsvaavsrr.
1666 1257 1804 1289 Teneat.

1124 1304 1225 1334 Ponte
1247 1304 1375 1345 reverti]
1402 1304 1498 1336 Unde
1525 1305 1744 1347 Damasippus
1766 1314 1803 1338 se

1124 1352 1335 1392 praecipitare
1347 1353 1462 1388 voluit,
1473 1352 1584 1385 damni
1591 1353 1705 1386 dolore
1715 1363 1806 1386 ccm-

1124 1404 1242 1431 motus.
1799 1427 1803 1434 .

1164 1450 1203 1478 37
1228 1449 1312 1480 Male
1325 1458 1357 1480 re
1367 1449 1473 1490 gesen]
1497 1450 1545 1481 Re
1560 1448 1714 1482 familiari
1730 1459 1804 1483 mea

1122 1502 1330 1536 consumpta.
1357 1498 1472 1537 operto
1484 1498 1540 1529 Me
1552 1499 1668 1539 capite]
1685 1497 1801 1531 Multis

1122 1542 1163 1572 de
1176 1543 1298 1574 caussis
1310 1550 1411 1583 caput
1425 1546 1580 1576 velabant
1594 1546 1741 1586 antiqui3
1757 1545 1801 1576 ob

1123 1590 1259 1627 luctum,
1287 1591 1320 1622 in
1346 1591 1481 1631 funere;
1504 1594 1546 1623 ob
1571 1592 1743 1633 pudorem,
1767 1594 1801 1625 in

1123 1638 1259 1677 nuptiis,
1274 1647 1294 1669 a
1309 1639 1461 1670 nubendo
1476 1639 1598 1678 diciisg
1614 1639 1656 1671 ob
1670 1641 1801 1682 religio-

1123 1693 1210 1723 nem,
1226 1685 1259 1715 in
1275 1694 1311 1716 re
1330 1686 1441 1717 divina
1455 1685 1620 1727 facienda,
1634 1688 1801 1730 sacrisque

1123 1732 1369 1770 precationibus
1383 1744 1392 1771 ;
1409 1734 1487 1765 item
1499 1743 1574 1767 curn
1587 1735 1660 1776 quis
1674 1745 1710 1768 se
1726 1737 1802 1770 Diis

1123 1780 1273 1811 manibus
1289 1781 1491 1822 devovisset,
1506 1782 1555 1815 uti
1576 1783 1655 1815 olim
1677 1784 1776 1817 Decii
1789 1795 1806 1819 zv

1122 1828 1179 1858 sed
1193 1833 1228 1859 et
1242 1829 1275 1859 in
1291 1830 1464 1870 suppliciis
1479 1830 1619 1870 publicis
1632 1832 1802 1872 plectendi

1121 1876 1389 1918 obnubebantur,
1408 1879 1459 1909 vel
1474 1879 1657 1911 honestatis
1673 1889 1801 1917 caussa.

1123 1925 1175 1955 vei
1203 1926 1509 1966 commiserationis,
1532 1936 1573 1959 ne
1606 1926 1801 1960 interfecto·

1122 1982 1174 2003 res
1197 1982 1272 2005 suos
1302 1977 1452 2015 aspicere
1480 1980 1688 2015 cogerentur.
1723 1976 1800 2009 Non

1122 2025 1247 2053 temere
1267 2022 1370 2063 igitur
1389 2028 1425 2054 et
1454 2023 1676 2063 Damasippus
1697 2029 1800 2065 capnt

1122 2071 1265 2110 operuit.
1302 2072 1488 2102 Torrentius.
1547 2072 1660 2112 Operlo
1686 2070 1799 2113 capite]

1122 2117 1264 2148 Pudoris
1281 2128 1407 2150 caussa.
1804 2154 1805 2157 Ἴ

1161 2167 1202 2195 38
1226 2165 1347 2196 Dexter
1368 2166 1470 2205 stetit]
1500 2167 1678 2207 Tamquam
1705 2167 1798 2199 Deus

1119 2221 1159 2242 ex
1176 2212 1351 2251 improviso
1363 2213 1486 2244 auxilio
1502 2212 1575 2244 fuit.
1612 2213 1705 2254 Virg.
1722 2214 1796 2246 AEn.

1120 2269 1199 2291 viu.
1212 2261 1222 2277 ⁶
1237 2261 1282 2292 Et
1301 2270 1358 2291 uos
1381 2266 1414 2291 et
1434 2267 1491 2292 tua
1505 2261 1622 2292 dexter
1638 2261 1693 2293 adl
1710 2262 1795 2303 pede

1119 2317 1212 2339 sacra
1227 2308 1392 2339 secundo!
1415 2308 1625 2340 Contrarium
1640 2313 1649 2328 ⁸
1661 2309 1763 2342 levus
1773 2311 1797 2342 ε’

1119 2359 1128 2376 ‘
1143 2358 1178 2388 Si
1191 2367 1287 2399 quem
1301 2359 1443 2390 Numina
1458 2360 1542 2390 laeva
1555 2358 1689 2391 sinunt.'
1710 2360 1796 2392 Tor-r.

1120 2406 1240 2436 Dexter
1252 2406 1354 2446 stetit]
1377 2406 1494 2439 Astitit
1519 2406 1596 2438 mihi
1619 2407 1795 2441 Stertinius

1119 2453 1318 2485 fortunatus.
1340 2454 1433 2493 [Vat.
1448 2455 1541 2486 Rom.
1559 2457 1609 2486 10.
1621 2455 1757 2495 dextra-J
1828 2489 1838 2499 ·

1160 2505 1201 2533 39
1222 2502 1328 2533 Pudor
1341 2503 1446 2542 argei]
1470 2502 1585 2534 Malim
1595 2504 1696 2544 angit,
1709 2507 1748 2536 ut
1763 2503 1796 2536 in

1117 2555 1245 2592 septem
1268 2551 1513 2591 exemplaribus
1536 2551 1696 2592 scriptum
1718 2562 1796 2594 rep-

1119 2601 1202 2640 peri.
1225 2601 1362 2632 Torrenae.
1403 2601 1508 2632 Malas
1522 2599 1627 2641 urget]
1649 2594 1794 2635 vnio-‘us

1119 2649 1236 2687 pudor.
1577 2687 1579 2689 ¹

1159 2698 1214 2737 [ιιι
1238 2697 1316 2728 vat.
1335 2700 1363 2728 ι.
1377 2697 1452 2728 Vnt.
1467 2697 1562 2729 Rom.
1574 2700 1625 2731 ιο.
1641 2698 1718 2731 vat.
1731 2697 1794 2731 Pa·

1118 2745 1175 2776 lat.
1187 2748 1218 2779 ³.
1234 2755 1253 2776 a
1265 2755 1307 2777 in.
1319 2754 1383 2778 sec.
1401 2746 1613 2779 Barbarion.
1629 2746 1683 2779 alii
1694 2746 1791 2779 codd.
