1916 3262
480 287 690 321 nourrii
722 285 1003 317 eARMmUM
1038 286 1135 316 ma.
1169 287 1201 316 1.
1229 275 1301 317 17.

154 381 246 424 quod
274 381 389 414 Horus
409 380 534 422 Apollo
555 376 711 413 tradidit,
733 375 859 417 AEgyp-

104 436 107 438 '
156 432 222 464 tios
257 442 319 474 per
355 429 528 466 ‘leoneni‚'
565 427 859 470 perturbationem

154 482 373 524 illam,quam
388 481 482 521 θυμὸν
496 483 622 512 vocant
643 477 772 519 Graeci,
793 477 859 518 sig-

155 531 323 564 nificasse.
350 532 494 565 Torreat.

200 585 243 614 16
274 581 453 621 Stomacho]
502 577 758 612 ‘Stomachum'
795 587 858 618 pro

155 637 301 673 pectore
315 631 414 667 dixit,
429 631 463 662 in
485 639 552 672 quo
576 638 645 660 cor.
682 628 856 669 Sanguine

151 681 244 713 enirn
267 681 314 712 ibi
337 680 534 719 ebulliente,
558 678 774 720 perturbatio
801 679 857 709 illa

153 731 317 771 nascitur,
352 740 420 772 qua
449 729 491 761 ad
520 729 604 760 iram
635 729 858 760 concitamur.

150 779 301 812 Torrent-
336 779 516 820 Stomacho]
548 779 640 810 Hinc
657 778 776 809 dicunt
793 779 857 809 La-

153 829 218 860 tini
231 828 442 860 stomachum
458 838 608 865 movere,
631 838 704 870 pro,
731 828 858 860 iratum

150 877 280 916 facere,
294 879 562 913 et'stomachari,
582 888 642 919 pro
659 878 773 910 irasci.

194 930 235 960 1⁷
258 928 413 971 Thyesten
440 929 539 960 exitio
573 928 684 969 gravi]
721 927 859 969 Thyesti

150 989 230 1012 suos
243 978 330 1012 filios
352 979 462 1012 frater
478 979 604 1011 Atreus
629 978 781 1010 edendos
798 989 858 1019 ap-

147 1029 277 1070 posuit,
301 1039 342 1061 eo
366 1030 456 1071 quod
471 1030 639 1070 Thyestes
664 1038 740 1060 cum
757 1027 858 1061 Atrei

147 1088 260 1111 *uxore
274 1080 528 1112 concubuisset.

198 1132 238 1162 18
270 1129 434 1171 Str-overe]
481 1131 652 1171 Dejecere
682 1129 724 1161 de
754 1133 858 1161 statu.

156 1180 302 1222 Ultima]
363 1181 536 1213 Extrema:
564 1179 704 1212 fuerunt
732 1189 860 1216 causae,

150 1239 256 1272 usque
270 1230 313 1261 ad
326 1230 538 1262 eversionem
551 1241 560 1269 ;
585 1231 637 1262 vel
652 1230 774 1272 quibus
785 1231 858 1262 uul-

152 1279 197 1311 1oe
212 1280 390 1321 graviores
400 1280 636 1322 potioresque.

191 1333 233 1362 21
256 1331 411 1362 Arearum
438 1329 611 1370 exercitus]
658 1329 749 1362 Urbs
786 1334 857 1361 tum

149 1389 227 1413 esse
253 1381 390 1419 desinit,
412 1389 488 1411 cuni
511 1380 546 1410 in
570 1389 611 1410 ea
631 1384 782 1410 aratrum
811 1380 856 1410 sit

147 1429 445 1462 circumductum:
477 1433 592 1460 aratro
623 1430 727 1460 etiam
752 1428 855 1469 prisci

145 1478 180 1511 in
197 1478 388 1511 condendis
403 1478 542 1510 urbibus
559 1478 757 1510 utebantur.
777 1480 787 1496 ‘
799 1479 856 1510 In-

147 1534 245 1562 terea
260 1530 385 1562 AEneas
411 1529 528 1561 urbem
546 1529 701 1570 designat
717 1529 856 1561 aratro.'

145 1581 268 1622 Virgil.
317 1581 474 1622 Insolens]
521 1580 705 1612 Exercitus
735 1589 854 1621 super-

145 1630 231 1671 bus3
253 1630 334 1672 quia
348 1630 495 1662 victoria
505 1635 627 1662 natura
639 1630 791 1662 insolens
801 1635 856 1662 est

146 1686 182 1713 et
198 1681 362 1722 superba.

189 1734 232 1763 22
257 1731 422 1772 Compesce
464 1729 614 1770 mentem]
658 1730 855 1771 Comprime

143 1781 306 1822 animum,
322 1791 384 1812 nec
401 1790 455 1812 me
468 1781 618 1819 imitare,
634 1790 735 1821 quem
749 1781 855 1820 poeni-

146 1835 200 1864 tet
217 1833 289 1863 irae.
333 1831 391 1862 Me
413 1829 546 1871 quoque]
567 1831 719 1861 Excusat
733 1839 770 1860 se
787 1829 857 1860 Ho-

145 1880 268 1919 ratius,
293 1879 476 1912 conferens
493 1879 552 1910 irae
568 1887 706 1910 causam
722 1878 756 1909 in
773 1878 854 1909 ado-

144 1929 324 1962 lesceutiae
340 1928 523 1961 fervorem.
569 1928 715 1960 Pectoris
731 1927 856 1970 semor]

146 1979 205 2012 Ira
216 1984 270 2011 est
284 1979 440 2011 ebullitio
453 1978 626 2019 sanguinis
641 1978 734 2010 circa
749 1988 822 2010 cor.

186 2032 231 2062 24
253 2027 560 2068 Incelemlambos]
598 2029 654 2060 De
666 2029 730 2060 boc
741 2029 854 2069 Epist.

145 2079 189 2112 ad
219 2079 386 2111 Pisones:
422 2077 588 2120 ‘Syllaba
626 2078 728 2118 longa
755 2077 852 2110 brevi

139 2129 304 2171 subjecta
319 2132 462 2161 vocatur
479 2127 629 2166 Iambus,
648 2128 716 2159 Pes
733 2127 844 2160 citus!

138 2205 142 2207 Δ
185 2182 227 2212 25
250 2178 437 2219 Fur-entem]
459 2178 611 2219 Propter
623 2178 719 2209 iram.
758 2179 854 2210 Nunc

136 2240 200 2271 ego
221 2230 366 2272 mitibus]
401 2230 504 2262 Nunc
519 2229 643 2261 studeo
659 2230 758 2262 mitia
773 2240 851 2272 per-

143 2281 256 2324 sequi,
272 2282 386 2313 tristia
400 2280 608 2321 relinquere.

186 2335 230 2364 26
253 2332 341 2364 Dum
360 2331 440 2363 mihi
444 2331 521 2374 fios,
536 2330 607 2372 ξω]
629 2330 779 2371 Mutato,
800 2331 851 2363 in-

144 2382 230 2423 quit,
245 2381 419 2413 scribendi
442 2382 545 2421 stylo,
565 2390 629 2421 pro
657 2381 850 2422 opprobriis

143 2432 263 2463 laudes
291 2431 411 2463 dicere
439 2439 507 2461 non
535 2430 711 2469 desinam3
740 2431 851 2462 donec

143 2481 208 2512 bac
229 2479 464 2512 satisfactione
483 2479 630 2520 placata,
654 2489 787 2511 mecum
815 2481 851 2512 iu

145 2529 289 2571 gratiam
321 2529 464 2560 redeas:
495 2532 533 2560 ut
559 2528 763 2562 ‘recantare
790 2540 851 2572 op·

145 2578 305 2620 probris:
330 2578 375 2609 sit
390 2571 574 2608 “contrario
598 2587 640 2609 ea
663 2584 765 2611 cautu
786 2580 851 2612 tol-

144 2631 228 2667 lere,
239 2633 342 2669 atque
358 2627 455 2658 irrita
467 2626 596 2658 facere.
613 2627 851 2661 Graeci-»ramv-

144 2680 233 2719 ῳδεῒν
257 2678 391 2715 dicunt,
417 2676 507 2708 unde
537 2677 718 2717 παλινῳδία.
759 2679 848 2712 Torr.

145 2730 234 2761 Dum
261 2726 356 2768 mihi]
403 2727 455 2758 Ea
483 2727 694 2768 conditione,
723 2733 761 2760 ut
790 2728 850 2761 fias

146 2781 226 2813 milii
244 2779 365 2811 amica.

186 2833 228 2863 2⁷
257 2829 440 2862 Recantatis
479 2828 596 2869 amica]
647 2829 850 2862 Reeantatis

1503 275 1617 319 1367

909 374 1071 407 convitiis
1087 378 1191 416 atque
1207 372 1415 414 maledictis,
1438 375 1558 415 quibus
1580 381 1617 409 tu

909 426 1013 459 etiam
1031 435 1084 457 me
1100 425 1275 464 lacerasti,
1289 425 1324 456 id
1341 428 1408 463 est,
1429 429 1467 456 tu
1483 435 1616 468 qnoque

907 477 1112 508 recantesiu
1128 485 1183 507 me
1199 484 1320 516 sparsa
1334 474 1616 515 convitia‚muta-

906 529 1008 567 taque
1025 525 1211 564 sententia,
1227 535 1282 557 me
1301 523 1472 556 redames.
1496 525 1593 566 Cruq.

950 579 992 608 28
1017 577 1226 616 Animumque
1254 574 1382 615 reddas]
1431 574 1546 616 Atque
1577 585 1617 607 ea

906 626 1117 665 conditione,
1136 631 1175 658 ut
1191 635 1246 658 me
1262 626 1295 657 in
1312 635 1407 667 spem
1431 625 1538 657 ducas
1564 631 1614 658 te-

905 686 983 708 cum
999 676 1031 707 in
1048 677 1195 717 gratiam
1218 676 1399 709 redeundi.

907 727 991 760 Onu
1016 735 1111 759 xvn.
1154 725 1371 768 Παραινετική.
1422 725 1483 757 An
1516 726 1616 758 'rvu-

948 786 1136 810 Damnem.
1183 778 1314 809 Invitat
1337 786 1413 808 eam
1434 777 1468 807 in
1487 777 1616 808 Lucre-

949 829 1058 868 tilem,
1071 827 1316 860 commendans
1334 827 1378 858 ab
1401 827 1615 863 amoenitate,

949 887 1014 909 nec
1038 887 1104 909 non
1121 877 1306 910 ostendens
1329 876 1522 918 commoda,
1539 887 1613 919 quae

950 938 994 960 ex
1009 938 1049 959 ea
1067 927 1252 969 percipiet.

952 982 967 1011 l
1008 979 1105 1011 Velox
1129 987 1283 1010 omoenum
1313 976 1412 1018 sepe]
1448 977 1614 1019 Caprinos

908 1028 1015 1070 pedes
1040 1029 1170 1061 habent
1201 1028 1323 1068 Fauni,
1351 1028 1527 1060 velocitati
1558 1038 1615 1060 ac-

906 1079 1113 1112 commodos.
1173 1077 1377 1118 Lucretilem]
1433 1080 1615 1112 Lucretilis

908 1139 1004 1161 mons
1027 1135 1081 1161 est
1106 1130 1141 1161 in
1169 1130 1315 1169 Sabinis,
1341 1131 1374 1161 in
1401 1130 1496 1170 cnjus
1526 1130 1614 1162 valle

907 1179 1021 1211 villani
1033 1180 1151 1212 habuit
1163 1180 1330 1212 Horatius
1341 1176 1614 1213 amoenissimam.

949 1231 970 1260 2
994 1229 1120 1270 Mutat]
1142 1230 1244 1271 Saepe
1258 1230 1427 1270 demigrat
1440 1230 1473 1261 in
1487 1230 1614 1262 Lucre-

907 1279 1000 1310 tilem
1018 1289 1062 1311 ex
1079 1281 1216 1321 Lycaeo,
1235 1280 1292 1322 qui
1307 1289 1403 1311 mons
1427 1284 1481 1311 est
1497 1280 1531 1311 iu
1549 1280 1613 1312 Ar-

906 1329 1016 1365 cadia,
1034 1330 1067 1360 in
1090 1340 1157 1371 quo
1181 1340 1278 1363 sacra
1301 1331 1430 1370 Fauno,
1446 1332 1500 1362 vel
1523 1330 1614 1362 Pani

905 1384 1080 1419 pastorum
1098 1381 1185 1416 Deo,
1203 1380 1481 1412 celebrabantur.
1528 1381 1613 1411 Fau-

903 1438 972 1467 nus,
988 1428 1058 1469 &ct-J
1081 1429 1172 1461 Vide
1186 1429 1337 1461 Turneb.
1354 1438 1434 1461 xix.
1449 1432 1482 1461 3.

947 1481 967 1510 3
991 1480 1145 1518 Defendit
1161 1479 1303 1513 estatem
1325 1481 1469 1522 capellis]
1492 1481 1613 1513 Prohi-

906 1529 964 1560 bet
990 1535 1113 1562 aestum
1141 1530 1311 1563 fervidum
1329 1541 1349 1562 a
1365 1531 1447 1563 meis
1470 1532 1612 1572 capellis

904 1590 1026 1622 usque,
1050 1580 1084 1612 id
1108 1586 1176 1621 est,
1196 1591 1346 1623 semper.
1390 1581 1515 1614 Victor
1529 1582 1612 1614 Var.

905 1631 1003 1662 Lect.
1018 1639 1112 1663 xxx.
1129 1634 1180 1663 ll.

946 1683 966 1712 4
991 1681 1177 1722 pluviosque
1211 1682 1334 1723 ventos]
1370 1682 1503 1714 Ventos
1539 1683 1611 1723 plu-

905 1729 994 1762 viam
1011 1729 1174 1762 ferentes.

947 1783 966 1810 ⁵
993 1780 1123 1820 Impune
1138 1780 1255 1821 tutum]
1278 1781 1356 1813 Sine
1373 1781 1506 1813 damno.

948 1832 969 1861 6
982 1830 1109 1871 Devioe]
1137 1830 1275 1862 Olentis
1287 1831 1401 1863 mariti
1415 1840 1538 1862 uxores
1551 1831 1612 1863 de-

905 1879 985 1919 viae,
999 1878 1033 1910 id
1050 1884 1117 1915 est,
1132 1881 1276 1920 capellae
1290 1885 1444 1912 errantes
1459 1881 1502 1912 de
1516 1886 1612 1913 recta

905 1929 961 1960 via
976 1933 1134 1970 quaerunt
1151 1930 1308 1970 arbutos,
1322 1932 1387 1962 &c.

948 1983 967 2011 7
995 1980 1121 2011 olentis
1142 1989 1255 2012 uxores
1283 1979 1411 2019 mariti]
1444 1980 1610 2012 Foetentis

903 2030 1012 2071 capri,
1026 2030 1081 2071 qui
1108 2040 1127 2061 a
1144 2030 1290 2071 Virgilio
1313 2031 1450 2070 dicitur,
1463 2031 1515 2062 vir
1535 2041 1610 2072 gre-

899 2079 964 2119 gis,
978 2079 1033 2111 bic
1049 2079 1191 2110 maritus
1205 2090 1215 2111 z
1238 2089 1301 2121 per
1315 2079 1536 2121 ἂκυρολογίαν.

944 2133 964 2161 8
989 2128 1156 2169 Calabras]
1180 2128 1248 2161 Alii
1263 2130 1396 2177 legunt,
1407 2131 1556 2162 colubros.

943 2182 965 2212 9
989 2179 1149 2220 Hoeditia]
1172 2180 1359 2213 Lambinus
1386 2191 1454 2213 non
1483 2192 1549 2214 uno
1573 2183 1608 2214 iu

902 2230 1032 2263 Codice
1050 2230 1199 2262 Hoeditioe
1210 2231 1379 2273 scriptum
1392 2233 1609 2273 nieminit,et

900 2282 1048 2314 hoeduleoe
1063 2282 1243 2322 legendum
1261 2282 1420 2323 affirmat,
1434 2294 1511 2325 quae
1527 2289 1609 2314 sunt

899 2330 1114 2362 hoedulorum
1131 2336 1243 2372 septa.
1282 2331 1435 2364 Auratus
1449 2334 1531 2373 legit
1544 2334 1607 2365 hoe-

899 2381 997 2414 dulei.
1042 2381 1187 2413 Hoeditia
1206 2381 1309 2423 lupos]
1334 2383 1408 2414 Nec
1431 2383 1608 2414 lnoedorum

901 2432 1036 2463 stabula
1068 2441 1128 2463 seu
1158 2442 1281 2473 greges
1315 2438 1473 2464 metuunt
1508 2435 1607 2473 lupos

900 2482 1092 2518 Martiales.
1108 2482 1142 2513 id
1160 2487 1224 2523 est,
1242 2483 1342 2523 lupos
1366 2483 1491 2515 Martis
1515 2487 1607 2513 tute-

900 2531 942 2562 1ae
955 2535 1196 2563 consecratos:
1219 2541 1296 2563 nam
1310 2532 1341 2562 vi
1354 2537 1389 2563 et
1402 2531 1532 2563 insidiis
1548 2541 1607 2571 pe-

901 2590 981 2612 cora
997 2580 1157 2620 spoliant.
1171 2581 1268 2621 Virg.
1282 2582 1410 2613 ‘Dolus
1427 2590 1470 2612 an
1486 2581 1607 2622 virtus,

901 2630 976 2673 quis
993 2630 1026 2661 in
1043 2631 1141 2662 hoste
1161 2631 1313 2670 requirat
1324 2630 1349 2662 ?’

944 2683 984 2712 10
1004 2680 1167 2719 Utcunque
1175 2679 1258 2710 dulci
1270 2681 1422 2720 Tyndari,
1433 2681 1505 2722 ξω]
1517 2682 1605 2714 Fau-

900 2730 934 2761 ni
965 2729 1113 2761 fistulam
1142 2729 1364 2770 interpretor,
1396 2740 1438 2762 ex
1474 2732 1604 2772 prisco-

900 2788 973 2811 rum
997 2779 1170 2820 opinione,
1191 2779 1250 2820 qui
1275 2780 1350 2811 loca
1369 2781 1463 2812 vocis
1487 2781 1604 2824 imagi-

899 2839 977 2861 nem
1001 2828 1184 2861 referentia
1213 2840 1233 2862 a
1256 2830 1380 2863 Faunis
1410 2837 1446 2864 et
1470 2832 1602 2875 Satyris
