1916 3262
455 278 663 311 uonATn
696 278 971 310 οΛκΜῑΝυΜ
1006 280 1100 310 ura
1133 270 1310 312 u1.24.

159 374 250 404 Torr.
287 372 343 405 Vel
351 380 406 404 nos
418 373 452 404 ia
466 369 669 413 Capitolium]
689 370 847 404 Quando-

156 421 295 463 quidem
322 421 452 454 divitiae
481 424 560 452 suut
582 418 676 451 honis
697 418 847 450 moribus

156 473 413 514 impedimento,
445 481 528 512 ergo
561 471 596 502 in
639 469 847 510 Capitolium

155 531 215 553 eas
235 521 429 554 deferamus
451 521 494 554 ad
517 525 748 552 ornamentum
763 524 848 552 tem-

156 572 216 612 pli,
231 573 286 604 vel
308 573 344 604 in
369 578 463 604 mare
484 570 671 612 proximum
692 570 848 611 projicia-

156 631 245 660 mus,
262 621 354 663 qnod
383 621 490 653 suasit
515 620 594 652 olim
622 620 744 652 Crates
766 621 848 653 Phi-

155 671 327 713 losophus,
349 671 428 714 quia
451 674 503 703 tot
523 670 602 702 inde
626 671 714 702 mala
736 671 848 703 oriun-

157 724 226 752 ture

197 773 241 802 46
264 770 334 806 Quo
355 770 469 803 clamor
491 770 596 811 vocat]
622 771 786 803 Ostendit
813 770 849 803 id

154 819 367 860 plausibilius
382 819 546 852 futurum.
569 822 580 838 ⁸
597 821 776 853 Clamoris'
791 832 849 854 au-

154 873 223 901 tem
234 869 401 902 vocabulo
412 870 462 902 sic
474 872 577 903 etiam
588 881 667 903 usus
678 879 730 904 est
740 873 853 915 Epist.

152 921 186 951 2.
210 920 254 951 ad
285 920 430 952 Lollium
446 933 461 951 :.
486 922 496 940 ‘
513 922 588 954 Scis
613 932 681 964 quo
705 925 852 955 clamore

154 979 288 1002 coronae
302 970 429 1003 Proelia
444 972 611 1003 sustineas
625 973 855 1014 campestria!

158 1020 284 1052 Clamor
297 1025 397 1062 vocat,
416 1024 447 1053 et
468 1021 576 1063 turba]
600 1021 771 1064 Strepitus
792 1033 852 1066 po-

154 1069 296 1109 pnlaris.

198 1119 240 1149 ⁴⁷
268 1119 388 1151 Veznoa
402 1121 436 1152 in
451 1121 556 1162 mare]
582 1121 624 1153 Id
648 1127 713 1163 est,
734 1123 768 1154 iu
792 1133 852 1155 na·

154 1168 255 1208 valia,
269 1169 390 1210 quihus
406 1179 499 1202 mare
511 1180 531 1202 a
543 1171 663 1211 piratis
675 1177 734 1204 aut
746 1172 851 1204 hosti-

155 1217 218 1249 bus
236 1222 345 1250 tutum
362 1220 406 1251 sit
422 1221 641 1261 navigationi.
669 1223 765 1263 Cruq.

194 1270 237 1299 48
254 1269 400 1300 Gemmas
411 1274 440 1301 et
456 1270 587 1311 lapides]
607 1272 850 1305 ‚Iurisconsulti

150 1315 162 1334 ‘
178 1318 345 1357 gemmas'
361 1329 482 1350 vocare
496 1319 669 1362 videntur,
685 1331 761 1362 qnae
777 1323 848 1362 pel-

151 1366 275 1398 lncidae
297 1373 376 1399 sunt
400 1369 567 1408 materiae,
595 1374 633 1400 ut
658 1376 739 1402 sunt
761 1381 848 1403 sma-

154 1416 264 1457 ragdi,
293 1418 498 1460 amethysti:
546 1420 556 1437 ‘
574 1420 708 1461 lapillos
720 1420 730 1435 ’
766 1431 848 1454 vero

152 1466 334 1499 contrariae
358 1467 413 1501 hic
441 1474 588 1510 naturae,
604 1471 720 1511 quales
747 1472 849 1504 Obsi-

150 1516 258 1558 diani,
282 1518 453 1551 Veietani.
509 1521 708 1561 Murgan-itas
734 1526 847 1555 autem

151 1575 216 1598 nec
230 1569 385 1609 gemmis,
396 1579 460 1602 nec
473 1570 599 1612 lapillis
613 1579 848 1606 annumerant.

155 1615 245 1648 Tm.
290 1618 424 1661 Inutile]
450 1620 578 1653 Inutile
599 1627 652 1655 est
675 1633 804 1660 aurum,
821 1624 848 1656 si

150 1667 296 1699 materia
310 1673 362 1701 est
375 1671 474 1703 mala.

194 1720 239 1748 ⁵0
260 1717 300 1749 Si
314 1718 388 1750 bene
402 1721 548 1761 poenitet]
571 1722 607 1753 Si
624 1731 701 1753 vere
715 1731 775 1754 nos
791 1722 850 1754 fla-

154 1766 315 1806 gitiorum
332 1770 490 1809 poenitet,
505 1775 543 1801 et
556 1771 704 1802 animum
726 1772 769 1802 ad
791 1772 850 1803 ho-

152 1821 320 1849 nestatem
336 1827 377 1849 ac
392 1819 565 1850 meliorem
588 1819 725 1850 vivendi
748 1820 851 1852 ratio·

152 1873 230 1896 nem
243 1870 445 1898 convertere
459 1867 624 1909 volumus,
635 1877 774 1901 necesse
785 1874 849 1906 est,

155 1919 195 1948 ut
209 1917 284 1957 ipsa
297 1917 478 1955 elementa,
494 1928 538 1950 ex
553 1918 675 1961 quibus
698 1920 850 1952 nascitur

154 1967 312 2004 avaritia,
328 1968 492 2001 radicitus
512 1979 532 2001 e
554 1969 749 2010 pectoribus
771 1980 848 2003 nos·

154 2016 216 2047 tris
230 2017 460 2049 extrahamus.
484 2018 573 2050 Bene
585 2019 729 2060 poenitet]
742 2020 778 2051 Si
792 2030 848 2052 ve-

153 2073 192 2096 re
218 2066 374 2106 poenitet.
405 2067 595 2108 [Mutamus.
628 2068 774 2111 Sceleris,
795 2072 849 2111 ξε.

151 2114 320 2157 θειοΙρΙι.]

192 2168 235 2197 52
257 2166 436 2208 Elementa]
462 2167 657 2200 Primordia
679 2169 848 2210 cupidita-

150 2215 201 2248 tis·
212 2223 290 2249 suut
305 2217 469 2250 radicitus
480 2218 696 2260 extirpanda.
721 2220 848 2252 Tenerce

147 2266 259 2308 nimis]
282 2268 331 2299 Ut
350 2267 395 2299 ab
421 2267 502 2309 ipsis
525 2269 702 2300 cunabulis
726 2279 849 2310 sapere

150 2315 335 2357 discamus,
349 2327 425 2358 quae
448 2327 531 2349 saue
554 2322 707 2350 veterum
727 2320 850 2351 Persa-

151 2375 226 2398 rum
243 2376 284 2398 ac
300 2367 636 2400 Lacedaemoniorum
655 2370 744 2401 ratio
760 2370 847 2402 fuit:

151 2415 274 2449 ‘Adeo
297 2427 317 2449 a
338 2418 464 2449 teneris
487 2427 683 2451 assuescere
705 2421 848 2453 multum

153 2465 230 2498 est!

196 2518 238 2547 63
250 2515 482 2557 Asper-toribus]
502 2517 629 2550 Studiis
643 2518 849 2552 fortioribus.

196 2569 238 2596 55
255 2565 388 2597 Hoerere
399 2566 568 2608 ingenuus]
585 2568 706 2600 Nescit
717 2569 849 2601 haerere

154 2615 190 2646 in
205 2624 305 2656 equo,
317 2615 352 2647 id
374 2620 439 2656 est,
454 2617 608 2658 equitare
631 2618 742 2650 nescit
764 2628 850 2659 puer

155 2675 340 2705 generosus
355 2666 464 2698 adhuc
480 2666 583 2699 rudis.

196 2719 239 2747 56
266 2716 438 2757 Venerique
457 2716 567 2748 timet.-
591 2717 710 2758 ludere]
733 2718 779 2750 Et
794 2727 850 2750 ve-

154 2766 229 2797 nari
251 2775 318 2798 non
333 2766 420 2808 vult,
441 2766 484 2798 ad
505 2766 691 2799 ludendum
709 2766 853 2810 doctior,

154 2825 229 2859 seu,
243 2819 306 2850 ἃς.

1490 272 1601 317 1481

944 373 985 402 5⁷
1011 371 1124 401 Groeco
1145 371 1266 411 trocho]
1295 371 1602 418 Quemadmodum,

901 418 992 461 quod
1008 420 1100 451 lusus
1116 420 1199 452 illud
1218 430 1324 461 genus
1339 420 1456 462 fuerit,
1470 432 1537 454 non
1553 426 1600 457 fa.

901 469 969 501 cile
999 469 1155 510 dixerim,
1194 470 1242 502 sic
1282 473 1292 487 ⁸
1310 471 1502 503 turbiuem'
1533 482 1600 506 non

902 517 1020 559 fuisse,
1043 519 1100 561 (ut
1125 519 1227 560 vulgo
1246 520 1431 562 creditur,)
1446 527 1604 554 constan-

903 572 957 600 ter
968 568 1218 602 affirmaverim.
1264 571 1441 603 Libentius
1464 572 1530 604 illis
1553 583 1604 604 as-

901 621 1041 661 sentior,
1062 621 1119 663 qui
1140 621 1356 662 κρικηλασίαν,
1372 622 1436 654 hoc
1461 627 1526 660 est,
1541 624 1604 655 cir-

901 670 963 701 culi
991 672 1216 712 impulsionem,
1245 671 1288 703 de
1317 682 1386 714 qua
1422 672 1602 705 Oribasius

902 721 1060 753 Medicus
1091 723 1235 754 Collect.
1260 723 1320 755 lib.
1342 732 1404 769 vr.¹
1421 727 1483 755 aut
1510 723 1605 755 aliud

901 772 983 814 quid
1010 772 1060 804 illi
1094 774 1286 813 proximum
1323 772 1426 804 fuisse
1455 773 1601 805 volnutz

902 822 994 863 quod
1015 822 1161 863 diligens
1180 823 1289 854 lector
1311 832 1355 854 ex
1378 823 1533 855 Martial.
1552 832 1605 856 xz.

901 875 955 904 22.
966 882 1034 904 non
1046 871 1231 904 difficulter
1241 873 1424 913 intelliget.
1445 872 1604 904 Studium

902 931 1035 963 quoque
1052 921 1190 963 aliquod
1215 926 1250 953 et
1273 921 1533 954 meditationem
1553 932 1606 954 re·

903 972 1050 1013 quirere,
1063 981 1176 1013 neque
1191 972 1270 1003 solis
1288 972 1405 1013 pueris
1422 972 1606 1004 convenire

903 1026 940 1053 et
963 1021 1087 1053 medici
1111 1026 1296 1060 testantur,
1321 1025 1358 1053 et
1381 1021 1504 1053 Horat.
1530 1022 1606 1063 ipse

901 1072 985 1102 satis
1006 1071 1135 1103 indicat
1157 1071 1200 1102 de
1226 1070 1323 1111 Arte,
1345 1080 1422 1103 cum
1439 1071 1498 1111 ait,
1519 1073 1530 1090 ⁴
1547 1072 1606 1103 In-

903 1120 1092 1161 doctnsque
1109 1119 1348 1161 pilae,discive,
1365 1121 1517 1152 trochive
1533 1122 1607 1163 qui-

906 1169 1018 1202 escit-³
1033 1170 1174 1202 Torreat.
1201 1169 1334 1211 Troe-lio]
1345 1170 1497 1202 Turbine
1508 1170 1606 1203 Grae-

906 1229 958 1256 co,
975 1229 995 1251 a
1010 1219 1143 1252 Graecis
1158 1219 1310 1256 invento,
1329 1229 1430 1261 quam
1444 1220 1608 1261 Virgilius

904 1270 1055 1311 appellat
1068 1271 1078 1288 ‘
1096 1269 1244 1302 volubile
1257 1269 1408 1302 buxum?

947 1324 989 1352 58
1016 1320 1123 1352 Vetila
1137 1320 1256 1359 legibus
1268 1320 1360 1360 alea]
1380 1320 1533 1361 Legibus
1549 1331 1606 1353 ve-

903 1371 1000 1403 titam
1018 1372 1136 1407 fuisse,
1153 1372 1273 1404 titulus
1297 1372 1354 1403 ille
1376 1371 1420 1403 de
1439 1371 1608 1404 Aleatori-

902 1420 965 1452 bus
980 1420 1038 1454 lib.
1054 1430 1105 1453 xr.
1129 1421 1383 1453 Pandectarnm
1401 1420 1484 1452 satis
1500 1421 1607 1452 mani-

902 1470 992 1503 feste
1033 1470 1195 1503 ostendit.
1255 1471 1465 1502 Probrosum
1502 1470 1607 1503 etiam

901 1519 1007 1552 fuisse
1036 1521 1120 1552 aleae
1144 1521 1266 1556 lusum,
1287 1520 1352 1551 hoc
1376 1529 1511 1561 qnoque
1539 1525 1608 1552 tes-

902 1574 1007 1612 tatur,
1025 1570 1115 1612 quod
1130 1570 1316 1602 Decembri
1331 1574 1462 1602 tautum
1476 1580 1607 1611 mense,

902 1619 1138 1652 Saturnalibus
1154 1620 1312 1659 maxime,
1329 1621 1606 1661 permittebatur.

903 1670 1039 1702 Addam
1066 1670 1168 1702 etiam
1199 1670 1242 1702 ad
1273 1670 1402 1702 AEdiles
1430 1675 1608 1711 spectasse

904 1729 978 1751 eam
993 1720 1249 1752 coercitionem.
1292 1719 1449 1751 Alciatus
1472 1729 1607 1761 quoque

903 1768 1079 1809 Parergon
1107 1769 1168 1801 lib.
1195 1778 1246 1801 vr.
1274 1768 1488 1800 ‘Talariam’
1518 1769 1608 1800 anti-

904 1818 1018 1858 quitus
1047 1822 1201 1850 vocatam
1226 1819 1335 1858 legem
1365 1823 1535 1859 autumat,
1562 1819 1607 1850 ad

904 1876 1006 1907 quam
1030 1866 1095 1898 hoc
1120 1868 1196 1899 loco
1219 1869 1410 1908 respexerit
1431 1868 1607 1901 Horatius.

907 1916 1049 1948 Tor-rent.
1091 1916 1187 1957 Alea]
1208 1916 1306 1949 Aleae
1329 1917 1422 1949 lusus
1445 1918 1606 1959 punieba-

904 1969 959 1997 tur
972 1967 1048 2007 lege
1065 1966 1236 2002 Cornelia,
1251 1971 1287 1999 et
1302 1967 1377 2008 lege
1393 1967 1499 1999 Titia.

944 2019 988 2047 59
1009 2015 1149 2055 Perjura
1172 2016 1278 2056 patris
1296 2016 1399 2057 fides]
1428 2017 1606 2050 Quomodo

891 2066 990 2108 fides,
1015 2066 1043 2097 si
1067 2066 1214 2107 perjura?
1235 2071 1274 2097 ut
1297 2065 1399 2106 ἄδωρα
1429 2068 1521 2108 δῶρα,
1542 2068 1606 2099 hoc

901 2120 967 2155 est,
982 2125 1109 2148 manera
1123 2126 1178 2148 nec
1190 2125 1331 2156 munera,
1342 2125 1515 2152 vocamus,
1530 2126 1606 2159 quae

901 2166 943 2198 ab
954 2166 1108 2198 hostibus
1120 2166 1154 2197 in
1167 2166 1354 2207 perniciem
1365 2172 1517 2198 nostram
1526 2167 1608 2198 dan·

902 2220 959 2248 tur
973 2227 981 2247 ι
1006 2217 1056 2248 sic
1079 2216 1252 2258 perjuram
1267 2216 1372 2249 fidem
1389 2216 1478 2249 dixit
1494 2217 1606 2249 Hora-

902 2269 983 2310 tius,
1000 2279 1076 2311 quae
1086 2268 1310 2310 jurejurando
1330 2267 1465 2299 firmata
1488 2268 1547 2308 sit,
1568 2271 1607 2299 ut

902 2318 1075 2351 incautum
1106 2318 1254 2359 aliquem
1280 2317 1414 2349 facilius
1435 2317 1603 2349 fallamus.

906 2368 996 2400 Torr.
1033 2368 1171 2406 Perjura
1183 2366 1396 2408 patrisfides]
1416 2366 1518 2398 Fides
1533 2376 1608 2408 per·

898 2417 992 2457 jurio
1007 2417 1148 2448 violata.

947 2469 990 2497 60
1014 2466 1196 2497 consortem
1221 2464 1354 2504 socium]
1395 2465 1606 2496 Societatem

904 2516 1086 2558 siguificat,
1101 2526 1177 2557 quae
1201 2525 1245 2546 ex
1271 2516 1497 2547 conventione
1520 2515 1607 2547 inita

904 2567 963 2606 sit,
989 2566 1044 2597 vel
1067 2565 1174 2606 partis
1201 2564 1358 2604 alicujus,
1380 2564 1435 2594 vel
1458 2563 1606 2596 omnium

904 2615 1080 2646 honorum.
1107 2614 1262 2645 Societas
1277 2617 1392 2643 autem
1411 2612 1509 2644 bonae
1525 2612 1605 2646 fidei

905 2668 1100 2697 contractus
1117 2668 1181 2695 est.
1205 2662 1282 2695 Quo
1298 2660 1534 2693 detestabilior
1547 2663 1606 2704 qui

904 2715 1032 2746 socium
1055 2712 1156 2744 fallit.
1200 2713 1253 2743 De
1274 2710 1413 2750 hospitii
1432 2720 1512 2742 vero
1522 2712 1604 2751 jure

906 2763 1120 2795 sanctissimo
1141 2761 1207 2793 alio
1230 2760 1306 2791 loco
1321 2759 1485 2791 dicemus.
1515 2760 1604 2792 Tm.

906 2813 1123 2847 Passeratius
1150 2820 1231 2844 vero
1253 2809 1435 2851 legendum
1461 2815 1602 2845 censet:
