1916 3262
547 302 899 334 nmsronanum
935 303 1030 332 mn.
1063 302 1112 333 ιι.
1143 293 1188 334 l.
1474 293 1583 335 1237

139 402 374 456 Captivum
390 401 587 455 portatur
603 398 726 447 ebur,
747 397 927 452 captiva
946 396 1197 438 Corinthus.

138 469 188 510 Si
207 470 318 510 foret
334 469 378 509 in
397 466 538 515 terris,
559 465 717 506 rideret
743 463 1047 515 Democritus3
1077 477 1158 505 seu
1192 473 1195 482 ¹

138 536 378 577 Diversum
398 532 584 575 confusa
604 545 738 586 genus
759 532 970 586 panthera
991 532 1178 582 camelo,

138 602 245 643 Sive
265 601 446 655 elephas
467 599 591 641 albus
610 599 728 652 vulgi
750 595 1016 640 converteret
1036 611 1139 639 ora:

138 668 371 722 Spectaret
389 667 602 721 populum
622 665 740 707 ludis
761 665 972 707 attentius
991 665 1120 719 ipsis,

138 735 203 777 Ut
223 735 309 776 sibi
329 735 593 789 praebentem
613 734 748 775 mimo
770 732 1024 788 'spectacula
1044 733 1196 786 plura:

137 801 382 855 Scriptores
403 805 549 842 autem
571 813 746 842 narrare
767 804 936 855 putaret
955 799 1098 857 asello

137 867 366 909 Fabellam
388 868 544 910 surdo:
575 881 677 909 nam
697 882 796 922 quae
817 868 1070 922 pervincere
1088 880 1223 909 voces

1499 531 1583 572 195

1500 868 1584 910 200

137 1000 308 1032 Corinthus
328 1001 459 1042 captiva.
479 1002 509 1032 0
519 1001 549 1033 si
564 1000 761 1032 Democritus
775 998 904 1040 viveret,
919 1008 1011 1040 quum
1024 999 1155 1036 rideret,
1175 1007 1244 1029 cum
1256 998 1342 1038 plebs
1362 999 1483 1029 attente
1496 1005 1580 1037 spec-

133 1045 184 1073 tat
206 1044 256 1074 vel
269 1053 380 1075 novam
404 1044 534 1076 bestiam
555 1043 722 1084 conflatam
735 1051 752 1073 e
770 1042 926 1082 panthera
938 1045 969 1072 et
987 1042 1112 1080 camelo,
1127 1041 1175 1072 vel
1195 1041 1362 1072 candidum
1376 1040 1581 1079 elephantem.

134 1083 218 1116 Sane
229 1086 347 1126 plebem
370 1086 473 1126 magis
487 1097 579 1127 quam
593 1087 680 1117 ludos
693 1086 879 1122 attenderet,
900 1085 984 1115 velut
998 1083 1058 1114 sibi
1072 1084 1198 1114 dantem
1219 1083 1393 1123 spectacula
1407 1082 1476 1122 plus
1490 1091 1583 1121 quum

134 1126 317 1160 histn‘ones:
336 1129 444 1169 poetas
457 1133 560 1160 autem
585 1128 701 1159 diceret
716 1136 948 1158 commemorare
954 1126 1099 1165 sabulum
1112 1127 1205 1157 surdo
1217 1126 1317 1156 asino.
1366 1124 1491 1155 Etenim
1513 1132 1582 1163 quae

733 1210 791 1222 Ol!
795 1211 811 1222 0
815 1210 892 1222 “O“
896 1209 977 1222 ’ΝΟ

135 1265 231 1297 born.
257 1269 290 1298 3.
316 1267 583 1299 recemum—194
606 1263 826 1303 Democritus,-
857 1270 887 1298 et
915 1265 1146 1298 Schoenborn.
1171 1266 1312 1297 2.—196
1336 1263 1411 1295 Sive
1440 1261 1585 1302 elephans

134 1308 316 1349 Bamberg.
368 1310 557 1341 converterit
589 1310 703 1340 Bentl.
732 1319 774 1339 ex
810 1308 975 1340 Priscian.
1003 1317 1079 1348 cap.
1106 1309 1180 1338 642.
1203 1309 1279 1337 643.
1311 1306 1367 1337 ed.
1397 1305 1585 1336 pmcn.—

135 1352 196 1382 19⁷
211 1350 439 1382 Schoenborn.
451 1354 483 1382 2.
505 1352 648 1391 populum
672 1351 707 1380 in
728 1349 950 1388 valgia—198
972 1349 1052 1380 Vat.
1067 1351 1100 1378 2.
1123 1357 1144 1378 a
1169 1357 1213 1378 m.
1236 1356 1305 1378 sec.
1331 1346 1470 1377 minimo.
1502 1346 1584 1376 Vat-

134 1392 232 1427 Rom.
258 1395 289 1424 2.
322 1402 343 1423 a
370 1402 414 1423 m.
437 1401 504 1423 sec.
538 1393 620 1423 Vat.
652 1391 766 1422 Palat.
790 1393 820 1421 1.
854 1399 875 1421 a
906 1400 952 1421 m.
976 1399 1042 1422 sec.
1072 1398 1223 1430 unusque
1253 1387 1365 1419 codex
1395 1397 1450 1428 ap.
1480 1387 1587 1428 Crnq.

130 1434 239 1466 nionio.
282 1434 361 1465 Vat.
381 1433 496 1465 Palat.
521 1435 551 1465 l.
576 1443 596 1464 a
617 1442 662 1464 m.
689 1442 740 1474 pr.
765 1435 802 1464 et
828 1432 976 1463 Chisiau.
999 1435 1031 1464 6.
1054 1441 1074 1462 a
1096 1441 1141 1462 m.
1167 1440 1218 1472 pr.
1242 1430 1385 1462 nimium.
1428 1429 1526 1460 Vatt.
1550 1433 1584 1460 4.

131 1478 162 1508 9.
185 1476 265 1508 Vnt.
287 1476 384 1507 Rom.
407 1478 439 1508 2.
464 1486 484 1507 a
507 1485 551 1508 m.
576 1485 628 1516 pr.
652 1480 688 1506 et
713 1475 858 1507 Chisian.
884 1477 915 1505 l.
940 1473 1086 1511 mimum,·
1118 1474 1168 1504 sic
1191 1473 1247 1505 alii
1273 1472 1373 1504 codd.
1397 1481 1452 1512 ap.
1479 1471 1585 1512 Cruq.

131 1518 188 1559 qui
218 1516 360 1559 praefert
385 1519 419 1549 iu
450 1523 542 1550 nota.
584 1517 680 1549 nimio
706 1527 752 1558 sp.
780 1518 848 1548 risu
874 1516 954 1549 Vat.
980 1517 1077 1548 Rom.
1099 1519 1133 1548 2.
1161 1525 1179 1546 a
1205 1526 1250 1547 m.
1273 1524 1343 1546 sec.
1366 1514 1525 1546 Vallicel.
1553 1517 1584 1545 1.

132 1569 152 1591 a
178 1570 223 1592 m.
244 1570 312 1593 sec.
338 1570 424 1592 unus
447 1570 501 1600 ap.
524 1561 636 1592 Pulm.
662 1560 719 1592 alii
742 1559 906 1598 Marcilii‚
930 1564 966 1591 et
991 1560 1076 1590 Exc.
1098 1559 1177 1589 Sax.
1220 1558 1288 1590 risu
1313 1557 1415 1588 etiam
1437 1556 1584 1588 Schoen-

131 1601 227 1634 born·
253 1606 285 1636 4.
329 1604 428 1635 risum
456 1604 538 1635 Vat.
566 1603 665 1635 Rom.
686 1606 718 1635 6.
738 1612 759 1634 a
780 1612 824 1634 m.
853 1603 1030 1634 sem—200
1056 1600 1186 1643 Aliquis
1213 1611 1267 1642 ap.
1285 1600 1430 1640 Cuning.
1455 1603 1487 1631 et
1513 1608 1586 1631 sur-

786 1687 927 1720 NOTAE

133 1758 342 1795 praesentato
358 1754 468 1786 navali
488 1753 688 1792 certamine,
704 1752 831 1784 subito·
882 1752 1047 1783 mixtam:
1086 1751 1186 1782 immo
1224 1750 1423 1791 designatur
1455 1749 1585 1790 optime

134 1813 200 1845 que
221 1804 372 1836 immissa
397 1804 430 1835 in
453 1803 739 1844 amphitheatrum
770 1811 831 1843 per
885 1800 1181 1841 camelopardalis,
1216 1801 1318 1840 vulgo
1356 1809 1415 1830 une
1446 1797 1584 1842 Gir-affe.

133 1853 234 1885 tubos
248 1858 347 1886 tanta
362 1863 520 1894 aquarum
545 1853 591 1893 vi,
619 1858 658 1884 ut
681 1852 832 1893 peregri-

133 1912 195 1934 nus
217 1912 292 1934 esse
316 1907 460 1944 pontum
486 1901 589 1934 facile
615 1901 831 1938 credidisset,

133 1951 198 1983 nisi
211 1961 287 1984 mox
300 1953 454 1984 emissam
472 1952 514 1985 ad
529 1961 650 1983 munus
667 1951 832 1992 gladiato-

133 2002 219 2034 rium
235 2012 354 2044 aquam
369 2006 538 2034 cerneret.

177 2055 238 2085 193
264 2053 430 2094 Captivum
458 2056 603 2093 portatur
628 2052 718 2092 ebur]
741 2052 830 2093 Cap-

131 2108 242 2136 tarum
258 2104 392 2136 urbium
409 2104 571 2145 imagines
594 2109 630 2136 et
651 2104 832 2135 simulacra

132 2163 175 2185 ex
201 2154 318 2187 ebore.
362 2155 523 2186 Meminit
551 2154 695 2188 Quintil.
726 2163 776 2185 Vl.
798 2156 830 2186 3.

130 2207 140 2223 ¹
157 2204 380 2246 Chrysippus,
394 2215 470 2236 cum
484 2205 518 2236 in
529 2204 700 2245 triumpho
716 2203 830 2235 Caesa-

130 2254 177 2286 ris
193 2254 346 2287 eburnea
369 2255 497 2296 oppida
519 2259 632 2286 essent
654 2255 831 2294 translata,

131 2309 168 2337 et
195 2309 273 2346 post
302 2305 374 2337 dies
402 2315 530 2346 paucos
560 2305 657 2336 Fabii
687 2304 830 2336 Maximi

130 2354 258 2397 lignea,
273 2356 390 2388 thecas
409 2365 484 2388 esse
499 2355 701 2397 oppidorum
717 2355 831 2387 Caesa—

132 2404 180 2436 ris
195 2404 305 2437 dixit?

178 2454 313 2495 captiva
328 2456 511 2498 Corinthus]
533 2456 755 2488 Simulacrum
774 2465 830 2486 ur-

132 2503 185 2535 bis
200 2503 355 2535 Corinthi
373 2515 391 2536 a
407 2506 446 2536 L.
470 2506 633 2537 Memmio
655 2514 830 2546 expugna-

133 2558 179 2585 tae
195 2558 232 2585 et
246 2554 421 2594 expilatae.
466 2554 535 2586 Alii
549 2555 832 2596 interpretantur,

133 2613 214 2636 vasa
229 2603 305 2635 aeris
322 2603 488 2635 Corinthii
509 2612 530 2634 a
551 2604 681 2635 victore
695 2604 832 2645 direpta

133 2658 169 2685 et
184 2657 372 2694 asportata.

176 2706 240 2735 194
262 2702 476 2743 Democritus]
506 2702 563 2734 De
593 2710 634 2733 eo
663 2710 688 2732 1.
720 2701 832 2743 Epist.

134 2757 188 2788 12.

176 2806 238 2834 195
262 2803 431 2834 Diversum
453 2802 579 2840 centissa
599 2800 715 2840 genus]
741 2801 831 2832 Cave

132 2862 176 2885 ne
191 2853 338 2895 accipias
356 2853 503 2885 belluam
517 2862 535 2883 e
552 2851 683 2883 duabus
702 2850 831 2882 naturis

883 1851 995 1882 Varro
1009 1850 1050 1881 de
1068 1850 1165 1890 Ling.
1180 1850 1255 1881 Lat.
1271 1849 1332 1880 lib.
1349 1858 1400 1880 iv.
1435 1849 1444 1867 ‘
1463 1849 1585 1881 Came·

886 1901 936 1932 lus
953 1909 1012 1932 suo
1036 1899 1171 1931 nomine
1196 1898 1338 1940 Syriaco
1363 1899 1397 1930 in
1423 1898 1585 1932 Latinum

884 1951 1002 1989 venit3
1026 1954 1064 1980 ut
1078 1949 1288 1980 Alexandria
1302 1949 1586 1989 camelopardalis

882 2010 993 2042 nuper
1014 2000 1172 2040 advecta,
1198 1998 1286 2040 quod
1315 2003 1392 2030 erat
1415 1998 1525 2040 figura
1547 2004 1587 2032 nt

883 2051 1044 2089 camelus,
1061 2049 1203 2081 maculis
1222 2054 1262 2081 ut
1277 2049 1468 2090 panthera.¹
1494 2050 1585 2082 Vide

883 2100 990 2132 Solin.
1017 2109 1047 2132 c.
1073 2102 1126 2130 33.
1147 2099 1253 2130 Dion.
1276 2099 1334 2130 lib.
1359 2108 1467 2132 xmn.
1491 2099 1587 2133 Plin.

881 2159 965 2182 vm.
996 2153 1049 2182 18.
1094 2150 1321 2189 emelotam,
1351 2150 1472 2191 inquit,
1498 2152 1507 2168 ‘
1525 2152 1587 2183 ali-

882 2210 950 2243 qua
963 2199 1150 2232 similitudo
1166 2200 1199 2230 in
1211 2199 1279 2231 duo
1292 2199 1498 2232 transfertur
1514 2202 1585 2233 ani-

881 2251 1000 2282 malia:
1026 2249 1141 2282 Nabin
1154 2249 1333 2289 AEthiopes
1346 2255 1484 2289 vocant,
1496 2252 1584 2282 collo

880 2302 1025 2334 similem
1056 2310 1157 2342 equo,
1189 2299 1334 2341 pedibus
1361 2306 1398 2332 et
1431 2303 1585 2335 cruribus

882 2352 973 2392 bovi,
986 2352 1116 2383 camelo
1130 2351 1258 2392 capite,
1273 2351 1357 2382 albis
1374 2353 1515 2384 maculis
1531 2364 1585 2384 rn-

883 2402 979 2434 tilum
994 2403 1142 2434 colorem
1157 2401 1468 2442 distinguentibns3
1495 2404 1586 2435 uude

883 2453 1059 2494 appellata
1083 2452 1386 2492 camelopardalis:
1425 2453 1586 2485 Dictato-

885 2503 931 2535 rIs
943 2502 1088 2535 Caesaris
1101 2502 1316 2534 Circensibus
1333 2503 1423 2534 ludis
1439 2504 1586 2544 primum

886 2553 958 2585 visa
974 2553 1106 2584 Romae.
1135 2552 1189 2582 Ex
1204 2561 1246 2583 eo
1261 2552 1407 2583 subinde
1423 2553 1588 2594 cernitur,

887 2607 1029 2644 aspectu
1044 2601 1153 2641 magis
1178 2610 1278 2642 qnam
1296 2600 1435 2632 feritate
1451 2603 1587 2643 conspi-

884 2661 965 2684 cua:
990 2660 1096 2692 quare
1122 2649 1225 2682 etiam
1250 2650 1323 2681 ovis
1353 2649 1437 2682 ferae
1460 2661 1604 2685 nomen·

884 2699 1040 2733 invenit.'

930 2752 993 2781 196
1017 2748 1154 2789 Elephas
1174 2747 1277 2789 albus]
1301 2749 1419 2783 Qualis
1435 2761 1512 2785 raro
1538 2753 1586 2786 in-

886 2799 1032 2830 venitur.
1053 2798 1144 2828 Vide
1160 2797 1282 2829 AElian.
1297 2808 1354 2829 111.
1367 2802 1424 2832 46.

928 2850 992 2879 200
1016 2847 1158 2879 Narrare
1178 2847 1272 2878 asello
1298 2847 1453 2882 Fabellam
1475 2853 1584 2895 surdo]
