1916 3262
488 301 699 334 nonu-11
734 301 1012 334 GARM1NUM
1046 302 1144 332 ms.
1176 303 1207 332 1.
1236 291 1308 335 22.

169 407 205 429 se
221 397 373 440 cythara,
389 398 421 430 ei
434 399 539 439 lyram
556 396 736 429 concessit.
773 395 866 428 Hinc

168 449 256 480 ratio
270 453 415 485 constat,
430 457 489 480 cur
502 456 592 478 nunc
608 446 695 487 lyra,
708 455 798 477 nnnc
808 456 865 488 cy-

167 499 264 530 thara
281 498 432 539 Apollini
446 497 628 529 tribuatur.
651 496 793 528 Tor-rent.

211 551 252 581 13
275 549 343 581 Hic
360 547 485 588 bellum]
506 548 562 579 De
574 545 782 587 Apollinem
795 556 865 578 sos-

167 601 265 642 pitali
281 610 323 633 ac
337 603 587 633 conservatore,
599 602 636 629 et
652 599 740 629 mala
754 598 866 629 onmia

167 650 375 692 depellente,
390 650 444 681 hic
458 648 609 691 loquitur
621 658 630 686 ς
655 657 755 690 quem
766 648 865 680 Grae·

166 700 197 731 ci
227 698 410 740 ἀλεξίκακον
433 698 630 739 appellant:
655 698 808 738 quamvis
830 706 866 728 e-

164 748 234 780 nim
251 748 340 780 idem
357 753 392 780 et
405 747 539 786 noxius,
551 747 742 787 promptior
753 752 865 778 tamen

165 797 207 829 ad
221 798 389 836 salutem;
413 797 456 828 ad
483 797 618 828 noxiam
634 797 773 838 pigrior
793 807 867 829 cre-

163 846 310 878 debatur
321 858 331 878 :
354 857 419 889 qua
433 846 476 879 de
492 857 530 879 re
547 847 776 888 pulcherrime
792 847 866 878 Ma·

163 896 260 929 crob.
271 897 407 928 Saturu.
424 906 449 929 1.
463 900 515 930 17.
542 897 685 929 Terreni.
725 898 791 929 Hic
806 897 866 929 bel-

161 945 241 987 lum]
265 946 333 978 Hic
348 946 473 988 Apollo
498 954 612 979 motus
629 952 742 979 vestra
763 956 866 988 prece

164 1005 185 1027 a
200 997 288 1038 Pop.
306 997 404 1030 Rom.
421 1002 458 1029 et
478 998 644 1038 Principe
660 998 800 1034 bellum,
816 997 865 1030 fa-

162 1055 266 1084 mem,
283 1051 428 1087 pestem,
442 1047 559 1087 abiget
573 1048 606 1078 in
621 1047 744 1079 Persas
761 1052 864 1089 atque

162 1096 361 1136 Britannos,
376 1097 466 1138 Pop.
481 1097 625 1129 Romani
640 1098 767 1130 hostes.
796 1099 865 1130 Mi-

161 1145 278 1186 serum]
303 1147 408 1178 Fame
423 1147 502 1178 nihil
515 1148 683 1179 miserius.

215 1198 257 1228 16
288 1196 390 1238 Aget]
429 1199 604 1239 Depellet.
643 1199 775 1231 Tumb.
812 1209 865 1232 vr.

163 1249 218 1278 24.

165 1297 250 1329 One
267 1307 365 1331 xxu.
396 1299 655 1340 Προσφωνητικὴ.
689 1299 746 1332 An
757 1300 866 1333 Anis-

204 1355 311 1380 Tium.
356 1349 445 1379 vitae
462 1349 642 1388 integritas
654 1355 688 1380 et
705 1350 866 1380 innocen-

208 1398 255 1428 tia
273 1397 398 1438 ubique
415 1402 490 1429 tuta
505 1403 579 1436 est;
603 1399 706 1440 idque
728 1409 790 1431 suo
805 1409 865 1431 ex·

205 1447 319 1486 emplo
334 1447 470 1486 probat.

205 1494 457 1536 [Sclioeuborn.
471 1499 503 1528 2.
526 1496 698 1538 inscribit,
718 1499 771 1530 Ad
782 1499 863 1531 Fus-

163 1554 232 1576 cum
247 1546 402 1578 laudando
415 1546 651 1590 innocentiam]

205 1599 223 1628 1
244 1596 376 1636 Integer
390 1597 481 1638 τίω]
500 1597 676 1639 Integrum
702 1600 779 1631 vitae
804 1610 862 1633 vo-

161 1650 219 1678 cat
242 1646 424 1687 bominem,
452 1648 508 1680 cui
535 1649 640 1680 totius
668 1649 746 1681 vitae
773 1652 863 1682 ratio

161 1696 290 1738 optime
306 1701 452 1729 constat.
496 1698 587 1729 Vitae
605 1699 694 1730 enim
721 1700 863 1740 integri·

164 1752 216 1779 tas
232 1746 424 1788 perfectum
449 1748 576 1789 aliquid
600 1748 863 1791 absolutumque

161 1797 344 1838 siguificat.
369 1799 513 1829 Torrent.
549 1791 782 1841 Integer'vitae]
808 1801 865 1832 In-

160 1855 301 1885 nocens,
311 1851 347 1878 et
359 1847 523 1887 quisnam
538 1848 643 1879 vitam
659 1850 788 1880 scelere
799 1859 864 1881 non

163 1897 276 1928 reddit
293 1898 471 1937 impuram.

141 1982 147 1988 ·
206 1949 229 1977 2
267 1946 377 1978 Mowi
397 1946 532 1988 jaculis]
567 1946 701 1988 Optimi
728 1947 865 1980 codices

164 2002 336 2040 testantur
347 1997 527 2038 legendum
537 2007 612 2029 esse
625 1999 771 2036 Maun‘ae
787 2009 864 2032 uam

162 2048 244 2079 alibi
258 2057 392 2089 quoque
407 2049 456 2079 sic
470 2049 620 2089 loquitur
634 2049 813 2089 Horatius,
826 2055 865 2081 ut

161 2106 203 2129 u.
232 2097 302 2129 Od.
329 2099 362 2128 6.
383 2097 526 2128 ‘Maura
552 2098 643 2129 unda
657 2097 681 2136 ;’
709 2103 745 2130 et
771 2099 863 2139 alibi,

162 2147 314 2180 ‘Mauris
337 2147 529 2188 anguibus.’
559 2148 695 2180 Tur-neb.
711 2157 804 2181 xvn.
832 2154 863 2181 5.

161 2198 301 2239 aaa-ulis]
324 2198 524 2239 Cnjusmodi
554 2203 699 2230 utuntur
735 2199 862 2241 Mauri,

163 2248 223 2289 qui
246 2248 367 2289 optimi
383 2251 480 2280 erant
488 2248 714 2288 jaculatores.
738 2248 862 2280 AElian.

159 2297 223 2330 lib.
234 2298 276 2330 de
296 2297 442 2330 Animal·
458 2307 541 2330 xlv,
558 2301 590 2330 5.

203 2351 223 2380 8
248 2348 408 2388 vaida]
431 2348 597 2381 Pharetra
612 2349 713 2390 plena
724 2349 862 2390 sagittis

162 2407 293 2430 veneno
307 2399 458 2431 imbutis.

205 2453 225 2480 ὁ
243 2449 320 2480 Sive
331 2457 390 2488 per
401 2448 526 2490 Syrtes]
541 2449 770 2492 Quascumque
780 2449 863 2490 Syr-

163 2502 217 2529 tes
244 2497 301 2528 hic
332 2497 560 2538 intelligamus
587 2504 623 2530 et
648 2508 862 2541 quaecunque

163 2546 288 2578 itinera
303 2547 356 2577 vel
373 2550 466 2577 terra
481 2548 535 2578 vel
551 2548 648 2588 mari,
668 2549 752 2579 nihil
773 2549 804 2580 ei
822 2549 863 2580 ti·

162 2597 323 2630 mendum
343 2605 419 2628 esse
441 2596 551 2628 Poeta
577 2599 742 2638 ostendit,
765 2609 862 2641 quem

163 2648 221 2680 Dii
248 2647 294 2679 ob
319 2647 400 2679 vitae
428 2647 658 2678 innocentiam
680 2653 865 2689 tueantur;

163 2707 230 2729 non
255 2697 418 2729 adversus
448 2695 596 2727 ferarum
623 2696 691 2728 vim
720 2702 865 2739 tantum,

164 2748 224 2780 sed
240 2748 370 2790 quaevis
384 2747 451 2778 alia
464 2747 565 2779 etiam
587 2747 630 2778 ab
646 2747 780 2779 homine
795 2747 864 2780 dis-

163 2798 319 2830 crimina.
345 2798 487 2829 Torreat.
522 2796 598 2828 Sive
608 2796 679 2837 per]
702 2797 782 2829 Sive
798 2798 865 2830 iter

162 2848 286 2880 fecerit
304 2857 365 2889 per
380 2848 498 2888 Syrtes
513 2847 648 2889 (Libyae
666 2847 864 2880 solitudines

1508 297 1621 340 1373

918 395 1202 437 mediterraneas,
1218 405 1391 434 arenosas,
1406 398 1621 437 pulverulen-

917 451 984 486 tas,
994 451 1031 478 et
1042 445 1253 486 siticulosus)
1264 448 1335 479 sive
1348 456 1410 488 per
1421 447 1622 491 Caucasum,

865 523 868 526 ,
915 497 1066 537 Scythiae
1081 502 1233 529 montem
1249 498 1464 538 altissimum,
1479 498 1621 532 Prome-

916 546 986 578 thei
1005 557 1106 588 poena
1120 547 1286 579 nobilem.

944 598 966 627 6
978 595 1504 637 Inhospitalm]1nhabitabilem
1517 606 1622 639 prop-

916 647 970 676 ter
986 650 1120 677 oestum.

960 695 1135 736 8Lambit]
1160 695 1426 728 Praeterlabitur
1453 701 1490 728 et
1517 698 1624 738 placi-

917 745 960 777 de
983 746 1104 786 tangit,
1120 746 1230 777 alluit.
1275 746 1459 788 Hydaspes]
1484 747 1622 788 Hydas-

917 806 990 837 pes,
1013 795 1122 828 Indiae
1146 796 1284 836 fluvius,
1308 797 1351 828 de
1366 807 1434 838 quo
1450 798 1558 829 multa
1572 797 1622 830 fa-

918 845 1036 878 bulosa
1052 847 1095 877 ab
1112 847 1281 878 historicis
1298 847 1507 880 scribuntur.

958 898 980 927 9
1003 896 1060 927 Me
1074 897 1175 938 sylva]
1200 898 1317 938 Lupus
1342 897 1432 939 fugit
1453 908 1507 930 me
1532 898 1622 930 iner-

916 954 1003 976 mem
1034 945 1068 976 iu
1098 946 1194 987 sylva
1231 946 1372 984 Sabina,
1407 947 1488 979 dum
1518 941 1622 980 canto

916 1005 1024 1027 meam
1042 996 1206 1037 Lalagen,
1222 997 1256 1028 id
1272 1002 1339 1038 est,
1351 998 1488 1039 Lalagae
1502 999 1620 1030 amicae

917 1055 1001 1078 meae
1012 1047 1142 1087 laudes,
1156 1053 1192 1079 et
1215 1049 1224 1065 ‘
1237 1048 1319 1082 dum
1332 1058 1436 1088 vagor
1449 1050 1539 1081 ultra
1553 1054 1623 1081 ter·

915 1097 1067 1138 minum‚'
1095 1097 1131 1128 id
1156 1102 1222 1137 est,
1247 1099 1327 1129 dum
1351 1099 1509 1138 expatior
1534 1099 1623 1131 ultra

916 1147 991 1187 agri
1019 1147 1087 1178 mei
1114 1147 1211 1178 fines.
1257 1147 1354 1179 Curis
1376 1147 1555 1188 expeditus]
1579 1148 1621 1180 Id

917 1201 983 1235 est,
998 1197 1083 1228 liber
1100 1207 1119 1228 a
1134 1198 1235 1230 curis.

960 1249 999 1278 11
1017 1247 1210 1288 Expeditne]
1225 1248 1426 1280 Torrentius
1439 1248 1621 1289 legendum

915 1303 1035 1328 censet
1049 1298 1237 1338 Expeditis:
1256 1299 1305 1330 ita
1319 1299 1420 1330 etiam
1434 1299 1519 1340 legit
1534 1299 1622 1331 Por-

916 1347 1072 1387 phyrion,
1096 1349 1264 1385 ποιητικῶς
1291 1348 1422 1378 dictum
1451 1348 1622 1389 interpre-

916 1401 1015 1434 tans;
1040 1401 1075 1426 ut
1091 1406 1183 1427 curas
1203 1397 1365 1437 expeditas
1388 1396 1528 1438 dixerit,
1542 1407 1621 1429 curu

913 1445 988 1486 ipse
1004 1445 1094 1477 curis
1110 1446 1294 1486 expeditus
1310 1446 1367 1477 sit.

957 1496 1185 1537 mlum-mem]
1200 1496 1328 1527 Mirum
1340 1505 1423 1527 sane
1435 1496 1513 1536 hoc,
1529 1497 1619 1537 quod

912 1544 1007 1577 ferus
1030 1546 1132 1588 lupus
1162 1545 1345 1577 Horatium
1370 1544 1500 1586 fugerit
1530 1546 1620 1577 iner-

913 1608 1001 1630 mem
1019 1610 1028 1631 :
1053 1599 1131 1631 vitae
1150 1599 1255 1640 igitur
1278 1599 1469 1641 integritati
1486 1604 1540 1630 est
1555 1599 1621 1631 hoc

912 1648 1167 1690 assignandum.

957 1703 997 1731 13
1024 1700 1141 1740 Quale]
1157 1699 1303 1733 Qualem
1320 1702 1560 1741 portentosum
1572 1698 1620 1730 lu-

914 1758 1008 1790 pum.

958 1801 998 1830 14
1021 1798 1167 1839 Daunia]
1193 1798 1330 1840 Apuliae
1354 1808 1445 1840 pars,
1460 1798 1510 1830 sic
1525 1798 1622 1830 dicta

915 1858 935 1879 a
961 1848 1083 1879 Dauno
1110 1850 1180 1880 illic
1209 1859 1303 1890 rege,
1319 1859 1418 1890 quem
1441 1849 1621 1880 Diomedis

914 1907 1070 1928 socerum
1096 1897 1201 1930 fuisse
1225 1899 1368 1934 volunt:
1392 1898 1436 1929 de
1452 1908 1519 1940 qua
1542 1907 1622 1939 pto-

913 1948 1025 1980 vincia
1054 1948 1146 1980 Plin.
1176 1958 1235 1980 111.
1259 1951 1312 1980 ll.
1355 1948 1426 1980 Alii
1451 1958 1471 1980 a
1495 1949 1619 1980 Dauno

913 1996 1038 2030 fluvio:
1061 1998 1119 2029 alii
1152 2008 1170 2030 a
1197 1999 1320 2030 Dauno
1347 1999 1454 2030 Turni
1482 1999 1537 2030 vel
1555 2009 1620 2031 avo

913 2048 966 2078 vel
999 2053 1096 2088 patre
1123 2047 1361 2089 (cognomines
1387 2049 1477 2079 enini
1508 2047 1622 2088 fuere)

913 2104 1071 2130 vocatam
1101 2100 1241 2130 malunt.
1285 2099 1386 2130 Unde
1425 2104 1460 2130 et
1492 2098 1621 2140 Apulia

912 2148 986 2188 ipsa
1000 2149 1172 2180 interdum
1189 2149 1324 2181 Daunia
1336 2154 1373 2181 et
1383 2148 1487 2190 Apuli
1503 2150 1619 2181 Dauni

912 2198 1084 2231 dicuntur.
1132 2199 1299 2231 Horatius
1324 2209 1378 2231 ιν.
1398 2202 1448 2232 14.
1465 2200 1509 2232 de
1524 2199 1620 2232 Aufi-

912 2248 955 2280 do
973 2249 1114 2290 loquens
1127 2259 1138 2279 ε
1161 2250 1171 2267 ‘
1183 2250 1252 2282 Qui
1272 2259 1376 2290 regua
1401 2251 1514 2282 Dauni
1532 2260 1620 2291 prae-

911 2298 988 2331 fluit
1017 2298 1147 2340 Apuli.'
1181 2300 1325 2331 Torrent.
1371 2300 1531 2331 Militari-e
1560 2310 1618 2331 au-

912 2355 982 2382 tem
998 2350 1137 2390 dicitur,
1168 2351 1247 2392 quia
1270 2351 1361 2382 viros
1385 2349 1487 2382 effert
1509 2350 1617 2382 fortes

912 2404 948 2432 et
977 2400 1020 2432 ad
1046 2401 1200 2432 militiam
1223 2405 1335 2441 aptos.
1379 2399 1553 2439 Esculetis]
1576 2400 1617 2431 In

912 2450 1016 2491 sylvis
1040 2460 1116 2491 quoe
1133 2450 1260 2482 esculis
1283 2449 1462 2481 arboribus
1487 2449 1617 2490 glandi-

912 2499 996 2531 feris
1010 2505 1090 2533 sunt
1106 2500 1262 2531 consitae.

958 2551 996 2580 15
1019 2549 1114 2580 Juboe
1129 2548 1235 2589 tellus]
1262 2547 1488 2586 Mauritania,
1498 2547 1534 2577 in
1550 2556 1617 2588 qua
1641 2567 1645 2571 -

912 2598 1006 2631 Juba
1033 2598 1200 2638 regnavit,
1231 2602 1395 2628 terrarum
1426 2596 1544 2627 ultima
1572 2596 1616 2628 ad

914 2648 1084 2679 Occasum
1098 2656 1137 2677 ac
1148 2645 1274 2678 fretum
1287 2646 1510 2677 Gaditanum.
1526 2646 1616 2678 Plin.

914 2707 950 2730 v.
964 2700 995 2729 1.
1019 2697 1232 2738 Quamquam
1259 2697 1313 2728 hic
1338 2705 1401 2737 pro
1418 2695 1538 2727 Africa
1555 2705 1616 2737 po-

915 2747 996 2782 suit,
1012 2756 1111 2788 quam
1138 2747 1254 2778 leones
1279 2745 1447 2778 infestant
1462 2746 1560 2785 adeo,
1577 2752 1616 2778 ut

916 2803 951 2829 et
964 2797 1066 2828 urbes
1090 2802 1180 2828 totas
1205 2797 1406 2835 obsideant;
1429 2800 1548 2836 captos
1564 2797 1613 2827 in-

917 2848 999 2879 colae
1014 2848 1107 2879 cruci
1125 2845 1276 2888 affigam,
1292 2855 1356 2887 quo
1372 2846 1487 2877 similia
1504 2856 1613 2887 poenae
