1916 3262
391 275 501 317 1294
853 289 896 325 Q.
928 286 1131 316 nonnil
1167 288 1337 318 FLAcci

393 379 536 431 Digna
556 380 659 432 geri,
680 391 852 433 promes
869 379 914 419 in
936 391 1111 419 scenam
1131 392 1143 430 3
1172 381 1388 435 multaque
1408 382 1536 423 tolles

391 445 462 484 Ex
483 446 637 494 oculis,
657 458 755 498 quae
773 456 877 484 mox
896 450 1040 484 narret
1060 443 1262 486 facundia
1288 459 1504 498 praesens:

396 511 436 551 N
438 524 489 551 ec
509 524 663 564 pueros
684 522 831 551 coram
851 510 1017 562 populo
1039 509 1198 551 Medea
1218 512 1417 560 trucidet,

388 574 480 616 Aut
496 576 682 616 humana
701 575 848 628 palam
869 578 1030 627 coquat
1049 579 1154 615 exta
1173 575 1362 617 nefarius
1385 578 1559 625 Atreus,

389 640 484 681 Aut
503 642 545 680 in
566 653 691 681 avem
714 640 884 680 Procne
903 644 1105 689 vertatur,
1125 640 1315 682 Cadmus
1333 643 1375 682 in
1397 655 1590 694 anguem.

390 705 710 759 Quodcumque
728 706 919 747 ostendis
938 706 1042 747 mihi
1062 708 1142 756 sic,
1160 708 1402 748 incredulus
1423 709 1510 748 odi.

392 771 519 812 Neve
539 772 692 821 minor,
711 784 791 813 neu
812 773 869 813 sit
889 773 1039 826 quinto
1061 773 1307 826 productior
1325 777 1426 814 actu

1719 510 1802 552 185

390 894 527 930 agenda.-
551 898 581 925 et
604 895 746 936 pleraque
772 896 907 936 aspectui
926 905 985 926 non
1005 894 1139 933 objicies,
1160 895 1212 925 sed
1227 895 1363 927 oratione
1375 896 1616 928 commemorabis
1638 897 1719 927 velut
1732 905 1804 926 mox

389 938 470 966 acta.
515 936 582 967 Nec
596 937 707 968 Illedea
723 938 832 968 liberos
845 937 960 968 occidat
975 936 1011 967 ob
1026 935 1124 966 oculos
1138 939 1356 976 spectatorum:
1378 939 1425 968 vel
1437 947 1562 978 nequam
1578 939 1691 969 Atreus
1703 938 1804 975 polam

389 979 496 1015 coquat
511 978 640 1009 humana
655 980 799 1010 membra.
846 980 910 1010 Nec
924 978 1042 1008 Procne
1056 977 1291 1015 transformetur
1313 979 1346 1008 in
1372 980 1534 1018 volucrem,
1555 982 1608 1010 out
1625 980 1757 1010 Cadmus
1772 979 1805 1008 in

387 1021 564 1056 serpentem.
609 1020 763 1060 Quicquid
777 1020 852 1051 mihi
865 1020 910 1051 sic
921 1019 1054 1059 exhibes,
1069 1029 1129 1050 non
1143 1021 1244 1059 credo,
1259 1020 1349 1050 immo
1363 1029 1493 1052 aversor.
1525 1021 1592 1052 Nec
1607 1021 1737 1058 brevior,
1751 1029 1804 1050 nec

977 1123 1016 1135 Ν
1018 1123 1212 1135 OOOOOOOOO

387 1202 455 1234 ‹121oe
469 1204 540 1225 mox
554 1198 780 1228 narrat.—185
805 1197 854 1228 Ne
867 1207 974 1237 pueros
995 1197 1235 1237 septemdecim
1254 1197 1351 1228 codd.
1375 1206 1428 1237 ap.
1445 1197 1560 1232 Feam,
1584 1200 1652 1227 tres
1675 1195 1807 1226 Bersm.

388 1245 473 1266 nnus
490 1237 602 1268 Bentl.
617 1247 700 1268 unns
716 1238 869 1270 Oberlin.
886 1239 983 1270 Harl.
1002 1243 1029 1270 l.
1040 1242 1072 1270 2.
1087 1241 1119 1270 3.
1133 1241 1166 1270 4.
1182 1242 1214 1270 6.
1228 1240 1340 1270 Zarot.
1353 1239 1492 1270 Venett.
1507 1240 1598 1269 1478.
1614 1239 1808 1268 14791481.

390 1279 484 1308 1483.
511 1281 604 1309 1486.
626 1281 719 1310 1490.
742 1283 836 1312 1492.
862 1283 956 1312 1495.
984 1283 1077 1312 1514.
1102 1286 1136 1311 et
1161 1281 1287 1312 Britan.
1307 1283 1399 1311 1520.
1423 1281 1569 1310 restituit
1595 1279 1708 1310 Bentl.
1730 1278 1808 1309 inde

388 1327 486 1349 anon.
507 1320 599 1358 Traj.
621 1321 662 1350 ad
693 1321 799 1351 Rhen.
830 1324 923 1352 1713.
946 1322 1088 1361 Cuning.
1114 1322 1234 1352 Sanad.
1261 1322 1407 1352 Mervill.
1432 1321 1520 1352 Phil.
1547 1318 1678 1352 Wakef.
1701 1320 1806 1350 Wetz.

386 1358 532 1398 Schelle,
549 1366 583 1390 et
599 1360 703 1392 Kidd.
749 1362 816 1392 Nec
827 1371 937 1402 pueros
953 1363 1031 1392 Vat.
1051 1365 1078 1392 1.
1094 1372 1113 1392 a
1127 1371 1171 1392 m.
1187 1372 1237 1402 pr.
1253 1364 1330 1393 Vat.
1345 1365 1376 1392 7.
1399 1362 1578 1392 Barberin.
1593 1365 1623 1392 2.
1646 1371 1666 1391 a
1680 1370 1724 1392 m.
1739 1369 1806 1390 sec.

390 1400 470 1430 Vet.
487 1401 605 1432 Comb.
621 1401 720 1433 Aldd.
734 1405 763 1432 1.
779 1405 811 1434 2.
825 1405 856 1433 3.
877 1402 974 1433 Junt.
990 1405 1083 1434 1503.
1106 1403 1184 1433 inde
1207 1403 1320 1442 vulgg.
1365 1403 1496 1433 trucidet
1511 1403 1590 1432 Vat-
1607 1402 1717 1433 Palat.
1733 1403 1807 1432 1.—

390 1443 450 1471 187
475 1442 592 1473 Procne
608 1443 722 1474 Lamb.
738 1445 796 1474 sed
812 1443 938 1482 Progne
954 1453 1067 1474 omnes
1083 1443 1154 1474 fere
1171 1443 1270 1474 codd.
1286 1449 1320 1474 et
1336 1443 1414 1474 edd.
1429 1448 1514 1474 vett.
1561 1443 1693 1474 Cadmus
1705 1445 1807 1472 veren-

387 1485 441 1513 {ur
454 1483 531 1514 Vat.
547 1484 641 1516 Rom.
653 1486 686 1515 9.
699 1489 734 1516 et
755 1485 902 1515 Chisian.
921 1488 950 1516 l.
966 1489 1000 1515 et
1015 1486 1063 1516 sic
1079 1485 1222 1525 Cuning.
1245 1494 1287 1515 ex
1303 1484 1554 1520 ingenim—189
1575 1484 1653 1514 Vat.
1670 1485 1763 1515 Rom.
1776 1486 1807 1514 9.

387 1524 486 1555 minor
500 1525 617 1565 quinto,
642 1535 701 1557 neu
722 1526 789 1564 sit5
811 1531 847 1558 et
869 1527 919 1558 ita
934 1525 1034 1558 Aldd.
1052 1529 1081 1557 1.
1096 1529 1127 1557 2.
1141 1529 1171 1558 3.
1194 1527 1290 1559 sunt.
1307 1528 1400 1557 1503.
1424 1525 1580 1557 Glarean.
1606 1526 1696 1556 Frib.
1713 1527 1808 1556 15³6.

1033 1629 1171 1661 NOTAE

430 1689 491 1717 183
515 1687 656 1728 Scenam]
681 1689 811 1720 Nomen
834 1700 853 1720 a
875 1690 984 1728 σκήνη,
1007 1700 1073 1721 um-

387 1735 453 1770 bro,
477 1735 566 1775 quod
586 1737 663 1767 olim
689 1738 749 1768 snb
768 1738 920 1769 arborum
943 1739 1072 1769 umbra-

1125 1690 1229 1722 ditur.
1274 1690 1359 1721 Haec
1373 1696 1407 1722 et
1424 1691 1488 1722 alia
1499 1691 1585 1722 bene
1597 1692 1702 1724 multa
1714 1701 1808 1732 saga-

1125 1739 1224 1778 citer,
1255 1743 1403 1774 strenue,
1439 1740 1651 1781 graviterque
1687 1742 1810 1781 probat

387 1785 469 1814 culis
507 1784 614 1823 prima
641 1785 796 1816 dramata
830 1785 956 1817 fuerint
985 1792 1074 1818 acta.

386 1832 513 1863 Postea
535 1841 614 1863 vero
642 1833 733 1864 locus
758 1834 914 1865 tabulatis
938 1839 974 1866 et
995 1844 1073 1866 con·

385 1881 626 1921 tignationibus
648 1887 873 1923 constructus,
895 1884 1072 1924 anlaeisqne

387 1934 423 1961 et
439 1930 578 1969 picturis
601 1940 670 1962 rem
693 1932 892 1963 theatricam
915 1932 1074 1973 adjuvan-

386 1978 477 2010 tibus
494 1978 673 2010 decoratus
688 1984 751 2011 est.

431 2031 491 2059 185
516 2029 584 2058 Nec
607 2038 716 2068 pueros
737 2038 849 2065 coram,
868 2029 938 2069 εμπ]
961 2030 1009 2060 Ut
1025 2030 1074 2061 in-

388 2082 468 2116 epte
491 2077 582 2117 apud
604 2077 765 2108 Senecam
790 2078 965 2118 Tragicnm
980 2089 988 2109 :
1006 2079 1072 2110 Qui

387 2135 453 2156 non
483 2126 650 2157 immerito
678 2127 720 2157 ‘a
747 2127 861 2167 paucis
886 2127 1072 2167 probatur!

386 2173 512 2214 Scalig.
528 2183 586 2204 111.
603 2177 656 2205 97.

431 2223 543 2255 Medea
557 2224 703 2264 trucidet]
727 2224 778 2255 De
793 2225 917 2256 Medea
934 2225 966 2255 in
983 2226 1072 2266 Epo-

388 2271 450 2302 dis.
493 2271 592 2304 Quod
614 2273 763 2312 pertinet
783 2274 822 2303 ad
841 2283 909 2304 rem
926 2283 1071 2313 praesen-

387 2325 467 2356 tem,
492 2320 673 2351 notandum
700 2326 753 2352 est
779 2327 988 2362 praeceptum
1010 2323 1072 2354 hoc

388 2370 618 2411 gravissimum
635 2380 655 2401 a
675 2371 823 2412 Tragicis
840 2371 971 2403 Graecis
996 2373 1071 2404 reli-

388 2419 480 2458 giose
509 2427 642 2460 semper
673 2420 912 2451 observatum:
944 2424 979 2452 et
1014 2431 1071 2452 eos

388 2468 583 2500 hallucinari
602 2469 659 2510 qui
676 2470 776 2502 aliter
797 2475 927 2511 putant.
971 2470 1071 2512 Apud

389 2518 593 2558 AEschylum,
609 2517 867 2558 Agamemnonis
883 2519 916 2550 in
936 2529 995 2551 suo
1015 2530 1072 2561 pa-

389 2567 472 2598 latio
487 2567 648 2598 trucidati
666 2567 800 2599 auditur
823 2569 949 2600 clamor
965 2569 1073 2601 luctu-

389 2623 488 2652 osus;
512 2614 645 2646 minime
668 2625 746 2647 vero
761 2615 871 2647 caedes
885 2612 1071 2656 spectatur.

390 2661 491 2700 Apud
512 2663 725 2704 Sophoclem,
747 2665 1004 2704 Clytaemnestra
1030 2667 1072 2699 ab

392 2709 514 2740 Oreste
529 2712 720 2744 caesaintns
744 2713 957 2751 vociferatur,
982 2715 1073 2747 andi-

391 2763 532 2800 turque3
555 2765 590 2792 at
602 2771 811 2804 nequaquam
827 2763 860 2795 in
877 2773 977 2796 scena
987 2764 1074 2797 occi-

1126 1788 1176 1818 vir
1191 1789 1394 1819 Dramaticae
1407 1788 1453 1818 rei
1463 1788 1684 1828 peritissimus
1694 1789 1809 1821 Hede-

1125 1836 1211 1867 linus
1228 1837 1261 1866 in
1287 1837 1386 1867 Praxi
1403 1836 1600 1868 Theatrica:
1626 1837 1680 1868 ubi
1700 1843 1736 1870 et
1749 1839 1809 1870 So-

1126 1884 1280 1925 phoclem
1296 1883 1460 1925 defendit,
1481 1885 1570 1926 qnod
1592 1885 1682 1926 Ajax
1696 1887 1810 1927 gladio

1125 1943 1185 1965 suo
1198 1935 1306 1974 palam
1319 1934 1498 1965 incumbat.
1518 1935 1644 1965 Verum
1661 1935 1694 1966 in
1711 1945 1810 1976 prox·

1125 1985 1190 2014 imo
1202 1993 1335 2014 nemore
1351 1983 1382 2014 id
1398 1988 1597 2023 perpetrare
1609 1984 1696 2025 AJax
1712 1986 1809 2017 intel-

1125 2032 1184 2072 ligi
1200 2037 1324 2071 potest.

1169 2082 1229 2110 186
1250 2080 1381 2119 Atreus]
1403 2081 1522 2119 Supra,
1540 2089 1587 2110 vs.
1601 2082 1654 2111 91.

1167 2131 1227 2159 187
1251 2129 1385 2168 Procne]
1410 2129 1493 2159 Haec
1519 2128 1600 2169 Ityn
1621 2129 1724 2160 filium
1745 2130 1809 2160 Te-

1125 2187 1181 2209 reo
1197 2178 1316 2209 marito
1341 2177 1581 2208 comedendum
1605 2177 1776 2218 apposnit,
1789 2187 1808 2209 a

1125 2236 1191 2266 quo
1219 2231 1346 2257 tantum
1377 2235 1442 2256 non
1477 2235 1556 2256 ense
1587 2226 1746 2257 transfixa
1775 2227 1807 2257 in

1124 2276 1334 2306 hirundinem
1353 2284 1445 2306 versa
1456 2279 1527 2314 θεῖς
1543 2275 1726 2306 Philomela
1737 2276 1807 2316 ejus

1125 2334 1219 2356 soror
1245 2324 1279 2355 in
1304 2333 1399 2355 avem
1421 2324 1473 2354 sni
1498 2324 1652 2363 nominis,
1673 2323 1747 2364 Itys
1774 2325 1809 2355 in

1125 2373 1330 2414 phasianum,
1359 2373 1485 2404 Terens
1514 2373 1586 2413 ipse
1614 2373 1748 2405 demum
1774 2374 1808 2405 in

1124 2431 1282 2462 upupam.
1328 2421 1429 2453 ovid.
1442 2422 1529 2453 Met.
1551 2430 1599 2453 vt.

1169 2471 1301 2502 Cadmus
1325 2472 1359 2501 in
1380 2471 1525 2511 unguem]
1560 2471 1727 2511 Agenori·
1752 2472 1808 2504 ille

1123 2519 1211 2551 filius
1226 2529 1246 2550 a
1262 2524 1359 2560 patre
1375 2521 1490 2550 missus
1511 2519 1552 2551 ad
1575 2521 1742 2560 Europam
1757 2530 1809 2552 ιο-

1123 2579 1231 2601 rorem
1247 2570 1472 2611 qnaerendam,
1490 2571 1597 2602 varias
1620 2571 1711 2602 orbi·
1726 2571 1810 2611 regi-

1124 2628 1203 2650 ones
1214 2624 1426 2660 pervagatus,
1438 2620 1532 2650 senio
1548 2619 1683 2651 tandem
1697 2620 1804 2658 ingm-

1125 2672 1215 2707 ente,
1226 2668 1259 2698 in
1273 2672 1460 2708 serpentem
1470 2673 1618 2700 mutatus
1629 2672 1690 2700 est.
1705 2667 1806 2700 ovid.

1127 2717 1211 2748 Met.
1225 2726 1282 2748 ιιι.

1169 2769 1230 2797 189
1254 2766 1339 2797 Neve
1365 2765 1475 2805 minor,
1499 2764 1569 2804 &cd
1597 2763 1682 2796 Haec
1710 2769 1804 2795 certe
