1890 3230
345 268 456 309 1722

311 376 315 379 ’
344 368 578 401 differentiam.
601 369 741 400 Tor-rent.
788 367 906 403 Quibus
919 371 966 400 est
978 368 1030 407 jus

342 414 460 458 aptius]
498 417 629 450 Quibus
657 416 802 456 piscibus
823 416 881 456 jus
910 426 1030 448 conve-

342 467 424 498 niat.
464 466 597 506 [Ignara
613 466 708 496 Vatt.
724 465 820 496 Rom.
838 467 867 496 1.
886 468 936 496 10.
950 471 985 496 et
999 468 1030 497 3.

342 525 363 546 a
375 525 417 546 ιιι.
433 524 500 545 sec.
515 514 661 545 Cliisian.
675 517 705 545 l.
716 523 734 544 a
745 524 787 545 ιιι.
801 525 867 546 sec.
882 515 1029 547 Chisian.

341 567 372 595 2.
387 569 423 594 et
437 562 593 594 Vallicel.
613 564 657 604 1.]

384 615 426 642 39
450 612 492 642 Et
507 611 615 651 quibus
628 612 707 643 assis
722 612 916 652 Languidus]
945 613 954 630 ‘
968 612 1028 644 As·

341 671 412 692 sum
427 661 437 676 ³
458 666 534 692 erat
562 662 744 702 veteribus,
772 662 930 703 quicquid
959 663 1029 694 sine

341 709 553 741 condimento
568 711 635 742 ullo
649 711 770 751 etjure
786 712 1028 751 apponebatur.

343 759 494 790 Nonius:
525 759 667 791 ‘Assum
697 765 809 791 autem
838 760 1028 791 existiman-

341 809 419 840 dum
434 813 496 848 est,
510 813 547 840 ut
563 810 596 840 in
612 809 754 840 obsoniis
770 809 840 839 sine
857 809 1027 849 pigmento

341 858 471 898 saporis
481 858 598 889 alieni:
613 858 891 899 quemadmodum
901 867 1026 888 merum

341 906 466 936 dicitur
481 905 610 936 solum.'
640 906 696 936 Ita
710 915 791 944 ergo
807 906 937 943 Catius,
951 906 1026 936 Non

340 955 421 984 satis
434 959 500 993 est,
518 955 633 995 inquit,
652 963 771 993 magno
781 954 895 994 precio
911 954 1028 985 emisse

342 1002 463 1042 pisces,
486 1002 513 1032 si
529 1003 599 1043 quis
615 1002 758 1042 ignoret,
783 1002 967 1042 quibusjns
983 1005 1027 1034 sit

341 1051 472 1090 aptius:
497 1055 532 1081 et
547 1051 666 1091 quibus
688 1051 782 1091 assis,
798 1052 860 1082 hoc
877 1057 941 1091 est,
956 1053 1027 1084 sine

342 1100 410 1130 ullo
420 1099 499 1140 jure
514 1100 689 1140 appositis,
702 1101 936 1141 conviva,jam
957 1102 1026 1132 lau-

340 1148 460 1187 guidus
475 1157 514 1178 ae
530 1148 662 1180 edendo
678 1149 830 1188 satiatus,
846 1150 950 1189 magis
971 1150 1026 1181 de-

341 1199 500 1236 lectatus,
527 1197 569 1228 de
596 1198 728 1238 integro
755 1199 845 1230 vesci
875 1199 1027 1239 incipiat.

339 1246 514 1277 Memento
529 1255 609 1284 ergo
625 1247 747 1287 opponi
763 1247 871 1287 pisces
886 1257 976 1279 assos
992 1252 1029 1279 et

341 1295 503 1326 conditos.
526 1295 689 1326 Heinsius.
733 1296 915 1334 Languidus
929 1297 960 1326 in
976 1306 1028 1327 cu-

339 1343 435 1382 bitum
445 1343 510 1381 y'am
525 1354 556 1375 se
567 1344 691 1375 convica
702 1345 834 1385 reponit]
847 1345 1027 1385 Tamquam

339 1393 373 1423 in
395 1402 479 1423 nova
502 1392 590 1424 fame
613 1394 733 1424 iterum
760 1403 795 1425 se
811 1395 902 1434 operi
920 1395 1028 1425 accin-

339 1446 409 1479 get.
455 1442 656 1482 Repetenda
690 1452 767 1474 vero
799 1453 873 1483 quae
898 1444 1028 1474 notavi·

340 1499 412 1520 mus
429 1499 454 1521 ι.
471 1490 536 1521 Od.
553 1493 607 1521 27.
639 1491 648 1506 ‘
660 1491 705 1521 Et
725 1491 838 1522 cubito
856 1501 1027 1523 remanere

341 1540 482 1579 presso.’
507 1541 647 1571 Torrent.
689 1541 869 1579 Languidus
891 1541 924 1571 in
943 1541 1026 1571 cubi-

340 1589 421 1628 tum]
455 1589 585 1620 Alludit
608 1589 648 1620 ad
673 1589 842 1629 antiquum
864 1599 906 1620 ex
923 1590 1025 1620 tricli-

340 1637 404 1668 niis
420 1637 571 1668 coenandi
587 1646 727 1675 morem,
742 1647 761 1668 e
777 1638 896 1677 quibus
913 1639 1024 1669 convi-

341 1695 390 1716 vae
418 1684 666 1720 accumbentes,
687 1694 827 1725 corpore
853 1686 974 1717 leviter
994 1686 1026 1716 in

339 1734 509 1765 sinistrum
539 1734 688 1765 cubitum
715 1734 886 1770 inclinato,
914 1734 1026 1765 cibum

340 1789 523 1824 potumque
548 1784 714 1823 tantisper
733 1783 926 1823 capiebant,
949 1784 1026 1814 dnm

339 1837 452 1863 essent
480 1833 595 1863 saturi.
632 1833 728 1872 Cruq.
786 1833 969 1872 Languidus
995 1834 1027 1863 in

338 1881 489 1921 cubitum]
528 1882 673 1921 Crapula
710 1881 850 1912 satiatus
880 1882 1028 1921 insurget

339 1930 459 1960 iterum
484 1930 524 1960 ad
553 1930 730 1969 edendum,
747 1930 838 1971 quasi
861 1930 903 1961 ad
926 1939 1026 1961 novas

339 1979 477 2010 delicias
507 1980 685 2011 excitatus.
740 1980 893 2020 [Septem
927 1979 1025 2010 codd.

337 2038 391 2068 ap.
409 2029 519 2066 Feam,
535 2029 681 2069 reponit]

379 2080 420 2108 ⁴0
448 2078 562 2108 Umber
583 2081 614 2108 et
635 2076 748 2116 iligna]
783 2077 946 2108 Umbrum
972 2077 1026 2108 hic

337 2125 453 2156 iaudat
469 2135 584 2164 aprum
602 2125 721 2164 glande
734 2135 776 2155 ex
789 2126 865 2157 ilice
881 2131 1023 2165 pastum,

338 2174 438 2205 aliubi
454 2183 532 2204 vero
551 2175 732 2209 Lucanum,
745 2173 846 2203 aliubi
863 2174 1026 2212 Marsum,

339 2228 376 2254 ut
387 2222 504 2254 ludere
516 2221 634 2252 Poetae
645 2221 763 2251 solent.
782 2221 922 2251 Torrent.
949 2222 1023 2252 Um-

336 2272 389 2303 ber
404 2274 432 2302 et
447 2270 562 2309 iligna]
587 2270 637 2299 Ex
653 2269 792 2299 Umbria
806 2278 898 2307 aper.

378 2322 417 2350 41
443 2317 576 2356 Curvae]
603 2317 741 2347 Mallem
765 2320 883 2352 curvet,
900 2320 937 2348 ut
953 2317 1026 2356 plu-

336 2371 390 2399 res
403 2367 528 2398 habent
542 2365 626 2396 Mss.
670 2366 774 2396 Totos
792 2369 903 2395 autem
921 2373 1023 2404 pone-

335 2418 417 2449 bant
433 2425 543 2456 apros,
560 2418 596 2445 ut
613 2415 725 2444 lauces
739 2414 871 2444 curvari
887 2414 1024 2445 minime

335 2465 522 2497 mirandum
552 2463 605 2494 sit.
633 2462 826 2495 Juvenalis:
865 2464 874 2480 ‘
888 2463 1024 2495 Quanta

335 2522 388 2548 est
404 2517 482 2556 gula
497 2523 570 2556 quae
589 2513 652 2545 sibi
676 2518 764 2544 totos
786 2513 889 2544 Ponit
905 2518 1023 2552 apros!

338 2567 479 2597 Tor-rent.
524 2563 639 2593 Cur-vet
651 2562 738 2602 aper]
757 2562 899 2593 Oneret.
935 2562 1023 2593 Iner-

336 2615 410 2655 tem]
432 2614 574 2645 Carnem
590 2611 808 2652 pinguiorem,
823 2610 880 2641 sed
903 2611 1023 2642 inertia

337 2668 371 2694 et
386 2663 455 2694 otio
470 2665 711 2702 comparatam.

379 2714 420 2742 42
443 2712 581 2742 Laurens
600 2711 698 2741 nialus
719 2713 776 2744 est,
791 2707 886 2748 ulvis]
909 2709 1020 2740 Malus

339 2765 391 2792 est
415 2770 494 2800 aper
519 2761 666 2791 nutritus
690 2759 722 2790 in
749 2768 828 2799 agro
850 2758 1020 2790 Laurenti.

791 278 930 308 NOTAE
961 278 1223 309 VARIORUM
1255 279 1307 309 IN

1077 369 1176 402 Quod
1203 373 1254 400 est
1284 370 1373 401 Latii
1404 370 1576 410 oppidum.
1621 371 1711 403 moia
1730 377 1760 405 et

1075 418 1237 458 arundine]
1251 419 1260 436 ‘
1271 419 1456 449 Laurentes
1465 418 1475 432 '
1490 419 1578 450 enim
1593 419 1762 459 maritimi,

1075 467 1157 497 locis
1187 477 1276 499 nunc
1301 477 1433 508 quoque
1459 467 1649 508 paludosis;
1673 469 1761 499 unde

1076 515 1181 547 Mart.
1195 515 1252 546 lib.
1269 524 1305 546 x.
1327 516 1336 534 ‘
1355 517 1401 547 Et
1423 516 1625 548 Laurentino
1646 521 1761 556 turpes

1077 563 1110 594 in
1126 564 1258 603 gurgite
1273 564 1392 595 ranas!
1413 565 1551 596 Tor-rent.

1117 614 1158 642 43
1174 612 1269 644 Vinea
1282 613 1445 644 summittit
1456 614 1595 655 capreas]
1613 613 1761 653 Capreas

1077 661 1273 701 sylvestres.
1331 663 1384 693 Sic
1415 662 1562 702 loquitur
1596 665 1632 692 ut
1661 661 1762 701 paulo

1077 715 1175 744 ante:
1191 712 1200 728 ‘
1214 712 1345 742 Miseno
1355 711 1508 742 oriuntur
1520 709 1655 742 echini-²
1678 709 1763 741 Vult

1076 760 1164 790 enim
1181 769 1244 791 non
1260 761 1339 792 alias
1355 760 1483 791 laudari
1497 769 1652 799 capreas,
1663 767 1761 801 quam

1075 819 1149 849 quae
1165 810 1305 841 subinde
1322 809 1444 840 vitibus
1461 813 1655 848 pascantur,
1670 812 1704 838 et
1718 816 1761 838 ne

1076 861 1156 888 tunc
1167 858 1301 898 quidem
1317 867 1450 897 semper
1465 857 1579 887 edules
1594 865 1667 887 ene
1680 865 1693 894 ς
1704 865 1762 887 cu·

1069 905 1127 944 jus
1144 909 1254 936 tamen
1271 906 1446 945 peculiaris
1462 906 1571 945 aliqua
1583 905 1670 936 ratio
1684 905 1761 936 mihi

1075 963 1141 984 uon
1165 957 1322 984 constat:
1345 962 1420 983 nam
1446 961 1554 992 neque
1579 953 1685 992 cervi,
1704 961 1762 984 ne·

1076 1011 1141 1042 que
1155 1001 1227 1042 apri
1243 1001 1359 1041 quavis
1374 1000 1449 1031 anni
1474 1003 1675 1039 tempestate
1692 1000 1762 1030 lan-

1075 1050 1208 1082 dantur.
1234 1051 1372 1080 Torrent-
1426 1048 1601 1079 Summittit
1623 1047 1762 1087 capreas]

1075 1098 1280 1138 Suppeditat
1309 1101 1344 1128 et
1373 1098 1489 1128 nutrit.
1548 1097 1619 1127 Non
1647 1106 1763 1136 semper

1074 1147 1189 1187 edales]
1212 1147 1358 1186 Capreas
1370 1155 1435 1177 non
1451 1149 1548 1186 aptas
1565 1145 1648 1176 esui.
1669 1145 1763 1186 [Vat.

1075 1196 1187 1226 Palat.
1203 1197 1234 1226 3.
1246 1193 1437 1234 submittam]

1115 1248 1157 1276 44
1173 1245 1319 1276 Faecundi
1333 1243 1458 1284 leporis]
1485 1243 1575 1275 Nota
1588 1242 1702 1283 leporio
1713 1241 1762 1274 fe-

1077 1295 1241 1331 cunditas,
1258 1294 1309 1325 vel
1326 1303 1369 1324 ex
1387 1293 1499 1324 Plinio
1522 1301 1604 1324 vm.
1618 1295 1672 1324 55.
1716 1292 1763 1323 Et

1075 1344 1136 1374 hoe
1163 1345 1262 1383 plane
1288 1342 1463 1374 ridiculum
1485 1345 1550 1381 est,
1571 1340 1659 1382 quod
1681 1348 1763 1371 non-

1075 1393 1171 1431 nulli,
1197 1397 1365 1432 tamquam
1386 1399 1458 1422 rem
1482 1389 1675 1429 notandam,
1695 1388 1764 1428 legi

1077 1442 1176 1472 etiam
1191 1442 1337 1479 fecundoe
1354 1449 1415 1471 nos
1430 1443 1651 1471 monueruntz
1675 1446 1764 1470 eam-

1075 1500 1138 1532 que
1154 1491 1332 1521 lectionem
1350 1490 1456 1521 secuti
1473 1492 1562 1528 sunt,
1573 1488 1648 1519 ideo
1660 1486 1764 1518 maxi·

1075 1548 1140 1578 me,
1156 1539 1243 1578 quod
1267 1538 1412 1569 femellae
1435 1547 1513 1569 caro
1536 1535 1760 1568 succulentior

1074 1587 1129 1617 sit.
1174 1587 1299 1617 Verum
1326 1587 1358 1616 hi
1387 1586 1450 1626 ipsi
1479 1585 1612 1616 Catium
1637 1583 1760 1625 ubique

1075 1635 1259 1674 exagitant,
1274 1642 1437 1675 tamquam
1451 1633 1593 1665 absurda
1607 1633 1675 1664 sint
1691 1642 1760 1664 om-

1075 1684 1141 1723 nia,
1151 1693 1225 1723 quae
1238 1683 1406 1723 loquitur:
1422 1682 1490 1713 labi
1502 1683 1603 1722 igitur
1616 1682 1669 1712 bic
1680 1687 1761 1723 qud-

1075 1741 1138 1773 que
1156 1731 1399 1772 permisissent,
1422 1734 1458 1762 et
1479 1731 1660 1762 masculum
1675 1739 1761 1771 [ιι-ιι-

1075 1782 1164 1812 ferre
1180 1792 1187 1810 :
1211 1786 1308 1812 taceo
1323 1779 1413 1821 quod
1435 1779 1554 1811 incerti
1574 1788 1673 1810 sexus
1687 1787 1762 1810 esne

1075 1831 1223 1870 leporem
1248 1834 1379 1860 veteres
1403 1827 1590 1860 credidere.
1632 1827 1764 1868 Sapiens

1074 1878 1241 1910 sectabitur
1254 1877 1369 1916 armos]
1391 1877 1521 1918 Sapiens
1534 1877 1699 1908 communi
1715 1876 1763 1907 lo-

1075 1927 1197 1968 quendi
1214 1937 1271 1957 usu
1284 1926 1422 1965 dicitur,
1435 1927 1632 1967 quicumque
1647 1925 1706 1964 rei,
1718 1925 1763 1956 de

1075 1986 1140 2016 qua
1163 1977 1285 2016 agitur,
1310 1975 1435 2016 peritus
1457 1979 1526 2006 est:
1551 1974 1607 2015 qni
1622 1983 1704 2014 ergo
1719 1973 1762 2004 ad

1075 2027 1187 2065 gulam
1211 2030 1262 2056 est
1283 2017 1560 2064 sapienaarmos
1587 2022 1760 2064 praeferet.

1073 2074 1186 2105 Armos
1200 2079 1310 2104 autem
1333 2074 1483 2112 intelligo
1507 2082 1639 2104 carnem
1660 2073 1762 2109 illam,

1075 2132 1148 2162 quae
1163 2124 1196 2152 in
1211 2132 1338 2152 summo
1350 2124 1439 2152 circa
1456 2132 1564 2152 armos
1581 2131 1619 2153 ac
1630 2122 1760 2162 apinam

1073 2175 1134 2200 est.
1153 2170 1292 2200 Tor-rent.
1324 2169 1452 2208 Sapiens
1467 2169 1633 2200 sectabitur
1646 2168 1761 2208 armon]

1073 2219 1138 2251 Qui
1156 2218 1304 2258 palatum
1323 2218 1424 2256 sapit.

1113 2270 1154 2298 45
1172 2268 1296 2298 Natura
1311 2269 1340 2296 et
1347 2267 1435 2303 foret
1448 2265 1540 2306 aetas]
1564 2265 1650 2298 Haee
1667 2271 1760 2301 tanta

1073 2325 1183 2346 rerum
1208 2315 1407 2346 naturalium
1431 2315 1566 2354 peritia,
1583 2324 1647 2345 non
1670 2317 1760 2348 ultra

1074 2365 1218 2405 palatum
1238 2363 1452 2394 extendenda
1467 2367 1528 2394 est.
1552 2364 1691 2396 Torreat.

1113 2417 1155 2445 46
1178 2414 1268 2444 Nulli
1281 2412 1397 2453 patuit]
1423 2413 1515 2444 Nulli
1529 2413 1664 2454 cognita
1682 2412 1761 2446 fnit.

1074 2462 1233 2501 Palatum]
1263 2462 1370 2500 Sapor
1393 2461 1425 2491 in
1451 2461 1563 2500 lingua
1586 2465 1623 2492 et
1649 2462 1762 2501 palato

1073 2511 1238 2541 consistit.
1267 2509 1456 2549 [Barberin.
1477 2512 1506 2541 1.
1519 2509 1622 2550 patuit
1634 2510 1742 2551 καὶῆ]

1113 2562 1154 2590 47
1179 2559 1326 2590 Crustula
1349 2557 1479 2598 promit]
1505 2559 1681 2591 placentas
1703 2559 1763 2591 ad·

1072 2608 1214 2640 invenit.

1113 2661 1154 2690 48
1178 2659 1378 2698 Nequaquam
1406 2656 1500 2697 satis]
1536 2657 1658 2690 Sensus
1687 2662 1760 2690 est:

1075 2708 1150 2738 Non
1166 2708 1245 2738 satis
1265 2712 1316 2738 est
1338 2706 1481 2747 eleganti
1502 2706 1707 2748 obsonatori,
1721 2712 1759 2738 nt

1074 2758 1170 2788 nnius
1187 2756 1391 2789 condimenti
1409 2760 1466 2788 aut
1482 2754 1699 2788 confectionis
1714 2755 1757 2786 nit
