1916 3262
357 260 465 302 1290

825 272 866 309 Q.
897 269 1102 301 nonA‘ru
1137 272 1306 303 rnAccr

357 362 534 415 Semper
554 362 607 402 ad
627 367 827 402 eventum
844 361 1034 411 festinat,
1056 367 1099 403 et
1117 363 1162 403 in
1181 364 1342 405 medias
1361 377 1442 412 τοῦ,

357 427 457 467 Non
478 440 607 468 secus
626 439 676 467 ac
696 431 835 475 notaS,
854 427 1093 468 auditorem
1110 429 1246 481 rapit3
1276 434 1316 471 et
1335 443 1432 484 quae

356 493 574 545 Desperat
592 495 776 533 tractata
794 492 1006 533 nitescere
1026 505 1171 545 posse,
1192 495 1419 548 relinquit;

1686 495 1769 536 150

335 599 339 601 ,
356 557 501 611 Atque
521 558 586 598 ita
604 557 822 606 mentitur,
839 558 904 598 sic
924 559 1039 599 veris
1057 559 1169 600 salsa
1186 561 1401 610 remiscet,

357 669 481 711 Semper
494 673 534 703 ad
545 673 642 713 finem
657 673 776 704 tendit:
798 676 827 703 et
844 674 992 711 transfert
1005 674 1174 705 auditorem
1194 675 1228 706 in
1243 676 1355 707 medias
1369 686 1417 707 res
1431 676 1508 707 velut
1522 674 1679 713 cognitas.-
1701 681 1769 712 qua

355 720 424 742 vero
445 724 504 744 non
521 714 594 752 sore
615 718 749 745 tractatu
762 714 888 754 pulchra
906 715 1035 753 judicat,
1057 716 1185 748 omittit.
1228 717 1326 748 Porro
1338 717 1383 749 sic
1395 717 1508 759 fingit,
1520 718 1564 748 sic
1584 713 1771 747 incer-miscet

948 810 1062 823 aeaeaeaeaeae

1064 810 1178 822 cccccc

356 871 595 905 Hellen—149
617 874 784 906 Nonsecus
805 885 840 906 αι·
861 878 949 906 nolas
969 874 1259 915 Bamberg.-150
1282 875 1432 916 Desperat
1453 877 1569 907 dictata
1591 872 1770 912 Bamberg.

996 979 1137 1011 NOTAE

400 1041 460 1069 148
482 1038 607 1078 Semper
620 1041 659 1070 ad
677 1043 814 1071 eventum
827 1041 976 1082 festinat]
998 1042 1040 1072 E-

355 1087 504 1126 gregium
525 1097 604 1118 sane
627 1094 848 1128 praeceptum,
864 1094 901 1119 ut
923 1090 1042 1121 leviter

356 1135 626 1175 perstringantur
636 1137 794 1168 nonnulla
803 1137 936 1178 quidem
947 1138 1042 1170 dictu

358 1184 557 1222 necessaria,
580 1185 728 1224 graviter
743 1191 854 1216 autem
878 1191 914 1217 et
938 1186 1042 1226 potis-

356 1232 474 1263 simum
506 1237 695 1264 tractentur
722 1244 797 1275 qnae
834 1237 1042 1276 propositum

358 1282 499 1313 maxime
527 1292 663 1323 remque
687 1290 920 1324 promoveant.
964 1287 1041 1318 Hoc

358 1340 449 1370 vero,
465 1336 502 1362 ut
518 1337 552 1363 et
574 1334 769 1372 proecedens
785 1335 898 1375 etiam,
911 1337 1042 1376 perdite

358 1380 494 1411 violavit
517 1381 645 1411 Statius
667 1382 700 1412 in
723 1383 906 1424 Thebaide,
931 1385 988 1416 ubi
1007 1389 1042 1416 et

357 1438 412 1459 res
428 1430 527 1460 altius
544 1431 680 1471 repetit,
691 1436 727 1463 et
738 1434 903 1472 permulta
918 1443 1041 1475 conge-

359 1478 404 1509 rit
426 1479 477 1510 vel
500 1489 614 1519 parum
637 1481 861 1513 conducibilia
877 1484 929 1515 vel
950 1484 1042 1523 nili-il,

358 1537 432 1568 quae
448 1528 582 1568 quidem
595 1530 725 1570 integro
738 1532 886 1564 carmine
898 1533 1042 1564 rescindi

359 1582 496 1617 queant.

402 1627 442 1656 In
460 1627 577 1657 medias
590 1637 650 1665 res,
664 1630 732 1669 εμπ]
756 1629 880 1661 Rerum
904 1631 1042 1671 primor-

358 1674 414 1704 dia
435 1677 575 1714 supponi
593 1677 718 1708 debent
734 1683 772 1709 ut
787 1684 888 1710 nota:
914 1681 1044 1712 audito-

359 1724 403 1753 ris
420 1730 532 1755 autem
555 1726 683 1756 animus
706 1727 739 1757 in
763 1736 816 1758 res
839 1728 964 1759 medias
978 1734 1044 1760 sta-

360 1773 419 1804 tim
444 1773 644 1813 rapiendus:
668 1785 743 1814 quae
759 1785 840 1807 vero
862 1785 1046 1816 praecesse-

359 1826 451 1860 runt,
466 1823 641 1854 occasione
657 1823 737 1855 data
750 1824 891 1856 subinde
910 1835 1046 1858 narran-

360 1877 415 1902 tur
430 1873 572 1904 solerter
595 1879 630 1904 et
645 1876 858 1914 tempestive.
902 1875 959 1907 Sic
976 1877 1045 1908 Ho-

360 1931 472 1952 merus
496 1922 636 1954 Iliadem
660 1923 702 1954 ab
726 1923 866 1955 Achillis
886 1924 948 1963 ira,
969 1935 1046 1966 quae

357 1971 468 2012 Trojae
485 1973 650 2003 excidium
667 1974 766 2013 paulo
781 1975 987 2013 antecessit;
1011 1979 1047 2006 et
1068 1967 1074 1972 ’

360 2020 522 2060 Virgilius
532 2022 703 2053 AEneidem
714 2032 733 2053 a
741 2023 884 2062 septimo
895 2033 1046 2055 errorum

360 2069 475 2100 AEneae
488 2079 573 2100 anno
586 2080 724 2101 exorsus
736 2076 799 2102 est.
823 2072 975 2103 Macrob.
987 2073 1046 2103 Sa·

361 2118 483 2148 turnal·
500 2127 533 2149 v.
550 2121 581 2150 2.
605 2123 614 2136 ‘
633 2119 824 2156 Homerus,’
840 2120 956 2161 inquit,
971 2121 980 2138 ‘
998 2121 1048 2151 vi-

362 2171 437 2197 tans
452 2167 485 2196 in
502 2166 664 2198 Poemate
681 2168 913 2200 historicorum
934 2169 1048 2200 simili-

362 2216 526 2256 tudinem3
549 2218 668 2258 quibus
687 2219 740 2250 lex
763 2223 816 2250 est
837 2219 988 2259 incipere
1003 2219 1046 2251 ab

361 2265 458 2297 initio
474 2276 598 2306 rernm,
617 2273 651 2298 et
670 2268 862 2299 continuam
884 2269 1046 2300 narratio-

362 2323 438 2345 nem
454 2315 494 2345 ad
510 2315 608 2346 finem
624 2326 728 2357 usque
743 2317 929 2356 perducere
943 2327 952 2356 ;
973 2318 1045 2358 ipse

363 2364 497 2404 poetica
508 2365 684 2405 disciplina
699 2376 717 2396 a
731 2375 841 2398 rerum
853 2366 964 2398 medio
980 2376 1047 2398 οω-

363 2413 426 2452 pit,
441 2418 476 2444 et
492 2414 535 2445 ad
554 2414 684 2446 initium
711 2420 787 2455 post
809 2425 964 2447 reversus
984 2422 1047 2448 est.

363 2462 454 2502 Ergo
480 2463 609 2502 Ulyssis
630 2473 776 2495 errorem
799 2474 864 2496 non
887 2465 1006 2506 incipit
1028 2475 1047 2497 a

362 2512 505 2552 Trojano
520 2512 635 2543 littore
651 2513 865 2545 describere:
890 2514 949 2545 sed
965 2510 1049 2546 facit

363 2571 438 2593 eum
457 2563 563 2602 primo
578 2563 792 2603 navigantem
807 2565 848 2595 de
863 2564 971 2596 insula
985 2565 1049 2597 Ca-

362 2611 530 2650 lypsonis;
551 2617 586 2643 et
601 2622 642 2642 ex
660 2621 802 2652 persona
816 2623 876 2644 sua
891 2613 1048 2653 perducit

365 2660 406 2689 ad
425 2661 598 2692 Phaeacas.
644 2661 720 2693 Illic
734 2663 767 2693 in
788 2663 941 2694 convivio
957 2663 1047 2695 Alci-

364 2711 418 2739 noi
436 2712 523 2750 regis
546 2717 660 2743 narrat
683 2713 754 2753 ipse
769 2714 1046 2754 quemadmodum

364 2758 407 2790 de
423 2759 528 2799 Troja
549 2761 590 2791 ad
607 2762 829 2802 Calypsonem
847 2765 1049 2803 pervenerit.

1092 1042 1178 1073 Post
1194 1042 1353 1074 Phaeacas
1368 1053 1480 1075 rursus
1496 1041 1623 1082 Uiyssis
1638 1039 1774 1079 naviga-

1093 1092 1216 1122 tionem
1231 1101 1335 1133 usque
1352 1093 1392 1124 ad
1407 1093 1556 1124 Ithacam
1571 1101 1614 1122 ex
1630 1097 1775 1130 persona

1093 1141 1232 1180 propria
1246 1141 1407 1173 describit
1429 1141 1548 1172 Poeta.
1591 1139 1700 1171 Quem
1724 1145 1776 1168 se-

1093 1194 1192 1220 cutus
1217 1189 1317 1221 Maro
1340 1191 1478 1222 AEneam
1500 1189 1542 1220 de
1565 1186 1680 1219 Sicilia
1701 1194 1776 1226 per-

1094 1238 1187 1270 ducit
1207 1239 1249 1270 ad
1275 1239 1428 1280 Libyam.
1471 1237 1546 1270 Illic
1567 1237 1601 1268 in
1623 1234 1776 1267 convivio

1092 1288 1234 1320 Didonis
1249 1294 1360 1320 narrat
1376 1289 1449 1329 ipse
1462 1286 1580 1319 AEneas
1595 1283 1778 1324 navigatio·

1093 1347 1168 1368 nem
1190 1347 1283 1369 suam
1311 1339 1355 1370 de
1377 1337 1480 1378 Troja
1501 1345 1606 1378 usque
1627 1333 1668 1366 ad
1691 1332 1776 1365 Siei-

1093 1385 1192 1424 liam,'
1204 1387 1267 1416 &c.

1136 1435 1198 1465 149
1214 1434 1292 1469 Quoe
1307 1434 1458 1474 Deoperat
1472 1435 1606 1463 tractata
1619 1431 1779 1467 nitescere,

1093 1483 1160 1523 εγω]
1177 1484 1391 1523 Praeceptum
1407 1483 1449 1514 de
1464 1481 1642 1521 seligendis
1659 1479 1779 1520 praeci-

1094 1532 1168 1573 puis
1180 1533 1365 1573 argumenti
1381 1531 1533 1572 partibus
1548 1535 1584 1561 et
1599 1528 1777 1570 adjunctis,

1095 1591 1168 1623 quae
1184 1586 1332 1613 tractata
1343 1579 1620 1621 pulchritudinem
1634 1575 1780 1618 poemati

1095 1631 1291 1663 conferant:
1317 1632 1425 1672 deque
1448 1629 1569 1662 ceteris
1589 1628 1780 1668 relinquen-

1097 1681 1148 1712 dis
1173 1690 1248 1722 quae
1276 1690 1340 1711 nec
1366 1680 1518 1711 oratione
1544 1677 1780 1716 splendescere

1097 1739 1160 1760 nec
1174 1728 1384 1768 splendorem
1399 1731 1596 1768 argumento
1609 1730 1645 1756 et
1660 1733 1780 1766 propo-

1098 1779 1164 1810 sito
1178 1778 1292 1810 facere
1307 1777 1446 1818 possint.
1475 1776 1532 1806 Sic
1548 1775 1706 1815 pleraque
1721 1774 1781 1804 mi·

1097 1828 1221 1859 nimum
1238 1826 1432 1866 adjuvantia
1453 1824 1619 1855 Homerus
1643 1826 1782 1862 praeter-

1099 1877 1189 1913 misit
1213 1876 1244 1906 iu
1269 1874 1376 1907 Iliade
1401 1879 1437 1906 et
1453 1872 1627 1913 Odyssea:
1651 1870 1686 1902 in
1707 1870 1782 1908 hac,

1099 1926 1315 1958 Palamedem
1330 1924 1460 1965 Ulyssis
1479 1921 1599 1954 fraude
1621 1918 1783 1952 interfoe-

1098 1980 1165 2007 tum
1178 1986 1188 2014 ;
1202 1976 1235 2006 in
1246 1976 1316 2012 illa,
1329 1978 1462 2014 raptum
1476 1972 1628 2005 Helenae,
1643 1969 1782 2002 Achillis

1097 2025 1186 2065 apud
1217 2024 1442 2064 Lycomedem
1471 2030 1586 2062 regem
1621 2019 1781 2056 latebras,
1837 2040 1843 2046 .

1096 2076 1160 2105 ὅτε.
1197 2073 1360 2113 Virgilius
1386 2071 1459 2112 pari
1485 2075 1558 2101 arte
1584 2073 1620 2100 et
1644 2067 1782 2099 solertia

1095 2122 1176 2153 nihil
1193 2122 1280 2152 dixit
1303 2121 1345 2152 de
1365 2121 1478 2152 AEneae
1494 2119 1527 2150 in
1547 2116 1781 2150 Macedoniam

1096 2173 1260 2213 appulsu;
1277 2172 1355 2202 nihil
1369 2171 1410 2202 de
1427 2170 1570 2201 adventu
1587 2168 1620 2199 in
1634 2168 1784 2199 Lauren-

1097 2227 1164 2252 tem
1181 2230 1308 2262 agrum,
1324 2220 1432 2261 deque
1442 2219 1598 2250 comitum
1613 2217 1686 2258 ejus
1699 2216 1781 2247 Tro-

1090 2271 1246 2312 janorum
1259 2270 1442 2301 certamine
1454 2269 1613 2299 adversus
1625 2265 1781 2297 Latinum

1098 2329 1210 2359 regem
1222 2324 1257 2350 et
1266 2317 1468 2358 Aborigines
1481 2325 1520 2347 ea
1531 2316 1603 2346 loca
1615 2319 1782 2346 tenentes.

1098 2369 1171 2400 Liv.
1188 2368 1244 2399 lib.
1260 2377 1283 2399 ι.
1298 2367 1371 2398 init.

1141 2420 1198 2449 151
1223 2418 1325 2457 Atque
1346 2416 1394 2447 ita
1422 2414 1578 2450 mentitur,
1597 2411 1668 2454 ssa]
1689 2412 1783 2444 Prae-

1097 2472 1233 2507 ceptum
1250 2466 1294 2497 de
1315 2464 1512 2504 affingendis
1535 2463 1714 2503 plerisque,
1736 2461 1784 2493 ita

1099 2522 1210 2548 tamen
1234 2521 1271 2547 ut
1297 2515 1404 2547 omnia
1428 2515 1630 2552 coliaereant,
1645 2517 1783 2553 utquea

1100 2567 1188 2598 veris
1209 2565 1294 2596 falsa
1309 2565 1364 2596 vix
1379 2565 1524 2596 discerni
1541 2567 1678 2604 queant.
1721 2563 1782 2593 Est

1099 2617 1187 2646 enim
1196 2616 1286 2647 fictio
1298 2615 1390 2647 velut
1399 2614 1508 2645 anima
1521 2613 1668 2652 poeseos.
1690 2611 1782 2643 Aris-

1100 2671 1162 2697 tot.
1180 2665 1276 2696 Poet.
1312 2664 1368 2696 Sic
1390 2664 1472 2695 ficta
1492 2672 1511 2693 a
1531 2662 1671 2702 Virgilio
1693 2668 1781 2692 com·

1101 2716 1210 2756 plura,
1238 2719 1413 2754 totumque
1448 2711 1601 2743 AEneidos
1628 2711 1779 2750 quartum

1100 2764 1220 2795 librum
1242 2772 1317 2794 esse
1338 2761 1530 2797 confictum,
1551 2767 1647 2790 nemo
1669 2757 1780 2788 litera·
