1916 3262
596 283 951 317 EPrS‘rOLARuM
987 285 1085 317 mu.
1115 283 1171 317 rr.
1203 273 1253 317 1.·

1529 276 1642 320 1223

183 379 214 421 J
217 392 290 422 am
310 379 482 423 Saliare
503 379 668 423 Numae
688 393 865 422 carmen
886 381 963 435 qui
982 380 1149 433 laudat,
1169 384 1213 423 et
1231 380 1345 423 illud

185 446 320 498 Quod
339 461 511 490 mecum
530 447 716 500 ignorat,
740 448 865 490 solus
886 448 978 490 vult
995 448 1110 489 scire
1129 447 1268 490 videri
1285 461 1298 501 ;

185 513 384 568 Ingeniis
403 528 490 556 non
509 515 582 556 ille
601 514 722 557 favet
743 515 1003 570 plauditque
1030 515 1240 569 sepultis,

184 580 356 624 Nostra
375 582 454 624 sed
472 583 719 636 impugnat,
739 595 819 624 nos
840 587 1080 636 nostraque
1099 582 1266 625 lividus
1285 582 1392 624 odit.

185 647 322 700 Quod
339 650 378 691 si
397 653 484 692 tam
506 649 656 692 Graiis
677 650 850 691 novitas
871 650 1016 692 invisa
1035 649 1198 691 fuisset

1585 649 1644 692 90

184 715 499 767 QuamnobiS‚
517 716 625 771 quid
645 730 760 758 nunc
781 720 899 758 esset
918 720 1046 758 vetus
1059 717 1078 756 Τ
1110 720 1187 758 aut
1205 717 1313 771 quid
1333 716 1515 759 haberet

186 781 321 832 Quod
341 783 503 837 legeret
521 788 765 838 tereretque
785 784 947 826 viritim
961 783 1170 838 publicus
1190 797 1300 826 usus
1316 785 1336 825 'i

185 849 251 891 Ut
269 851 460 904 primum
480 852 640 905 positis
658 853 812 905 nugari
831 851 1013 894 Graecia
1033 851 1163 893 bellis

184 915 353 971 Coepit,
373 923 419 959 et
438 919 481 959 in
503 919 658 959 vitium
680 919 853 960 fortuna
867 919 1007 961 labier
1028 931 1172 972 aequa,

182 982 318 1029 Nunc
338 985 596 1029 athletarum
619 985 795 1037 studiis,
814 998 928 1028 nunc
951 985 1057 1028 arsit
1078 997 1287 1039 equorum
1304 997 1316 1036 ;
1587 986 1646 1026 95

184 1131 294 1164 Numa
305 1134 464 1166 conditum
477 1134 613 1174 extollit,
627 1135 754 1175 vultque
771 1134 857 1166 credi
871 1134 953 1165 solus
967 1134 1146 1173 intelligere
1158 1134 1191 1165 id
1211 1135 1304 1175 quod,
1326 1136 1362 1164 ut
1377 1142 1447 1172 ego,
1468 1141 1531 1163 non
1542 1129 1628 1170 capit
1635 1140 1647 1167 ‚-

183 1175 214 1205 ie
225 1176 383 1214 nonsavel
399 1177 577 1215 eadmer-ie,
591 1187 647 1209 nec
661 1182 798 1208 mortuos
812 1178 920 1208 laudat
934 1187 946 1213 ‚·
967 1178 1022 1207 sed
1034 1180 1141 1207 nostra
1153 1177 1290 1218 impetit,
1304 1186 1360 1206 nos
1378 1181 1408 1206 et
1427 1177 1534 1206 nostra
1548 1173 1582 1203 in
1597 1173 1647 1203 in-

183 1217 304 1250 vidium
316 1219 447 1260 adducit
458 1228 516 1260 per
530 1221 670 1251 livorem.
716 1219 816 1260 Aequi
826 1219 855 1250 εἰ
880 1220 988 1250 Groeci
1003 1223 1068 1250 tam
1081 1220 1217 1250 recentia
1234 1220 1372 1250 odissent
1387 1227 1479 1258 quam
1490 1226 1558 1254 nos,
1572 1215 1649 1255 quid

176 1258 249 1298 jam
262 1262 428 1302 antiquum
442 1265 565 1294 extaret
580 1266 594 1294 ?
607 1263 656 1293 vel
671 1262 744 1302 quid
764 1265 845 1292 esset
859 1263 939 1302 quod
951 1263 1081 1302 quisque
1100 1261 1134 1291 in
1148 1261 1290 1292 manibus
1306 1261 1431 1292 haberet
1450 1263 1480 1291 et
1497 1259 1649 1290 evolveret

183 1303 275 1342 quasi
295 1304 436 1335 omnibus
458 1308 638 1336 commune?
684 1306 753 1344 Age
773 1314 856 1343 cero,
875 1307 1038 1344 postquam
1057 1304 1164 1334 Greci
1177 1305 1287 1344 finitis
1311 1303 1396 1334 bellis
1418 1310 1519 1341 nugas
1543 1308 1649 1332 amare

183 1343 387 1388 incoeperunt,
399 1350 432 1378 et
452 1347 595 1378 secundis
614 1346 706 1378 rebus
725 1346 804 1377 vitia
824 1346 940 1376 sectari
953 1356 966 1382 ;
984 1346 1072 1376 modo
1097 1345 1241 1385 pugilum
1265 1346 1353 1376 modo
1376 1353 1522 1384 equorum
1546 1350 1650 1373 amoro

795 1447 912 1460 eeeeee

916 1446 1034 1459 oooooo

183 1529 279 1568 pont.
302 1526 428 1566 Jaeck,
461 1530 499 1559 et
525 1526 680 1566 Doeriug.
726 1525 863 1557 Praeter
895 1524 978 1556 Mss.
1006 1524 1109 1555 etiam
1135 1523 1332 1565 porphyrio
1363 1523 1432 1555 Ms.
1461 1528 1499 1554 et
1532 1521 1647 1554 editus

181 1570 265 1612 legit
286 1570 456 1602 Imber-bea.

501 1569 626 1602 Confer
648 1568 726 1600 Art.
750 1567 852 1600 Poet.
870 1570 943 1599 161.
977 1567 1134 1599 imberbes
1162 1569 1268 1598 etiam
1294 1566 1528 1599 Schoenborn.
1553 1568 1586 1597 2.
1614 1568 1646 1596 3.

182 1614 217 1646 4.
240 1611 338 1644 Harl.
353 1615 386 1644 2.
401 1615 480 1645 3.4.
497 1615 530 1644 6.
545 1615 578 1643 7.
601 1611 680 1643 edd.
707 1616 788 1642 aute
811 1611 914 1652 Cruq.
949 1611 1033 1649 Fea,
1062 1615 1099 1641 et
1128 1610 1252 1641 Bothe.
1298 1609 1448 1641 Interim
1466 1608 1648 1648 Bamberg.

183 1657 271 1686 —86
307 1654 469 1696 Angelic.
497 1657 529 1686 3.
567 1655 773 1686 laudea-88
810 1653 970 1684 Vallicel.
1004 1656 1034 1684 1.
1073 1657 1111 1683 et
1150 1652 1310 1693 Angelic.
1340 1656 1371 1683 3.
1406 1652 1649 1692 putridaque.—

183 1699 227 1733 80
248 1698 332 1729 Vnt.
349 1700 401 1731 19.
424 1697 540 1729 lividas
554 1697 630 1728 edit.
675 1696 909 1728 Schoenborn.
929 1699 960 1727 2.
983 1695 1107 1726 invidus
1121 1695 1287 1727 odia—90
1313 1694 1436 1726 Groecie
1452 1694 1551 1724 Harl.
1568 1696 1599 1724 3.
1615 1696 1649 1725 6.

183 1742 218 1772 ⁷.
233 1744 270 1772 et
283 1740 365 1772 Vct.
381 1741 590 1772 Comb.—-92
613 1739 777 1775 Quiritum
791 1744 890 1770 notat
908 1738 1043 1769 Fulvius
1060 1737 1202 1768 Ursinus
1225 1747 1270 1768 ex
1293 1737 1370 1768 cod.
1393 1737 1426 1767 iu
1444 1745 1549 1776 marg.
1566 1735 1649 1767 Ald.

184 1783 282 1815 1⁶19.
294 1783 330 1815 in
345 1782 510 1815 Bibliom.
525 1782 685 1823 Angeliu.
703 1782 793 1822 quod
809 1785 1018 1821 receperunt
1036 1780 1116 1819 Fen,
1131 1780 1256 1819 Bothe,
1270 1785 1306 1811 et
1322 1778 1445 1818 Jneck,
1468 1778 1590 1809 viritim
1614 1777 1647 1809 in

847 1896 986 1928 NOTAE

230 1976 274 2005 86
296 1973 420 2005 Saliare
443 1973 559 2004 Numoe
584 1973 723 2013 carmen]
746 1972 889 2004 Institu-

188 2023 260 2055 tm'n
285 2034 306 2055 a
329 2024 441 2055 Numa
470 2033 551 2064 rege
573 2025 713 2055 solenne
739 2033 889 2059 carmen.

186 2070 374 2116 quod'Salii
396 2074 522 2105 Martis
543 2074 739 2106 sacerdotes
755 2074 890 2106 Aucuia

186 2128 364 2164 gestantes
390 2124 544 2156 saliendo
573 2124 755 2155 canebant.
805 2125 889 2156 Dio-

186 2182 260 2215 nys.
282 2173 395 2206 Hauc.
417 2173 477 2206 lib.
494 2182 537 2206 u.
582 2174 673 2206 Vide
695 2180 732 2205 et
759 2174 840 2207 Not.
864 2183 888 2206 ι.

187 2222 256 2255 Od.
274 2226 326 2256 36.

229 2276 271 2307 87
289 2274 379 2310 Quod
393 2283 509 2306 mecum
523 2273 667 2314 ignorat]
691 2271 780 2304 Illud
799 2273 889 2305 enim

185 2323 475 2363 obscurissimum,
507 2324 612 2366 atque
650 2324 784 2356 initium
823 2322 890 2355 fuit

188 2374 342 2414 poetices
359 2374 453 2415 apud
472 2374 640 2406 Romanos
661 2379 749 2407 teste
767 2374 893 2406 Varro-

188 2433 245 2463 ne,
257 2423 301 2456 de
315 2425 353 2458 1..
365 2426 405 2456 L.
421 2434 471 2456 vr.
500 2425 646 2459 Quintil.
663 2433 687 2456 1.
704 2427 736 2456 6.
761 2426 771 2442 ‘
783 2425 890 2456 Salio-

189 2483 265 2508 rum
291 2475 444 2506 carmina
472 2475 528 2506 vix
559 2475 794 2507 sacerdotibus
823 2475 892 2506 suis

189 2524 275 2557 satis
300 2523 493 2556 intellecta·
516 2524 622 2564 dicit;
647 2525 740 2567 quod
766 2526 819 2556 vel
839 2531 893 2556 *ex

189 2575 257 2606 isto
279 2574 446 2606 versiculo
470 2574 593 2606 Lucilii
620 2580 738 2616 patet:
767 2577 776 2593 ‘
796 2575 892 2606 Prae-

191 2618 248 2659 sul*
260 2630 298 2657 ut
315 2624 566 2664 amtruat,iude
581 2629 617 2655 et
630 2626 743 2667 volgu'
760 2626 892 2658 redam-

190 2680 286 2707 truat
301 2674 381 2707 oui:
427 2675 547 2706 Festus
564 2675 613 2705 sic
629 2684 700 2706 rem
715 2677 868 2716 explicat
883 2686 891 2707 ι

190 2728 200 2744 ‘
219 2726 260 2758 Iu
275 2726 440 2758 Saliorum
458 2725 753 2765 exultationibus‚'
771 2726 895 2767 inquit,

187 2776 353 2819 ‘quando
380 2775 506 2817 praesul
534 2776 732 2814 autumavit,
765 2775 798 2806 id
831 2779 897 2814 est,

191 2832 305 2861 motus
320 2826 456 2865 edidit;
480 2825 715 2858 redamtruare
734 2825 898 2857 «licuntur

944 1972 1002 2013 qui
1019 1971 1158 2002 eosdem
1176 1976 1288 2002 motus
1310 1971 1455 2002 invicem
1473 1967 1651 2000 referunt.’

945 2022 998 2052 De
1027 2023 1100 2052 istis
1127 2022 1270 2061 Dionys.
1296 2021 1409 2051 Hauc.
1431 2019 1491 2050 cit.
1510 2018 1649 2049 scribit:

945 2071 999 2103 Ad
1033 2071 1151 2102 tibiam
1180 2071 1308 2102 moveri
1334 2078 1526 2106 numerose,
1555 2073 1651 2100 motu

943 2122 1046 2152 armis
1057 2120 1332 2159 accommodato,
1340 2128 1430 2151 nunc
1439 2119 1651 2158 simul,nunc

945 2172 1107 2207 vicissim,
1131 2172 1261 2213 patrios
1284 2171 1441 2212 Hymnus
1464 2179 1541 2201 cum
1570 2168 1651 2200 cho-

946 2222 1014 2254 reis
1030 2228 1208 2254 canentes,

987 2275 1030 2305 93
1047 2272 1191 2313 Nugari]
1217 2271 1416 2304 Levioribus
1432 2270 1554 2302 studiis
1570 2279 1653 2310 ope-

947 2333 1018 2355 ram
1049 2325 1154 2355 dare:
1198 2324 1299 2355 alibi:
1342 2327 1350 2340 ⁶
1371 2321 1502 2363 Nugari
1533 2321 1652 2352 solitos

947 2374 1098 2408 Graecess

989 2428 1031 2457 94
1056 2425 1095 2456 ln
1125 2425 1239 2457 vitiam
1260 2424 1397 2464 fortuna
1422 2422 1520 2454 labier
1547 2420 1653 2462 aeqna]

947 2475 1095 2516 Egregie
1123 2473 1214 2507 'dixit
1246 2474 1407 2516 quidam:
1443 2475 1452 2489 ‘
1470 2473 1581 2505 Quem
1603 2471 1652 2500 ni-

948 2526 1050 2556 mium
1067 2524 1164 2557 fovet
1189 2526 1354 2563 Fortuna,
1378 2523 1519 2555 stultum
1544 2519 1652 2551 facite

949 2575 1005 2607 Ita
1014 2576 1171 2607 nimirum
1184 2580 1263 2606 sunt
1276 2575 1429 2606 homines
1441 2570 1630 2611 comparati
1644 2580 1653 2601 z

948 2626 1038 2657 inter
1062 2626 1208 2657 adversa
1234 2631 1271 2656 et
1298 2625 1383 2654 dura
1410 2623 1568 2652 virtutem
1597 2630 1654 2652 co-

950 2675 1047 2712 lunt;
1088 2674 1246 2706 secundis
1294 2674 1395 2703 rebus
1435 2676 1655 2702 enervantur.

950 2725 1126 2756 Hannibal
1142 2723 1336 2763 exemplum
1352 2726 1439 2761 esto,
1452 2726 1570 2762 totque
1582 2720 1654 2760 alii,

950 2774 1052 2805 immo
1082 2774 1218 2814 integra
1246 2773 1398 2814 Imperia
1426 2781 1501 2804 eam
1527 2778 1654 2803 cortem

950 2830 1097 2866 experta
1111 2829 1201 2856 sunt.
