1916 3262
382 287 514 333 1232.-
847 302 890 339 Q.
920 298 1123 330 uonmu
1157 300 1326 331 snAcm

383 391 651 443 Manserunt,
670 392 888 444 hodieque
906 394 1088 441 manent,
1107 392 1290 445 vestigia
1307 393 1433 434 ruris.

384 459 516 499 Serus
535 459 647 499 enim
665 458 834 499 Graecis
854 458 1043 498 admovit
1063 460 1263 499 acumina
1281 460 1464 510 chartis3

383 523 441 563 Et
461 528 560 576 post
581 524 747 563 Punica
766 522 880 563 bella
900 523 1085 575 quietus,
1105 536 1295 575 quaerere
1316 524 1453 576 coepit

383 588 504 638 Quid
524 589 760 641 Sophocles
780 590 823 627 et
839 586 1026 640 Thespis
1047 593 1091 628 et
1111 589 1344 641 AEschylus
1364 590 1473 629 utile
1494 588 1659 629 ferrent.

381 651 586 694 Tentavit
605 665 776 705 quoque
795 664 885 692 rem
906 653 945 696 si
963 653 1090 705 digne
1113 656 1274 694 vertere
1293 659 1471 706 posset3

1717 392 1799 434 160

384 765 550 797 etiamnum
563 767 699 806 quaednm
721 765 892 797 rusticitas.
938 766 1021 797 Nam
1050 766 1137 797 tarde
1152 764 1284 797 Romani
1307 765 1465 805 ingenium
1490 767 1631 807 appulere
1645 769 1685 798 ad
1705 767 1799 797 libros

389 806 584 838 Groecorum:
608 811 728 847 postque
749 808 856 838 bellum
885 807 1179 846 Carthaginensium
1193 817 1266 846 pace
1279 806 1421 844 fruentes
1441 809 1626 847 investigare
1645 810 1797 848 coeperunt

384 848 457 886 quid
473 849 542 879 boni
555 849 743 880 continerent
761 849 895 888 Thespis,
911 849 1087 889 AEschylus,
1104 849 1274 888 Sophocles.
1321 850 1405 884 Quin
1415 853 1447 880 et
1461 853 1618 881 tentarunt
1631 859 1671 881 an
1685 849 1802 888 scripta

384 889 505 920 illorum
523 899 580 930 pro
601 890 753 929 dignitate
764 894 886 930 possent
901 890 1070 928 transferre
1094 890 1128 920 in
1145 889 1293 930 Latinum
1305 899 1484 922 sermonem:
1505 894 1534 922 et
1550 892 1726 932 placuerunt
1741 888 1802 921 sibi

973 992 1208 1006 eeeeeeeeeee

385 1049 583 1090 Rntgersius
599 1053 686 1092 conj.
702 1055 734 1083 et
744 1061 840 1091 grave
854 1052 962 1089 virum,-
983 1051 1110 1083 refutat
1121 1051 1338 1082 Reum—161
1355 1049 1580 1082 Schoenborn.
1597 1052 1629 1080 3.
1643 1053 1801 1081 ammovet.

385 1095 490 1123 —162
513 1094 589 1124 Vat.
606 1096 656 1125 14.
682 1104 802 1124 cernere
816 1094 1021 1133 coepit.-—163
1046 1093 1167 1124 Thestis
1180 1097 1210 1124 et
1227 1092 1363 1123 Echinus
1376 1091 1602 1123 Schoenborn.
1617 1093 1649 1122 2.
1683 1091 1803 1121 Ennius

384 1133 609 1165 Schoenborn.
619 1137 650 1165 4.
686 1135 847 1175 AEschylos
861 1136 941 1166 Vat.
956 1136 1051 1166 Rom.
1065 1138 1097 1165 3.
1124 1144 1143 1165 a
1158 1144 1202 1165 m.
1218 1143 1270 1173 pr.
1285 1134 1378 1164 Vatt.
1398 1134 1501 1170 Rom,
1512 1134 1543 1164 4.
1558 1137 1589 1164 5.
1610 1131 1756 1163 Chisinn.
1770 1133 1801 1163 1.

385 1182 404 1203 a
419 1183 461 1205 m.
477 1184 528 1212 pr.
554 1175 601 1206 ita
626 1177 738 1207 Bentl.
759 1185 799 1206 ex
824 1177 922 1207 codd.
939 1176 1017 1207 inde
1032 1176 1127 1217 Traj.
1145 1176 1185 1206 ad
1203 1175 1311 1206 Rhen.
1329 1177 1422 1206 1⁷18.
1448 1174 1588 1212 Cuning.
1603 1177 1640 1203 et
1654 1170 1802 1203 Kidd.—-

388 1218 447 1246 164
470 1215 546 1248 Vat.
563 1219 592 1249 3.
618 1227 731 1257 quoque
743 1218 773 1248 si
795 1218 888 1257 digne
901 1227 975 1248 rem.
1008 1217 1123 1249 Codex
1149 1226 1248 1251 unus.
1258 1217 1449 1251 Pulmanni,
1474 1220 1509 1246 et
1533 1213 1757 1246 Schoenborn.
1771 1214 1803 1243 8.

1023 1298 1165 1330 NOTAE

385 1354 562 1385 verborum
586 1354 686 1386 foetor
697 1365 707 1393 3
717 1354 727 1369 '
755 1358 794 1386 ut
809 1354 922 1386 aiebat
935 1354 1068 1395 Augus·
1119 1354 1272 1384 Pisones.

385 1408 452 1441 tus,
474 1408 560 1435 teste
579 1404 738 1435 Suetonio
753 1408 853 1434 antea
867 1403 926 1435 cit.
943 1403 1066 1434 Octav.
1162 1401 1340 1442 Sophocles]
1354 1401 1388 1432 Is
1404 1400 1618 1432 Atheniensis
1633 1401 1802 1434 exercitus

387 1455 438 1483 86.

429 1502 490 1531 159
511 1500 550 1530 In
565 1501 687 1539 tongum
703 1503 805 1531 tamen
825 1509 921 1531 aevum
941 1501 1068 1531 Manae-

384 1551 469 1583 runt,
495 1548 566 1588 εμπ]
596 1549 660 1579 Diu
685 1549 717 1579 in
744 1549 854 1588 Italia,
881 1558 920 1580 ac
949 1549 1067 1580 Romae

386 1598 486 1628 etiam
503 1597 622 1628 mansit
637 1597 828 1638 inquinatus
845 1592 966 1636 sermo,
992 1607 1068 1637 per-

385 1645 507 1676 mixtus
534 1645 693 1676 videlicet
719 1655 737 1676 e
763 1646 909 1685 pluribus
934 1646 1069 1686 linguis,

385 1694 486 1730 Itala,
499 1693 633 1732 Graeca,
648 1693 748 1733 Osca,
762 1694 920 1734 Phrygia.
963 1694 1069 1724 Semi-

385 1741 488 1779 graeci
503 1746 599 1772 erant
615 1747 684 1772 tum
701 1741 810 1781 poe‘tae
824 1751 898 1772 cum
910 1745 1069 1773 oratores.

386 1789 531 1820 Romani
559 1789 682 1829 passim
711 1789 807 1820 Graii
843 1789 1070 1822 vocabantur:

386 1839 472 1870 adeo
487 1843 524 1869 ut
539 1838 734 1879 indignatus
759 1840 844 1871 Cato
862 1840 1069 1871 exclamave-

386 1888 433 1919 rit
447 1887 480 1918 in
494 1887 633 1927 Senatu,
656 1897 693 1919 se
708 1897 772 1918 non
788 1898 886 1928 posse
900 1887 987 1919 ferre
1004 1898 1072 1919 am-

386 1936 474 1976 plius
489 1936 719 1967 Graecanicam
736 1936 864 1967 urbem.
908 1937 1015 1967 Varro
1028 1936 1070 1967 de

387 1984 485 2023 Ling.
500 1984 575 2014 Lat.
593 1993 642 2014 vr.
676 1985 817 2023 Dionys.
832 1984 866 2015 H
870 1985 943 2016 alic.
957 1985 989 2015 in
1004 1984 1071 2015 fine

387 2032 444 2063 lib.
473 2041 498 2063 1.
521 2032 676 2064 Juvenal.
703 2032 774 2062 Sat.
800 2041 856 2063 111.
881 2035 933 2063 60.
967 2032 977 2048 ‘
995 2033 1072 2064 Non

387 2090 520 2121 possum
543 2079 633 2111 ferre
655 2080 815 2120 Quirites,
839 2080 992 2111 Graecam
1018 2090 1072 2112 ur-

386 2128 491 2166 bem‚'
502 2130 565 2159 &c.

431 2179 492 2208 162
515 2177 595 2208 Post
607 2177 728 2208 Punica
741 2177 832 2216 bella]
855 2177 980 2209 Saltem
995 2183 1071 2219 post

387 2226 531 2266 primum
555 2225 677 2256 bellum
707 2225 882 2257 Punicum.
932 2227 1072 2258 Porcius

389 2274 536 2305 Licinius
549 2284 559 2304 z
575 2274 585 2291 ‘
598 2274 728 2305 Punico
743 2274 828 2305 bello
838 2275 985 2307 secundo
996 2276 1072 2306 Mu-

389 2332 426 2353 sa
450 2326 597 2362 penuato
620 2323 723 2362 gradu
739 2323 860 2355 Intulit
875 2333 911 2355 se
927 2325 962 2355 in
977 2324 1072 2356 belli-

389 2380 501 2402 cosam
517 2372 650 2403 Romuli
666 2376 799 2412 gentem
814 2372 942 2403 feram!

433 2422 493 2451 163
529 2421 702 2460 Sophocles,
733 2421 869 2461 Thespis,
899 2421 1075 2461 AEschylus]

390 2468 439 2500 Hi
465 2474 532 2500 tres
556 2470 645 2509 apud
666 2469 806 2500 Graecos
829 2470 946 2509 tragici
962 2469 1071 2509 poe'tae

389 2518 534 2559 insignes
550 2516 654 2549 fuere.
690 2518 797 2549 Annis
813 2523 890 2549 ante
906 2519 1071 2550 Christum

391 2568 466 2606 plus
499 2567 665 2598 sexcentis
697 2567 905 2607 Tragoediam
933 2567 1073 2607 Thespis

392 2616 531 2655 invenit,
558 2616 731 2655 AEschylus
768 2621 843 2657 post
868 2626 971 2648 annos
1000 2617 1071 2649 fere

393 2668 525 2694 centum
540 2665 713 2704 expolivit,
728 2665 872 2706 denique
889 2666 1072 2706 Sophocles

393 2711 476 2741 mire
490 2711 646 2753 perfecit,
662 2713 817 2753 AEscbylo
825 2715 897 2755 jam
910 2724 999 2747 sene.
1016 2716 1071 2746 De

393 2759 517 2801 Thespi
532 2764 567 2791 et
581 2761 735 2801 AEschylo
751 2764 845 2803 plura
859 2763 892 2795 in
909 2764 1016 2804 Epist.
1029 2765 1071 2796 ad

1120 1450 1187 1482 dux
1215 1450 1413 1481 fortissimus
1441 1459 1515 1481 cum
1541 1450 1687 1488 Pericle,
1712 1450 1803 1482 idem

1120 1503 1155 1530 et
1170 1499 1436 1530 accuratissimus
1450 1499 1596 1539 scriptor
1609 1499 1803 1538 Tragoedia-

1120 1558 1191 1578 rum
1208 1551 1279 1579 120.
1296 1552 1334 1578 ut
1348 1548 1459 1578 aiunt:
1483 1556 1671 1588 quanquam
1697 1555 1739 1578 ex
1761 1547 1802 1578 iis

1118 1597 1275 1628 habemus
1290 1596 1487 1636 superstites
1509 1595 1712 1627 solummodo
1727 1605 1804 1636 sep·

1119 1650 1209 1684 tem;
1231 1649 1362 1676 ceteras
1385 1649 1497 1675 autem
1513 1644 1606 1675 nobis
1621 1644 1738 1676 invidit
1754 1645 1804 1675 in·

1113 1694 1206 1734 juria
1222 1698 1420 1734 temporum.
1463 1693 1579 1725 Annos
1603 1693 1686 1725 vixit
1699 1703 1803 1725 nona-

1120 1743 1214 1782 ginta
1231 1743 1388 1782 quinque.
1432 1741 1559 1772 Eodem
1576 1746 1727 1782 tempore
1742 1741 1803 1773 flo-

1119 1791 1188 1821 ruit
1211 1800 1276 1831 quo
1299 1790 1458 1820 Socrates
1483 1793 1517 1819 et
1543 1789 1803 1829 Aristophanes:

1119 1840 1191 1879 apis
1209 1840 1319 1870 dictus
1341 1839 1383 1870 ob
1405 1838 1603 1869 suavitatem
1619 1839 1802 1873 orationis:

1123 1893 1177 1919 ter
1205 1893 1240 1919 et
1265 1888 1366 1919 vicies
1389 1888 1532 1928 palmam
1551 1886 1703 1928 adeptus.
1744 1887 1805 1918 So-

1123 1937 1256 1977 phocles
1274 1937 1438 1967 Homerus
1460 1935 1616 1976 tragicus,
1640 1935 1805 1967 Homerus

1123 1989 1235 2015 autem
1248 1985 1430 2024 Sophocles
1445 1985 1559 2024 epicus
1582 1994 1602 2015 a
1623 1984 1804 2015 Polemone

1124 2033 1394 2072 nuncupabatur,
1420 2036 1507 2062 teste
1530 2032 1683 2071 Diogene
1708 2032 1805 2063 Lae'r-

1123 2082 1171 2113 tio
1186 2082 1244 2113 lib.
1260 2091 1309 2112 ιν.
1362 2081 1448 2112 Vide
1468 2081 1543 2111 Val.
1567 2081 1660 2111 Max.
1678 2089 1756 2112 vul.
1771 2084 1802 2111 7.

1124 2135 1161 2162 et
1176 2139 1224 2161 ix.
1242 2132 1293 2162 12.

1167 2182 1227 2210 164
1251 2178 1392 2209 Tentavit
1407 2186 1532 2217 quoque,
1546 2177 1613 2216 εμπ]
1649 2177 1803 2217 Tragico-

1125 2238 1194 2260 rum
1209 2229 1346 2259 istorum
1371 2227 1516 2258 lectione
1540 2226 1699 2257 delectati
1714 2236 1804 2266 quae-

1123 2277 1200 2308 dam
1229 2286 1271 2307 ex
1294 2275 1360 2307 illis
1385 2275 1419 2305 in
1445 2274 1599 2305 Latinum
1620 2283 1803 2306 sermonem

1124 2330 1258 2357 vertere
1273 2324 1420 2364 aggressi
1436 2326 1523 2353 sunt.
1552 2323 1641 2355 Quin
1657 2323 1803 2362 integras

1124 2376 1224 2406 etiam
1245 2374 1437 2414 Tragoedias
1460 2373 1655 2404 Graecorum
1676 2372 1804 2405 Latini-

1124 2429 1193 2455 tate
1219 2423 1358 2454 donatas
1380 2422 1413 2452 in
1439 2430 1570 2452 scenam
1593 2420 1718 2452 dedere
1739 2421 1805 2453 Ac-

1124 2474 1206 2512 cius,
1232 2472 1400 2506 Caecilius,
1430 2470 1610 2507 Pacuvius,
1638 2470 1801 2509 Naevius;

1124 2530 1261 2561 quarum
1288 2523 1466 2560 supersunt
1481 2519 1662 2550 etiamnum
1676 2519 1804 2560 aliquot

1124 2570 1338 2608 Fragmenta.

1167 2618 1247 2648 Rem
1260 2618 1351 2657 digne
1363 2616 1494 2656 vertere]
1528 2616 1722 2648 Graecorum
1739 2616 1803 2648 vim

1125 2669 1275 2708 altosque
1299 2665 1483 2706 Tragoediae
1505 2665 1639 2705 spiritus
1662 2665 1804 2706 assequi,

1125 2722 1160 2749 et
1176 2716 1295 2749 Latino
1310 2723 1461 2748 sermone
1479 2714 1636 2745 aemulari.
