1904 3216
390 292 496 334 1650

430 396 470 424 19
492 394 630 432 Pugnat,
643 391 690 422 uti
705 388 778 429 non]
800 389 920 421 Verbis
947 388 1067 420 acerbe

388 441 569 472 contendit.
861 453 864 456 ,

428 493 469 521 20
493 487 699 527 compositus]
723 487 872 526 Optimae
888 490 976 517 notae
990 486 1067 517 libri

386 540 571 578 complures
589 536 792 576 Compositum
813 535 954 566 liabent:
980 535 1066 576 qnod

385 586 525 627 quadam
541 585 699 625 loquendi
721 584 868 615 novitate
891 585 1066 615 Lectorem

386 634 525 668 excitat,
558 634 699 674 ideoque
735 633 813 664 mihi
839 632 971 673 quidem
998 642 1067 663 ma-

384 684 432 722 gis
459 683 595 713 arridet.
655 683 799 722 Elegans
846 687 954 712 autem
993 691 1065 712 ver·

383 731 462 762 bum
477 735 486 749 ‘
505 730 725 771 componere,'
743 729 1014 770 quemadmodum
1030 734 1064 760 et

383 781 393 797 ‘
413 772 644 810 committere?
695 779 794 809 Unde
819 779 1063 809 commissiones

384 828 617 868 gladiatorum,
627 828 786 868 pugilum,
793 827 972 867 rhetorum,
982 829 1064 859 Poe'-

383 882 504 908 tarum.
544 877 685 907 Torreut.
731 876 920 915 Compositus
943 876 1064 915 melius]

381 926 424 956 In
440 930 610 956 certamen
626 933 870 964 congressurus.
915 926 992 955 Cum
1007 925 1064 955 Bi-

382 974 432 1004 tho
462 972 631 1011 Bacchius]
675 972 794 1002 Bittius
830 976 865 1002 et
900 973 1065 1003 Bacchius

381 1025 477 1052 erant
501 1031 561 1061 par
587 1020 830 1051 Gladiatorum.
875 1021 914 1051 In
925 1021 980 1059 jus
994 1031 1062 1061 pro-

380 1069 524 1109 currunt]
545 1069 660 1101 Codex
683 1069 806 1100 Bland.
823 1070 1064 1101 vetustissimus

381 1118 484 1149 habet
516 1119 605 1148 Intus
632 1121 824 1157 procurrunt,
848 1119 902 1148 cui
923 1118 1064 1150 subscri-

379 1167 525 1198 bendum
540 1176 659 1198 censeo
673 1177 680 1197 :
704 1171 780 1206 post
793 1167 911 1198 multas
923 1177 1064 1208 namque

380 1217 470 1248 inter
490 1225 525 1247 se
543 1216 770 1254 contumeliaS,
785 1219 860 1255 post
872 1215 974 1246 multa
989 1225 1065 1247 con·

381 1265 466 1296 vicia
490 1270 525 1295 et
542 1265 731 1299 maledicta,
757 1264 1002 1304 procurrebant
1017 1263 1066 1296 fo-

381 1323 435 1345 ras
451 1313 698 1345 inconventum
723 1313 887 1343 sociorum
913 1313 954 1343 ad
980 1313 1065 1344 Bru-

382 1366 465 1400 tum,
482 1367 520 1393 ut
542 1362 570 1392 is
585 1371 685 1392 causa
711 1361 859 1401 cognita,
870 1361 962 1392 litem
987 1361 1065 1391 diri-

380 1415 500 1448 meret,
537 1419 661 1450 eosque
695 1413 922 1449 componeret.

382 1463 495 1489 autem
514 1467 703 1497 procurrere,
733 1462 785 1487 est
812 1457 854 1488 de
882 1458 953 1488 loco
979 1458 1064 1488 inte-

380 1508 466 1540 riore
488 1513 524 1539 et
546 1517 680 1539 secessu
706 1508 814 1547 aliquo
837 1507 868 1537 in
892 1507 1063 1546 publicum

380 1557 524 1597 prodire.
552 1557 643 1596 Cruq.

419 1607 459 1636 21
477 1604 684 1643 Procurrunt]
699 1604 855 1644 Quinque
870 1604 969 1635 codd.
980 1605 1062 1635 Mss-

379 1658 563 1685 concurrunt
570 1663 582 1689 ;
609 1652 695 1692 quod
727 1661 829 1691 qnare
856 1652 1064 1683 damnaverit

380 1701 496 1732 Lamb.
517 1705 554 1731 ut
576 1699 824 1740 supposititium
850 1703 884 1729 et
907 1699 1064 1730 adulteri-

381 1759 473 1790 num,
490 1749 616 1780 nescio.
660 1749 859 1783 Concurrere,
879 1757 953 1778 meo
971 1748 1064 1788 judi-

380 1800 445 1839 cio,
468 1799 578 1829 duello
606 1798 716 1837 aptius
753 1802 818 1827 est.
861 1796 940 1828 Vid.
971 1797 1063 1830 Guil.

379 1849 516 1880 Canter.
533 1847 658 1879 Novar.
673 1848 767 1879 Lect.
782 1855 834 1877 1v.
850 1848 900 1877 12.
925 1846 1063 1879 Torrent.

379 1897 586 1937 Procurrunt]
629 1896 775 1927 Currunt
816 1896 848 1926 iu
884 1895 1063 1935 publicum.

379 1944 607 1986 Spectaculum]
632 1944 868 1984 Spectaculum
892 1945 1014 1975 theatri
1029 1948 1063 1976 et

375 1994 508 2033 judicii.

419 2045 461 2074 22
486 2044 630 2083 Causam]
655 2044 795 2075 Causam
807 2051 910 2073 suam.

421 2093 461 2120 23
488 2090 662 2130 Cohortem]
684 2090 831 2130 Antiqua
843 2091 944 2121 lectio
958 2090 1061 2120 choor-

378 2141 451 2177 tem,
460 2138 545 2168 utin
562 2138 670 2168 veteri
682 2138 819 2168 denario
830 2137 990 2167 Antonini
1007 2146 1061 2167 ιιι.

380 2186 439 2217 viri
455 2195 605 2218 cnon'ris
619 2194 909 2217 specum'ronum.
938 2186 1061 2216 Cohor-

379 2239 446 2267 tem
463 2240 574 2267 autem
596 2235 694 2266 Bruti
717 2235 874 2266 comitum
898 2234 1059 2273 intelligo.

379 2284 454 2318 Vel,
475 2287 514 2314 ut
530 2283 695 2323 Cruquius
718 2283 800 2319 vult,
825 2291 898 2322 quae
925 2282 1061 2312 Consuli

379 2337 437 2362 aut
453 2330 589 2371 praetori
609 2331 642 2362 in
659 2330 830 2370 provincia
844 2333 917 2360 erat
933 2339 993 2370 pro
1009 2339 1060 2361 sa-

379 2379 500 2411 tellitio
515 2383 550 2410 et
560 2378 733 2410 comitatu.
759 2379 901 2410 Torrent-

419 2432 460 2460 26
485 2428 632 2468 Comites]
654 2427 799 2459 Comites
811 2427 921 2458 Bruti.
945 2428 1060 2467 Excep-

379 2483 410 2510 to
438 2478 536 2518 Rege]
561 2479 695 2509 Praeter
724 2476 894 2517 RupilIum
922 2477 1060 2516 Regem.

381 2529 494 2558 Canem
511 2525 612 2564 illum]
635 2525 801 2557 Acerbius
825 2525 890 2556 erit
904 2525 1059 2556 maledic-

379 2581 461 2615 tum,
487 2575 514 2606 si
538 2584 642 2605 canem
656 2574 805 2614 appellet
820 2573 983 2604 hominem
1000 2573 1058 2604 im-

380 2626 572 2664 pudentem,
600 2629 711 2664 atque,
734 2627 772 2653 ut
802 2623 916 2661 Cynici
939 2623 1058 2659 solent,

380 2673 536 2703 conviciis
562 2672 798 2708 oblatrantem,
813 2670 932 2701 deinde
958 2670 1057 2701 talem

380 2729 494 2750 canem
516 2721 686 2760 pestilenti
714 2721 802 2750 canis
830 2724 919 2750 astro
946 2719 1058 2750 confe-

382 2771 453 2798 rat:
478 2767 519 2797 de
540 2778 602 2807 quo
626 2769 732 2799 Poeta
748 2767 874 2799 AEueid.
891 2776 925 2799 x.
970 2769 979 2785 ‘
995 2767 1057 2799 Ille

841 299 980 330 NOTAE
1011 298 1069 328 VA
1080 297 1269 330 RIORUM
1301 297 1352 328 ΙΝ

1117 388 1206 420 sitim
1234 389 1428 428 morbosque
1457 387 1568 419 ferens
1602 386 1793 420 mortalibus

1117 439 1224 478 aegris,
1254 438 1425 478 Nascitur,
1451 440 1485 467 et
1508 437 1591 467 laevo
1618 436 1794 468 contristat

1115 487 1223 519 sidere
1250 487 1393 519 coelum!
1432 487 1570 518 Tor-rent.
1617 487 1730 518 Canem
1756 488 1794 518 il-

1115 536 1191 576 lum]
1227 537 1418 568 Caniculam
1447 536 1660 576 pestiferam;
1695 536 1794 576 sydus

1115 585 1283 616 horribile.

1156 635 1198 664 26
1220 634 1355 672 Ruebat]
1376 633 1570 664 Inconsulte
1585 631 1731 664 dicebat.

1156 685 1196 714 2⁷
1219 683 1346 714 Flumen
1373 686 1407 713 ut
1435 681 1609 721 hibernum]
1636 681 1793 712 Graecum

1114 731 1279 771 expressit
1310 732 1505 762 vocabulum
1530 729 1708 770 χειμάρῥους
1735 739 1795 762 seu

1113 779 1285 820 χείμαῤῥος,
1321 780 1407 821 quod
1436 780 1544 810 hieme
1576 788 1640 810 non
1677 782 1793 810 aestate

1113 827 1197 860 fluit.
1241 830 1310 860 Nos
1324 833 1487 860 torrentem
1499 828 1652 859 dicimus.
1681 827 1793 868 Atque

1113 879 1158 908 ita
1173 879 1215 908 de
1230 879 1375 909 Pindaro
1391 887 1439 908 iv.
1463 878 1529 909 Od.
1545 881 1576 908 2.
1611 877 1698 907 Vide
1710 877 1792 908 Tur·

1113 927 1189 958 neb.
1219 936 1260 957 11.
1289 929 1317 957 1.
1355 928 1441 956 Torr.
1487 927 1600 957 Fertur
1624 935 1681 965 quo
1705 925 1792 964 rara]

1114 977 1187 1008 Quo
1202 975 1375 1006 frondator
1392 985 1466 1006 raro
1481 976 1655 1016 pertingit,
1678 980 1715 1007 ut
1732 975 1793 1016 lig-

1114 1033 1156 1054 na
1171 1024 1291 1055 caedat.
1440 1050 1442 1053 ,

1155 1075 1196 1102 28
1218 1073 1293 1103 Tum
1307 1071 1515 1102 Praeneetinus
1526 1071 1605 1101 salso
1613 1072 1796 1111 multumque

1105 1120 1236 1161 fluenti]
1257 1120 1298 1151 In
1318 1120 1398 1151 Mss.
1421 1114 1666 1159 exemplaribus
1680 1120 1795 1151 melio-

1115 1169 1160 1199 ris
1189 1173 1290 1207 notae,
1315 1169 1463 1208 multoque
1483 1168 1614 1208 fluente.
1654 1166 1735 1203 Aut,
1756 1171 1795 1199 ut

1114 1222 1208 1249 notat
1249 1218 1299 1248 vir
1341 1217 1552 1250 doctissimus
1586 1217 1796 1259 Torrentius,

1105 1266 1233 1307 fluenti.
1289 1267 1318 1298 E
1341 1276 1404 1308 qua
1429 1267 1497 1298 sola
1523 1267 1689 1307 scriptura
1715 1274 1794 1297 vera

1114 1317 1214 1348 lectio
1240 1323 1293 1348 est
1313 1317 1480 1356 eruenda3
1501 1326 1574 1358 quae
1595 1320 1662 1356 est,
1680 1320 1794 1348 musto-

1113 1375 1187 1404 que:
1215 1365 1290 1396 Tum
1309 1365 1523 1396 Praenestinus
1546 1366 1622 1396 salso
1640 1369 1795 1406 mustoque

976 1410 1067 1440 Intus
1103 1413 1220 1453 fluenti
1236 1415 1392 1454 Expressa
1414 1414 1536 1445 arbusto
1559 1415 1674 1454 regerit
1692 1415 1793 1446 conviz

1113 1462 1168 1492 tia.
1203 1463 1295 1493 Nihil
1319 1467 1371 1493 est
1401 1463 1532 1494 certius.
1577 1462 1733 1503 Optimus
1757 1467 1793 1494 et

1112 1510 1353 1541 eruditissimus
1381 1511 1431 1542 sni
1466 1511 1580 1542 saeculi
1616 1511 1791 1542 Turnebus

1113 1562 1259 1588 mentem
1283 1558 1400 1589 Poetae
1427 1558 1532 1589 vidit:
1557 1567 1668 1589 veram
1688 1559 1792 1598 scrip-

1112 1609 1217 1636 turam
1234 1615 1300 1637 non
1323 1606 1416 1639 vidit.
1460 1607 1698 1647 Interpretatio
1714 1608 1792 1646 alb-

1114 1654 1215 1692 goriae
1251 1655 1400 1694 sequitur
1436 1661 1567 1695 postea,
1606 1660 1642 1687 et
1680 1666 1792 1692 causa,

1112 1702 1122 1718 ‘
1136 1702 1251 1732 Durus
1294 1703 1522 1734 vindemiator
1557 1708 1592 1735 et
1627 1704 1791 1736 invictus?

1115 1749 1226 1781 Quare
1241 1759 1324 1781 cave
1337 1750 1378 1783 de
1393 1751 1456 1782 hac
1471 1751 1618 1783 lectione
1639 1752 1791 1784 dubites:

1115 1807 1187 1839 quae
1211 1802 1246 1830 et
1269 1799 1420 1831 codicum
1443 1800 1646 1831 authoritate
1661 1804 1696 1832 et
1721 1801 1793 1840 ipsa

1115 1848 1242 1880 ratione
1257 1849 1386 1882 nititur.
1429 1849 1473 1880 Et
1485 1848 1632 1880 fortassis
1651 1849 1794 1881 ebrieta-

1114 1902 1182 1928 tem
1198 1897 1306 1929 innuit
1320 1898 1445 1938 Rupilii
1462 1902 1499 1928 et
1513 1897 1589 1929 vino
1603 1897 1792 1938 depositum

1113 1944 1215 1977 fuisse
1238 1946 1422 1988 significat;
1443 1946 1478 1977 id
1499 1946 1587 1988 quod
1612 1947 1794 1979 vindemia-

1114 1995 1253 2032 toribus,
1265 2005 1340 2027 cum
1361 1995 1479 2036 quibus
1498 2005 1572 2027 euru
1587 1995 1729 2035 confert,
1742 2005 1792 2027 so-

1112 2043 1159 2074 let
1184 2045 1326 2075 evenire.
1361 2044 1521 2076 Heinsius.
1572 2045 1790 2084 Praemium,

1111 2091 1179 2130 lfa]
1202 2093 1353 2132 Rupilius
1375 2093 1460 2132 Rex,
1485 2093 1658 2124 Praeneste
1682 2097 1790 2123 natus.

1111 2140 1303 2179 Multumque
1321 2140 1436 2180 fluenti
1463 2140 1621 2178 Expressa
1651 2140 1790 2179 arbusto]

1111 2187 1222 2227 Bene3
1239 2197 1315 2219 nam
1330 2188 1372 2218 de
1385 2187 1621 2218 vindemiatore
1634 2187 1791 2229 loquitur,

1110 2236 1165 2276 qui
1181 2236 1284 2267 veluti
1301 2235 1442 2267 decussa
1453 2245 1495 2266 ex
1508 2235 1626 2267 arbore
1636 2237 1669 2267 in
1681 2237 1789 2268 viato-

1111 2293 1181 2315 rem
1195 2285 1346 2315 couvicia
1360 2287 1542 2324 regei-eret,
1557 2284 1599 2315 ob
1623 2289 1790 2324 gustatam

1111 2332 1309 2364 vindemiam
1341 2333 1464 2373 largius
1499 2337 1534 2364 et
1566 2333 1638 2374 ipse
1671 2333 1790 2366 fluens.

1113 2381 1250 2411 Torrent.

1151 2431 1192 2459 29
1217 2430 1368 2469 Expressa
1391 2429 1527 2470 arbusto]
1558 2429 1710 2461 Convitia
1733 2431 1790 2462 de-

1110 2482 1266 2517 prompta
1288 2487 1329 2509 ex
1355 2482 1490 2518 pectore
1513 2478 1660 2509 mordaci
1675 2484 1710 2510 et
1734 2489 1790 2510 co-

1111 2527 1214 2566 pioso.
1260 2527 1390 2566 Regerit
1417 2525 1563 2566 convitia]
1594 2527 1790 2568 Retorquet.

1111 2576 1233 2616 Durus]
1257 2576 1304 2607 Ut
1319 2576 1420 2607 durus
1433 2576 1566 2607 vinitor.

1149 2627 1188 2654 30
1217 2624 1339 2664 Viator]
1359 2623 1478 2655 Viator
1491 2624 1582 2663 prius
1595 2623 1637 2654 de
1653 2624 1705 2655 via
1718 2625 1790 2655 vin-

1109 2672 1283 2703 demiatori
1295 2672 1508 2710 convitiatus,
1519 2677 1654 2703 coactus
1669 2678 1720 2704 est
1734 2683 1787 2703 ce-

1109 2721 1198 2753 dere.
1241 2721 1335 2760 [Vat.
1349 2720 1458 2751 Palat.
1471 2723 1503 2750 6.
1517 2723 1548 2750 et
1561 2720 1702 2760 invicto]

1150 2773 1184 2799 31
1225 2768 1396 2808 Cucullum]
1429 2769 1518 2800 Nihil
1550 2775 1684 2800 necesse
1711 2773 1782 2798 erat
