1982 3230
604 319 959 351 EPlSTOLARUM
996 320 1091 350 mn.
1123 319 1155 349 1.
1186 308 1255 351 18.
1544 306 1655 350 1181

204 409 450 464 Lacryma3
479 422 557 464 per
578 413 777 452 sanctum
792 410 966 465 juratus
986 409 1109 451 dicat
1129 409 1290 458 Osirin,
1601 409 1658 450 60

203 478 394 528 Credite,
415 490 502 520 non
522 477 631 520 ludo
650 490 662 529 ;
694 476 914 527 crudeles,
935 477 1074 518 tollite
1096 477 1321 519 claudum:

203 544 368 596 Quaere
387 546 680 599 peregrinum,
703 544 866 587 vicinia
886 557 1020 586 rauca
1041 545 1267 587 reclamat.

203 656 362 687 dulentum
384 659 479 697 rupta
503 655 594 698 tibia,
609 655 750 697 quamvis
769 655 961 687 abundantes
973 654 1077 696 fletus
1101 654 1240 694 emittat,
1265 659 1296 686 et
1311 665 1434 686 sacrum
1453 655 1572 687 Osirim
1586 665 1657 686 con-

202 701 336 729 testatus
349 698 461 730 clamet
474 709 485 729 .·
510 699 618 730 Fidem
633 698 763 730 habete.-
784 699 911 730 minime
917 698 1026 737 jocor.-
1050 708 1068 728 o
1083 697 1246 730 inhumani
1260 698 1392 730 debilem
1407 698 1533 738 erigite.
1571 698 1659 729 Huic

201 741 284 772 enim
295 741 393 772 vicini
404 745 530 773 stremoe
545 743 728 782 respondent
741 752 752 773 .·
779 742 865 774 Heus
875 741 1214 783 peregrinum-invoca.

812 837 1048 850 eeeeeeeeeeee

198 901 335 942 plurima
349 905 556 934 manau—60
573 902 693 934 Osirim
708 902 806 934 Harl.
823 905 855 934 2.
870 905 902 934 3.
917 905 949 934 4.
962 905 995 934 6.
1010 905 1043 934 7.
1072 902 1304 934 Schoenborn.
1321 905 1353 934 3.
1368 906 1400 935 4.
1416 902 1541 945 aliique
1558 904 1660 935 codd.

201 949 238 976 et
253 944 419 976 edd.—61
444 945 525 977 vat.
542 946 638 977 Rutu.
653 949 684 977 9.
707 945 825 977 credite
839 946 1082 977 claudum—62
1107 945 1185 977 Nic.
1204 945 1369 977 Heinsius
1392 946 1480 987 conj.
1502 956 1596 978 rauca
1611 958 1660 978 re-

199 987 348 1019 clamant.
393 987 520 1019 Markl.
537 988 645 1028 Epist.
658 988 743 1020 Crit.
761 999 792 1029 p.
807 991 878 1020 135.
893 992 986 1020 cauta
1000 989 1158 1020 reclamet.
1191 990 1201 1006 ‘
1220 989 1409 1028 Audacter,
1423 994 1458 1020 et
1474 989 1598 1022 inscite
1615 990 1659 1022 de

201 1039 308 1069 more,
318 1030 397 1061 dum
411 1029 584 1071 frigidam,
597 1041 638 1062 ac
653 1032 813 1062 insulsam
831 1041 948 1062 vocem
963 1031 1140 1063 substituit
1158 1034 1319 1072 propriae,
1334 1037 1369 1063 et
1381 1031 1424 1063 ad
1438 1041 1509 1063 rem
1522 1033 1660 1073 elegan-

201 1073 356 1111 tissimae,
371 1074 398 1104 si
415 1074 493 1115 quid
508 1074 552 1104 sit
575 1074 585 1091 ‘
603 1083 724 1106 raucus
737 1074 745 1087 ’
762 1075 836 1114 ipse
852 1073 1034 1115 intelligit3
1057 1078 1094 1106 et
1110 1084 1217 1116 quare
1231 1075 1274 1106 ad
1292 1075 1483 1106 irrisionem
1502 1075 1661 1107 adhibea-

201 1120 277 1147 tur:
302 1125 424 1157 nempe
452 1116 623 1148 indicatur
646 1127 749 1148 sonus
775 1117 830 1149 ille
858 1127 958 1158 asper
985 1117 1090 1156 vocis,
1107 1117 1163 1158 qui
1181 1122 1220 1149 ut
1241 1118 1421 1157 plurimum
1437 1127 1456 1148 a
1472 1108 1661 1151 {raucedine

202 1161 382 1198 provenit:
408 1159 473 1197 vel,
489 1164 525 1191 ut
540 1160 588 1191 ait
604 1160 745 1191 Festus:
763 1160 772 1178 ‘
787 1161 914 1192 Raram
932 1170 1052 1191 vocem
1066 1159 1262 1200 significare
1280 1162 1328 1192 ait
1341 1161 1496 1198 Verrius,
1508 1171 1661 1201 raucam,

201 1205 237 1231 et
253 1211 369 1240 parum
389 1201 563 1243 liquidam,
578 1203 732 1243 proxime
747 1212 871 1234 canum
887 1204 1070 1234 latratum:
1089 1203 1178 1234 unde
1193 1204 1295 1234 etiam
1310 1203 1520 1235 canssidicus
1536 1213 1664 1244 pugua-

201 1242 289 1274 citer
304 1244 445 1285 loquens
461 1245 581 1276 rabula
597 1244 861 1286 appellabatur-‚⁹
907 1246 1000 1277 Hinc
1014 1246 1192 1277 claudian.
1209 1255 1250 1277 u.
1267 1247 1301 1278 in
1320 1247 1464 1287 Eutrop.
1479 1249 1555 1278 370.
1570 1257 1664 1289 seqq.

202 1285 365 1326 Propert.
384 1295 438 1318 ιιι.
454 1290 504 1319 15.
520 1290 574 1320 36.
598 1289 697 1326 Virg.
725 1289 796 1320 Ecl.
826 1297 869 1320 ιι.
894 1291 946 1319 12.
982 1287 1085 1328 Apul.
1103 1297 1128 1320 1.
1146 1288 1234 1320 Met.
1251 1299 1284 1330 p.
1300 1292 1332 1321 7.
1356 1289 1412 1321 ed.
1428 1289 1521 1321 Prie.
1547 1288 1602 1323 Cf.
1619 1299 1660 1321 11.
1700 1309 1702 1311 v

203 1328 272 1360 od.
286 1331 338 1360 14.
355 1331 407 1360 14.
423 1335 459 1361 et
474 1339 500 1361 ι.
515 1331 586 1362 Sat.
599 1334 630 1363 4.
646 1330 712 1362 66:
736 1331 814 1363 Fea.
858 1331 1002 1361 reclamet
1019 1331 1166 1362 Cliniam,
1183 1334 1214 1361 5.

860 1413 890 1446 N
898 1413 1003 1446 O'rAE

242 1481 286 1511 60
324 1478 450 1520 Osirin]
485 1479 720 1521 AEgyptiorum
767 1478 900 1510 Deum:
1000 1481 1043 1510 62
1068 1479 1182 1516 Quaere
1203 1481 1422 1522 peregrinum]
1446 1482 1575 1516 Quaere
1603 1483 1661 1516 llo-

198 1532 258 1574 qni
274 1530 330 1562 hic
341 1530 904 1572 praecipuenominatur,seuqiiod
958 1529 1082 1562 minem
1107 1531 1317 1572 imperitum,
1340 1533 1398 1574 qui
1422 1534 1556 1565 nesciat
1571 1532 1663 1565 frau-

201 1583 324 1623 planus
349 1582 414 1613 iste
440 1581 594 1614 indicare
621 1582 727 1614 vellet
751 1582 794 1613 ab
825 1581 904 1613 Osi·
958 1579 1020 1611 des
1038 1586 1114 1612 tuas
1130 1586 1166 1612 et
1182 1581 1371 1621 illusiones,
1387 1586 1425 1613 ut
1441 1582 1473 1613 ei
1489 1583 1662 1624 imponas3
1704 1586 1708 1588 ’

201 1633 274 1664 ride
302 1632 391 1664 irato
427 1632 612 1663 immissum
649 1632 711 1664 sibi
743 1631 904 1663 crurifra·
958 1630 1055 1662 nobis
1069 1631 1157 1662 enim
1167 1632 1240 1673 jam
1256 1632 1430 1674 perspecti
1447 1638 1527 1665 sunt
1540 1633 1610 1665 doli
1626 1641 1663 1666 et

201 1683 316 1724 gium;
344 1693 403 1714 seu
433 1682 548 1724 potius
574 1683 651 1723 quia
677 1682 786 1714 Osiris
810 1683 905 1714 velut
953 1682 1026 1724 joci
1044 1683 1106 1715 tui.

200 1733 289 1765 alter
320 1732 532 1774 AEsculapius
565 1733 768 1765 credebatur
803 1734 903 1774 aegris
1003 1732 1130 1775 Rauca]
1156 1733 1236 1765 Prae
1260 1733 1329 1765 alta
1358 1734 1603 1767 vociferatione
1626 1740 1662 1768 et

200 1781 344 1818 mederi.
388 1783 478 1814 Vide
494 1783 672 1815 Plutarch.
687 1784 728 1815 de
752 1783 845 1815 Iside
868 1788 905 1814 et
959 1783 1168 1815 reclamandi
1183 1785 1415 1817 contentione.

202 1832 356 1870 Osiride,
371 1834 517 1866 Diodor.
535 1834 605 1866 Sic.
617 1836 682 1866 διο.

658 1960 976 2003 EPlSTOLA
1007 1961 1204 2007 XVIII.

753 2065 820 2093 AD
857 2061 1099 2094 LOLLlUM.

201 2139 243 2173 In
263 2139 408 2172 eandem
423 2140 615 2174 materiam.
660 2140 844 2172 Vitandam
868 2150 942 2172 esse
964 2140 1186 2181 asperitatem
1205 2141 1237 2178 iu
1261 2141 1492 2174 assectatione
1508 2142 1662 2176 divitum.

244 2194 348 2226 Baxt.
393 2193 502 2225 Plane
519 2203 623 2226 aurea
639 2200 815 2235 praecepta
831 2193 886 2226 hic
906 2194 1012 2225 Lollio
1026 2194 1238 2227 adolescenti
1254 2195 1449 2234 traduntur,
1464 2196 1587 2238 quibus
1605 2198 1662 2228 ille

245 2247 348 2278 vitam
367 2252 462 2278 recte
479 2247 656 2280 instituere
673 2248 792 2290 possit,
808 2252 846 2279 ut
870 2247 1080 2289 principibus
1104 2249 1241 2289 placeat
1267 2258 1452 2290 eorumque
1476 2250 1662 2281 amicitiam

245 2299 388 2332 honeste
405 2305 542 2332 tueatur
557 2311 599 2333 ac
620 2307 811 2333 conservet.
856 2301 1009 2333 Primum
1031 2301 1098 2333 duo
1115 2302 1198 2333 vitia
1220 2308 1376 2334 extrema
1393 2313 1501 2345 eaque
1528 2307 1660 2335 contra-

245 2353 309 2395 ria,
323 2354 416 2385 inter
437 2364 512 2395 quae
529 2354 634 2386 virtus
656 2355 701 2386 sit
725 2355 848 2396 media,
865 2354 1004 2387 vitanda
1027 2365 1103 2387 esse
1126 2355 1230 2388 docet
1254 2356 1412 2395 Flaccus,
1427 2355 1660 2388 adulationem

235 2407 476 2451 ‘parasiticauu
491 2417 565 2449 quae
583 2408 749 2449 puerilem
775 2408 808 2439 iu
825 2408 960 2440 modum
979 2408 1176 2440 blandiatur
1190 2414 1226 2441 et
1248 2414 1456 2449 assentetur,
1473 2414 1576 2452 atque
1591 2420 1662 2442 mo-

247 2460 422 2491 rositatem
439 2466 611 2502 agrestem
631 2462 854 2505 invisamque,
874 2472 951 2504 quae
977 2462 1020 2494 de
1043 2463 1122 2495 lana
1141 2463 1296 2504 caprina,
1312 2462 1413 2494 rebus
1430 2473 1566 2504 prorsus
1582 2462 1663 2495 futi-

247 2511 348 2551 libus,
361 2511 578 2546 vehementer
594 2515 735 2559 rixetur,
746 2516 942 2557 nesciatque
959 2516 1060 2548 alteri
1082 2517 1220 2549 cedere.
1266 2516 1444 2548 Praeterea
1460 2527 1480 2547 a
1496 2517 1584 2547 vitiis
1600 2515 1661 2547 fla-

249 2565 422 2606 gitiisque,
442 2571 480 2597 ut
494 2567 630 2599 Venere
647 2569 788 2609 lasciva,
804 2569 892 2608 alea,
907 2570 1019 2600 studio
1042 2570 1141 2600 nimis
1160 2579 1197 2601 se
1220 2569 1423 2609 exornandi,
1439 2568 1587 2599 habendi
1605 2577 1662 2599 cu·

249 2618 397 2660 piditate
419 2623 455 2650 et
477 2620 582 2652 stulto
605 2623 820 2663 paupertatis
847 2623 988 2664 pudore,
1015 2633 1090 2655 esse
1117 2623 1378 2654 abstinendum:
1411 2631 1538 2653 arcana
1561 2621 1662 2653 amici

249 2681 316 2703 nou
339 2679 413 2702 esse
434 2671 631 2712 scrutanda,
646 2677 683 2704 et
703 2675 885 2707 commissa
900 2663 1069 2716 tegenda:
1094 2686 1158 2708 nec
1182 2676 1322 2717 propria
1342 2674 1456 2706 studia
1480 2674 1662 2712 laudanda,

247 2735 312 2758 nec
328 2725 440 2757 aliena
456 2725 752 2766 reprehendenda:
777 2727 968 2760 cedendum
982 2729 1083 2761 amici
1109 2729 1287 2767 voluntati,
1303 2727 1397 2759 velut
1412 2727 1447 2758 in
1469 2728 1661 2760 venationis

248 2778 578 2820 nieditationumque
593 2780 833 2820 campestrium
851 2781 985 2812 studio:
1009 2782 1104 2822 qnid,
1121 2781 1164 2812 de
1178 2790 1254 2822 quo,
1267 2786 1304 2811 et
1319 2780 1374 2811 cui
1391 2779 1539 2820 dicatur,
1553 2781 1660 2822 probe

250 2842 324 2864 esse
355 2833 657 2874 perpendendum:
695 2839 968 2875 percontatorem
999 2834 1215 2875 fugiendum:
1255 2833 1298 2865 ab
1323 2843 1437 2864 amore
1469 2836 1564 2875 pueri
1601 2840 1661 2866 aut

250 2887 370 2927 puellae
391 2886 425 2918 iu
449 2886 580 2919 aedibus
604 2888 704 2920 amici
727 2888 987 2921 abstinendum:
1012 2890 1045 2921 in
1068 2888 1337 2921 commendando
1361 2889 1473 2930 aliquo
1496 2898 1659 2920 summam
