1930 3204
693 292 903 323 HoRA'ru
938 294 1078 324 EPOD.
1113 294 1156 322 V.

241 391 281 420 27
306 388 426 420 Horret
441 387 571 428 cupillis,
583 384 652 427 ξω]
676 384 824 416 Horrida
837 394 895 425 ap·

198 443 299 480 paret
314 438 447 479 capillis
467 436 598 478 asperis
613 436 648 467 in
663 434 778 475 capite
800 443 894 466 erec·

197 489 255 520 tis.
300 488 450 519 Marinus
474 486 593 528 asperis
623 484 775 526 Echinus]
801 484 894 516 Echi-

195 548 255 570 nus
268 542 305 570 et
315 538 501 577 terrestris,
517 544 551 569 et
564 535 709 568 marinus
725 540 790 568 est.
811 535 893 566 Ter-

197 592 340 620 restrem
362 588 372 604 ‘
389 585 609 619 Erinaceum'
640 584 712 616 fere
744 585 894 626 appella-

196 647 294 670 mus:
318 641 461 679 uterque
487 636 614 668 aculeis
635 636 808 676 spinisque
823 645 894 667 mu-

196 688 287 720 nitus
322 691 461 719 natura.-
506 686 653 719 Marinus
690 691 803 717 tamen
840 685 895 716 hie

194 738 345 774 additur,
375 738 430 769 vel
450 737 531 778 quia
558 736 730 768 terrestris
756 745 824 767 non
848 735 896 767 ita

195 791 270 819 toto
287 796 433 827 corpore
449 795 550 826 asper
565 790 630 826 est,
656 786 710 817 vel
731 786 811 827 quia
826 795 895 816 ma-

194 838 286 869 riuus
301 837 474 868 tenuiores
490 836 592 868 babet
602 837 754 877 aculeos,
769 846 809 868 ac
826 837 898 868 vel·

193 887 243 918 uti
271 891 364 918 setas
389 886 563 928 quasdam,
594 886 717 928 quibus
751 887 895 925 Saganae

193 936 311 978 capilli
337 937 463 968 rectius
487 942 741 978 comparantur.
786 937 896 968 Porro

193 987 271 1020 hinc
301 982 518 1028 proverbium
553 985 660 1027 ἐχίνου
693 985 897 1027 τραχύτερος.

193 1038 343 1070 Marinus
357 1038 491 1079 asperis]
509 1038 558 1069 Ut
575 1037 723 1068 marinus
735 1036 898 1077 Echinus,

193 1087 250 1119 cui
272 1087 391 1119 similis
418 1091 472 1118 est
496 1088 636 1119 echinus
663 1087 846 1127 terrestris,
860 1092 896 1119 et

195 1137 314 1170 eodem
331 1137 430 1169 modo
445 1138 553 1178 spinis
567 1143 619 1170 est
632 1136 818 1169 confertus.

239 1191 281 1220 28
296 1189 435 1220 Car-rens
447 1187 538 1228 uper]
550 1189 597 1220 Ut
612 1198 696 1230 aper
708 1187 826 1220 furens
839 1187 897 1229 qui

195 1237 395 1270 durissimas
420 1238 524 1270 habet
551 1243 643 1270 setas
670 1239 704 1270 in
727 1238 830 1270 dorso
846 1238 896 1269 in-

195 1292 390 1328 surgentes.

237 1340 282 1369 29
314 1338 437 1370 Abacea
463 1339 550 1369 malla
585 1338 663 1370 Veia
690 1337 894 1378 conscientia]

195 1387 281 1418 Veia
297 1387 401 1418 tertia
423 1386 577 1417 venefica
603 1386 725 1417 nullius
742 1385 897 1416 maleficii

193 1436 403 1468 couscientia
425 1435 602 1467 deterrita.
649 1434 896 1475 [Schoenborn.

192 1489 226 1518 2.
243 1487 331 1518 naua
346 1486 452 1526 veum]

233 1539 273 1567 81
302 1535 530 1575 Exhauriebat,
545 1535 706 1574 ingemens
722 1533 894 1573 laboribus]

191 1585 423 1617 Vehementer
436 1584 597 1617 anhelans
613 1584 767 1616 scrobem
791 1583 895 1615 facie-

191 1634 263 1667 bat.

237 1687 280 1717 32
304 1685 374 1721 Quo
399 1684 515 1725 possit]
553 1683 594 1716 In
625 1693 702 1716 eum
732 1683 834 1716 tinem
858 1688 896 1715 ut

195 1746 294 1778 puer,
312 1739 376 1768 ὅτε.
424 1737 564 1774 Infossus
586 1736 679 1776 puer]
706 1736 807 1766 Liber
823 1745 898 1775 per-

196 1791 350 1818 vetustus
377 1786 501 1824 infusus
527 1786 652 1816 habet:
676 1784 784 1823 male3
808 1790 897 1816 notae

197 1836 288 1867 enim
301 1835 402 1868 fossae
418 1835 571 1875 magicae.

240 1889 282 1917 34
306 1886 443 1917 [nemori
456 1884 644 1926 spectaculo]
670 1885 733 1916 Est
757 1885 841 1916 mori
864 1885 899 1916 in

197 1937 398 1979 spectaculo
442 1944 502 1967 ore
549 1935 777 1976 prominente.
820 1935 900 1966 Vid.

197 1985 352 2018 Turneb.
369 1994 450 2017 xlv.
464 1987 497 2017 2.
529 1985 724 2025 Spectacula]
746 1984 900 2026 Aspectu

197 2035 296 2076 dapis
331 2044 430 2067 novae
467 2035 592 2075 saepius
624 2035 807 2076 appositae,
839 2036 898 2067 sed

197 2093 333 2126 semper
348 2085 508 2117 sublatae.
747 2113 750 2116 .

238 2139 280 2167 36
310 2137 414 2172 Quum
423 2136 617 2176 promineret
629 2134 696 2175 ore]
713 2136 797 2167 Cum
813 2144 900 2174 puer

195 2187 332 2218 interra
342 2184 498 2217 defossus
511 2189 646 2216 extaret
660 2194 680 2216 e
692 2189 791 2216 terra.
815 2185 900 2226 [Cu-

196 2237 291 2279 ning.
305 2239 455 2278 quantum
467 2239 596 2268 exstant
609 2237 748 2278 aquam]

237 2290 280 2320 36
302 2286 458 2328 Suspenso
471 2290 574 2318 mento
598 2286 742 2327 corpora]
763 2287 817 2319 De
841 2296 898 2317 na-

199 2336 343 2369 tantium
387 2335 587 2376 corporibus
621 2336 714 2376 loqui
754 2335 899 2367 Poetain

198 2385 414 2419 manifestum
441 2390 518 2416 est:
542 2385 576 2415 hi
603 2385 692 2416 enirn
717 2390 833 2416 mento
851 2390 899 2417 te-

199 2445 264 2468 nus
280 2435 343 2467 sub
359 2443 448 2476 aqua
470 2438 560 2467 sunt.
606 2433 808 2475 [Bamberg.
833 2444 900 2465 cor-

197 2485 304 2527 pora]

243 2538 285 2568 37
308 2534 448 2575 Exertn]
462 2533 518 2566 Sic
529 2533 573 2565 de
589 2533 711 2565 Fae'rni
728 2534 901 2566 sententia

200 2585 383 2619 Lambinus
406 2583 588 2624 legendum
611 2593 685 2615 esse
705 2584 900 2624 pronuntia-

200 2638 274 2676 vit;
297 2646 362 2668 uec
389 2645 452 2676 ego
479 2645 560 2667 sane
585 2635 792 2674 negaverim.
836 2636 902 2668 Illa

200 2689 291 2719 enim
321 2691 389 2718 tam
412 2687 512 2717 lentae
538 2685 657 2716 mortis
680 2694 800 2716 caussa
823 2684 900 2727 fuit,

200 2743 241 2770 ut
255 2738 426 2770 exsiccata
441 2736 542 2777 longa
556 2736 628 2776 jam
646 2736 726 2767 tabe
742 2736 901 2778 medulla,

201 2794 239 2821 et
263 2786 452 2820 arefactum
478 2786 593 2827 Jecur,
625 2786 768 2819 validius
783 2796 902 2828 opera-

1538 285 1555 323 ]
1565 284 1649 325 545

947 390 1081 426 rentur,
1095 395 1162 427 quo
1188 388 1223 416 et
1247 384 1357 415 Varus
1373 383 1444 424 ipse
1461 383 1510 414 sic
1536 393 1649 418 amore

946 435 1215 466 contabesceret.
1274 434 1404 466 Omnes
1441 439 1554 465 tamen
1588 436 1651 469 lib.

911 495 920 505 ¹
945 487 1080 523 exsecta,
1094 484 1147 515 vel
1159 488 1268 516 exerta
1283 485 1419 525 legunt;
1447 484 1574 516 Lector
1591 495 1650 526 pro

946 533 1090 565 arbitrio
1112 540 1202 575 agat.
1247 534 1337 566 Nam
1363 533 1499 565 utillud
1516 538 1653 575 exsecta,

946 587 1014 615 tam
1044 583 1087 615 ad
1108 583 1223 624 jecur,
1264 594 1365 626 quam
1395 584 1438 615 ad
1469 585 1650 616 medullam

945 632 1070 665 referri
1095 639 1234 674 potest3
1260 635 1309 666 sic
1333 634 1437 667 etiam
1463 634 1502 666 τὸ
1527 637 1652 667 addam

947 682 989 715 de
1005 689 1151 725 utroque
1173 684 1330 725 intelligi.
1375 685 1545 726 Cruquius
1570 688 1651 717 mal-

944 734 994 765 let
1010 736 1156 765 extructa
1181 734 1261 775 legi.
1308 735 1451 766 Exsucta
1473 736 1522 766 uti
1537 737 1653 768 medul-

945 784 990 824 la,
1003 787 1032 816 el
1046 784 1170 816 aridum
1186 785 1294 826 jecur]
1320 786 1394 817 Ista
1409 791 1463 818 est
1478 796 1580 818 causa
1592 787 1652 817 hu-

940 835 998 876 jus
1013 834 1188 868 facinoris.
1232 835 1302 867 Alii
1318 836 1437 878 legunt
1459 840 1582 878 exerta,
1596 838 1650 869 vel

946 890 1065 919 σωρεία.

989 939 1032 968 39
1054 937 1280 978 Inter-minato]
1309 938 1524 980 Frequenter
1553 939 1652 970 inter-

946 987 1086 1019 mimndi
1102 987 1242 1019 verbum
1257 989 1429 1019 actionem
1441 993 1538 1020 notat
1552 1000 1559 1019 ε
1574 998 1648 1020 cum

947 1038 1085 1078 proprie
1109 1037 1154 1069 sit
1180 1037 1342 1069 minando
1363 1043 1480 1069 vetare
1503 1048 1545 1070 ne
1567 1039 1650 1080 quid

945 1087 1016 1121 fiat.
1028 1088 1169 1119 Terent.
1187 1087 1277 1119 And.
1295 1088 1560 1120 ‘Interminatus
1577 1098 1649 1119 sum

946 1147 990 1169 ne
1019 1137 1165 1178 faceres,
1190 1148 1270 1170 num
1302 1139 1466 1170 veritus?
1517 1139 1652 1171 Gellius

949 1197 1011 1220 xv.
1026 1191 1078 1220 13.
1122 1188 1190 1220 Sed
1209 1189 1236 1220 si
1255 1199 1337 1230 puer
1355 1189 1420 1220 iste
1436 1189 1601 1230 patricius
1618 1189 1652 1220 in

946 1238 1101 1270 scrobem
1119 1238 1274 1270 defossus
1290 1244 1405 1271 mento
1418 1243 1517 1271 tenus
1534 1238 1652 1274 fuerit,

946 1288 1027 1329 quid
1043 1298 1128 1329 opus
1152 1293 1227 1320 erat
1248 1289 1295 1320 illi
1312 1289 1523 1320 interminari
1545 1298 1588 1320 ne
1604 1290 1652 1320 ci-

947 1337 1027 1368 bum
1048 1339 1211 1379 caperet?
1232 1339 1388 1370 manibus
1404 1340 1492 1370 enim
1510 1339 1559 1370 uti
1586 1349 1653 1371 non

948 1391 1099 1427 poterat,
1115 1391 1237 1428 utpote
1253 1387 1410 1420 defossis.
1457 1389 1574 1422 Quare
1587 1389 1654 1428 sig·

947 1436 1142 1468 nificantius
1171 1438 1374 1469 interminato
1406 1437 1486 1477 cibo,
1523 1437 1556 1468 id
1589 1443 1653 1475 est,

947 1487 1105 1528 apposito
1121 1486 1271 1528 quidem,
1287 1488 1346 1518 sed
1369 1497 1435 1519 non
1460 1492 1568 1527 tacto,
1585 1498 1651 1519 non

947 1537 1111 1578 permisso
1136 1538 1202 1578 uti,
1226 1537 1330 1578 idque
1349 1548 1411 1578 per
1427 1538 1656 1579 impedimen-

947 1591 1018 1618 tum
1045 1586 1263 1623 defossionis‚
1290 1597 1378 1619 novo
1400 1593 1514 1620 tamen
1531 1588 1653 1620 crebro

947 1637 1117 1677 apposito,
1134 1636 1263 1668 defossi
1288 1636 1412 1668 famem
1428 1637 1586 1669 irritante
1602 1647 1655 1668 as-

948 1686 1056 1718 sidue.
1088 1688 1183 1727 Cruq.
1227 1687 1306 1718 Vid.
1336 1687 1483 1717 Turneb.
1514 1695 1594 1718 xiv.
1623 1690 1655 1717 9.

951 1736 1159 1767 Interminuto
1174 1746 1242 1767 cum
1255 1735 1436 1776 semelfioeae
1450 1735 1534 1775 cibo]
1558 1736 1656 1767 Veti-

951 1789 986 1816 to
1011 1791 1047 1817 et
1071 1786 1256 1817 interdicto
1278 1786 1366 1825 cibo,
1393 1795 1493 1827 quem
1512 1790 1655 1826 tangere

952 1844 1036 1875 puer
1051 1840 1103 1866 est
1122 1835 1322 1875 prohibitus.
1354 1835 1560 1878 Semelfioeoe]
1577 1837 1655 1868 Hoc

951 1888 1015 1920 est,
1033 1889 1241 1924 postremum
1258 1895 1318 1916 seu
1334 1895 1474 1926 prorsus
1491 1891 1527 1917 et
1549 1887 1657 1918 omni·

950 1945 994 1966 no
1009 1935 1099 1966 fixae.
1143 1936 1223 1967 Tale
1242 1936 1337 1976 illud,
1358 1937 1367 1953 ‘
1380 1936 1466 1968 Cum
1478 1937 1582 1967 semel
1600 1946 1656 1968 oe-

951 1984 1098 2016 cideris.’
1142 1986 1295 2026 Pupulas
1332 1995 1416 2026 ergo
1454 1986 1502 2017 ait
1537 1985 1658 2027 Poeta,

950 2035 1055 2066 semel
1071 2039 1175 2076 atque
1192 2035 1225 2065 in
1243 2039 1448 2075 perpetuum
1467 2034 1554 2066 fixas
1569 2035 1655 2068 inta-

950 2085 1074 2117 buisse.
1110 2085 1213 2117 Nulla
1242 2085 1330 2116 enim
1358 2094 1394 2116 re
1419 2085 1528 2125 magis
1557 2095 1655 2127 quam

950 2134 1052 2174 fame,
1083 2135 1143 2166 tali
1175 2135 1377 2175 praesertim.
1405 2136 1540 2176 qualem
1568 2145 1656 2177 puer

950 2185 1004 2216 liic
1022 2185 1234 2226 patiebatur,
1249 2185 1536 2219 contabescimus.
1559 2186 1657 2228 Virg.

949 2236 1020 2268 ‘Et
1049 2235 1138 2268 fame
1172 2236 1331 2268 tabentes
1355 2242 1450 2268 artus
1478 2237 1511 2268 in
1538 2236 1656 2268 littore

951 2286 1109 2327 ponunt.'
1166 2287 1377 2328 Certumque
1413 2288 1533 2319 mortis
1570 2287 1655 2319 indi·

951 2338 1042 2368 cium
1058 2348 1134 2369 cum
1152 2338 1241 2369 oculi
1259 2339 1447 2379 rigescunt.

993 2389 1036 2418 40
1063 2387 1211 2427 Pupuloe]
1242 2387 1432 2419 Oculorum
1464 2388 1554 2420 acies
1578 2397 1655 2419 cum

951 2436 1181 2468 intabuissent
1196 2437 1315 2476 semel,
1341 2437 1375 2468 id
1391 2443 1455 2477 est,
1475 2447 1551 2469 cum
1569 2437 1655 2468 tabi-

952 2486 1006 2518 dae
1037 2486 1276 2526 apparuissent
1307 2496 1374 2517 uuo
1406 2487 1551 2526 impetu,
1587 2495 1655 2516 non

952 2535 1115 2576 temporis
1136 2544 1308 2567 successu.
1351 2535 1600 2576 [Schoenborn.
1624 2539 1655 2568 2.

949 2586 1072 2627 pabulae
1080 2596 1092 2622 ,·
1115 2585 1171 2616 alii
1187 2584 1280 2625 apud
1294 2585 1419 2624 Jaeck,
1431 2584 1586 2625 pupilla]

994 2639 1035 2668 -ss
1062 2636 1136 2666 Non
1163 2635 1297 2673 defuisse
1325 2635 1470 2665 masculae
1500 2633 1658 2675 libidinis]

953 2686 1093 2718 Norunt
1106 2684 1327 2725 Neapolitani
1355 2684 1433 2716 huic
1448 2683 1590 2716 facinori
1605 2685 1655 2716 in-

953 2735 1113 2768 terfuisse
1150 2733 1256 2765 etiam
1293 2734 1422 2765 Foliam
1455 2733 1656 2775 veneficam,

954 2796 1032 2828 quae
1048 2784 1263 2818 foeminarum
1281 2793 1395 2818 amore
1411 2783 1498 2817 adeo
1514 2785 1657 2826 exarsit,
