1982 3230
397 288 506 328 1180
865 302 907 338 Q.
940 298 1146 328 nonnil
1180 299 1348 330 FLAccr

395 392 688 433 Brundusium
708 405 856 433 comes
877 396 952 433 aut
973 392 1217 433 Surrentum
1239 392 1392 434 ductus
1412 406 1643 441 amoenum,

395 457 486 508 Qui
506 459 693 511 queritur
711 458 907 498 salebras·
926 462 971 498 et
989 459 1195 498 acerbum
1214 457 1346 511 frigus
1365 464 1409 499 et
1428 460 1600 509 imbres,

391 522 484 565 Aut
503 525 658 566 cistam
680 524 899 565 effractam
918 527 992 564 aut
1011 523 1224 563 subducta
1244 524 1406 564 viatica
1425 525 1589 577 plorat3

392 589 512 630 Nota
530 590 657 631 refert
676 589 910 630 meretricis
934 589 1147 638 acumina,
1173 601 1292 642 saepe
1314 591 1533 639 catellam,

391 655 520 708 Saepe
542 656 841 709 periscelidem
863 660 1031 709 raptam
1053 656 1136 696 sibi
1157 656 1302 696 flentis
1321 669 1332 707 ;
1363 658 1424 697 uti
1446 669 1551 697 mox

391 721 532 762 Nulla
550 722 658 762 fides
677 722 844 762 damnis
863 723 1061 775 verisque
1084 722 1306 763 doloribus
1328 723 1455 764 adsit.

394 787 438 827 N
441 800 489 827 ec
511 787 644 828 semel
666 788 813 827 irrisus
833 788 968 829 triviis
988 789 1187 835 attollere
1210 793 1331 829 curat

393 853 550 894 Fracto
566 866 686 893 crure
709 854 904 906 planum3
935 855 1038 895 licet
1058 855 1124 895 illi
1146 855 1330 907 plurima
1350 859 1497 895 manet

1756 591 1812 630 55

392 1008 479 1030 arum
492 1004 521 1032 et
536 1002 672 1033 invidie.
716 1003 815 1033 Porro
823 1003 875 1043 qui
890 1003 1100 1034 Brundusium
1111 1007 1165 1034 aut
1179 1003 1360 1034 Surrentum
1371 1013 1468 1034 comes
1478 1008 1641 1040 assumtus,
1655 1004 1813 1044 conqueri-

392 1044 444 1070 tur
468 1044 505 1074 de
525 1043 650 1075 itineris
673 1044 863 1086 difficultate,
883 1046 920 1076 de
940 1046 1108 1084 asperitate
1128 1045 1276 1083 frigoris,
1306 1047 1343 1076 de
1361 1046 1465 1085 pluvia
1478 1057 1491 1083 ‚·
1518 1047 1564 1077 vel
1595 1045 1688 1087 deflet
1708 1055 1812 1076 arcam

392 1087 526 1123 rupea-m,
538 1089 569 1115 et
582 1086 698 1117 viatica
708 1090 848 1125 surrepta
860 1096 872 1122 ;
885 1087 937 1116 ille
951 1087 1092 1117 imitatur
1104 1087 1225 1118 solitam
1238 1087 1447 1118 meretricibus
1457 1087 1605 1118 astutiam
1614 1098 1624 1118 .·
1645 1097 1712 1127 quoe
1726 1087 1812 1117 modo

390 1126 542 1164 catellam,
555 1128 640 1157 modo
659 1128 867 1167 periscelidem
889 1128 1032 1159 amissam
1046 1129 1275 1169 lacrymantum·
1296 1130 1370 1159 adeo
1384 1132 1419 1159 ut
1433 1129 1559 1160 subinde
1577 1139 1637 1160 non
1650 1129 1813 1159 creduntur

391 1168 610 1206 veroeJacturoe
624 1172 655 1200 et
670 1170 820 1209 lucrymoe.
864 1170 908 1199 Et
923 1179 992 1200 vero
1007 1171 1059 1209 qui
1073 1171 1164 1201 semel
1180 1171 1287 1201 illusus
1298 1173 1354 1209 est,
1369 1170 1449 1202 haud
1466 1170 1583 1210 satagit
1597 1169 1714 1210 erigere
1719 1169 1814 1207 fruu-

986 1274 1219 1287 eeaeeueeocee

390 1344 456 1380 nio,
479 1344 559 1375 riaeoe
583 1345 694 1381 minus,
715 1348 745 1375 et
765 1345 960 1376 Μίνωι-52
983 1346 1184 1376 Brundi-cium
1200 1347 1232 1376 in
1250 1347 1443 1387 quibusdam
1466 1346 1564 1377 codd.
1580 1351 1615 1378 et
1633 1346 1708 1378 edd.
1729 1351 1814 1379 vett.

390 1386 478 1416 Vide
494 1386 534 1416 ad
552 1395 576 1416 r.
591 1387 663 1417 Sat.
679 1390 710 1417 5.
729 1389 886 1418 104.-5-1
911 1388 954 1418 Et
978 1388 1086 1418 cistam
1112 1387 1289 1427 Bamberg.
1305 1389 1419 1419 Zarot.
1443 1391 1535 1419 1470.
1562 1387 1702 1418 Venett.
1721 1391 1813 1420 1181.

391 1430 485 1459 1486.
503 1430 595 1458 1490.
611 1434 645 1458 et
659 1428 752 1460 Jnnt.
771 1431 864 1459 1503.
878 1428 1000 1466 sactum
1013 1432 1043 1460 et
1057 1429 1205 1460 subducta
1219 1430 1447 1461 Schoenbom.
1459 1433 1491 1460 2.
1505 1433 1534 1460 et
1550 1429 1694 1460 subducta
1709 1430 1811 1460 etiam

390 1470 520 1500 Heller.
534 1469 835 1501 sclioenborn.3.4.
860 1471 955 1502 Harl.
969 1473 1000 1500 2.
1017 1473 1047 1501 3.
1062 1474 1092 1501 4.
1109 1473 1140 1501 6.
1155 1474 1187 1502 7.
1210 1472 1325 1503 Zarot.
1339 1474 1432 1503 1470.
1455 1472 1592 1502 Venett.
1610 1473 1700 1502 1481.
1718 1473 1812 1502 1486.

390 1513 484 1542 1490.
504 1512 598 1543 Jnnt.
614 1513 707 1542 1503.
743 1511 844 1543 Aldd.
862 1515 954 1543 1509.
971 1515 1062 1543 1519.
1097 1513 1249 1544 Britann.
1267 1516 1360 1544 1520.
1394 1513 1496 1544 Dion.
1511 1513 1553 1544 ab
1570 1513 1688 1543 Harsio
1706 1512 1810 1550 Lugd.

390 1555 484 1583 1538.
507 1554 631 1584 Muret.
649 1553 790 1584 Cliabot.
806 1554 892 1584 Dan.
912 1554 1085 1595 Heinsius,
1097 1555 1252 1585 Torrent.
1268 1555 1392 1594 Delph.
1409 1555 1516 1586 Bond.
1530 1554 1702 1586 Sclrrevel.
1717 1555 1811 1585 Dun-

391 1600 472 1629 ster,
494 1595 626 1626 Talbot.
652 1595 749 1632 Pine,
773 1596 854 1635 Fea,
869 1600 904 1626 et
930 1595 1137 1626 Bonna—55
1162 1598 1251 1627 Mota
1275 1597 1369 1635 refert
1394 1596 1543 1627 nonnulli
1570 1605 1624 1635 ap.
1649 1595 1812 1626 sneck—

389 1639 430 1667 58
453 1637 630 1676 Bamberg.
653 1637 862 1668 inrisus—59
879 1637 992 1669 Zarot.
1012 1639 1102 1677 plura
1116 1642 1268 1670 manaret.
1315 1639 1390 1670 Vat.
1405 1639 1514 1670 Palat.
1530 1641 1558 1669 1.
1574 1643 1610 1669 et
1622 1637 1768 1669 Chisian.
1781 1640 1812 1667 5.

1033 1743 1061 1773 N
1069 1742 1171 1773 OTAE

430 1817 470 1845 52
493 1814 720 1854 Brundusium]
743 1815 832 1845 Urbs
854 1819 906 1846 est
930 1815 1072 1846 Salenti-

387 1873 505 1895 nornm
521 1865 699 1904 maritima,
713 1864 755 1895 de
776 1874 841 1905 qua
858 1865 930 1905 jam
953 1874 978 1898 1.
1001 1866 1072 1897 Sat.

1123 1821 1178 1854 λη,
1203 1825 1294 1846 crura
1316 1815 1368 1846 vel
1388 1825 1498 1854 genua.
1533 1815 1623 1846 Gall.
1637 1815 1813 1853 jarretiere.

1125 1865 1351 1896 Periscelides
1374 1870 1451 1896 sunt
1473 1870 1666 1895 ornamenta
1680 1873 1812 1895 crurum

389 1917 420 1944 5.
436 1914 468 1943 in
484 1912 562 1944 fine.

430 1961 631 2001 Surrentum]
663 1961 749 1992 Haec
774 1962 853 1993 urbs
881 1962 1074 1993 Picentino-

388 2021 460 2041 rum
476 2010 516 2040 ad
531 2019 634 2048 mare,
650 2010 725 2041 vino
748 2020 909 2050 generoso
928 2011 1076 2042 celebra·

389 2064 425 2091 ta
453 2065 518 2090 est.
555 2069 595 2090 11.
624 2059 698 2090 Sat.
725 2062 757 2091 4.
796 2059 898 2091 Ovid.
925 2061 1010 2091 Met.
1040 2069 1075 2091 v.

387 2112 397 2127 ⁸
418 2110 459 2140 Et
495 2109 709 2140 Suu-eminas
745 2118 905 2149 generoso
941 2109 1078 2151 palmite

389 2157 516 2190 colles!

430 2210 470 2238 55
495 2207 673 2237 Meretricis
693 2207 849 2247 acumina]
873 2208 958 2240 Quae
981 2217 1074 2248 saepe

387 2255 484 2296 fingit
502 2265 536 2286 se
552 2255 723 2296 quidpiam
738 2250 896 2296 amisisse,
911 2261 945 2288 et
956 2258 1074 2288 amissa

388 2305 538 2344 graviter
551 2304 644 2344 flere,
665 2311 702 2336 nt
726 2305 766 2336 ab
790 2311 939 2337 amatore
955 2307 1074 2338 similia

387 2355 566 2386 donentur.
595 2354 684 2385 Vide
698 2355 809 2386 Plant.
823 2356 956 2387 Trucnl.
973 2356 1074 2388 Ovid.

387 2404 428 2434 de
443 2403 517 2435 Art.
532 2402 608 2434 Am.
626 2413 650 2435 ι.
694 2405 703 2422 ‘
722 2403 810 2437 Quid
827 2413 901 2434 cum
919 2405 1072 2438 mendaci

386 2452 508 2483 damno
522 2452 731 2483 moestissima
749 2453 878 2492 plorat?
919 2454 1072 2494 Elapsus-

388 2510 455 2543 que
467 2511 549 2533 cava
561 2501 698 2540 fingitur
713 2511 792 2532 anre
809 2502 893 2542 lapis
903 2503 915 2533 ?
925 2501 933 2514 ’

431 2551 594 2592 Catellum]
611 2551 675 2581 Vel
691 2560 826 2590 parvam
841 2560 956 2582 cenem
973 2561 1071 2592 quam

386 2600 419 2630 in
443 2600 572 2631 deliciis
595 2599 760 2638 habebam
785 2600 837 2631 vel
859 2601 982 2640 potius,
1002 2610 1071 2631 mo-

387 2651 454 2681 nile
474 2651 652 2690 muliebre,
671 2657 708 2682 ut
730 2651 774 2682 sit
796 2651 1027 2683 diminutivum
1053 2661 1073 2683 a

388 2707 519 2731 eatena.

429 2752 470 2780 56
499 2748 724 2788 Periscelidem]
761 2749 875 2780 Cruris
905 2749 1072 2780 vinculum

388 2806 424 2832 et
439 2803 669 2831 ornamentum
685 2809 692 2829 :
715 2799 792 2839 περὶ,
807 2799 933 2841 circum,
946 2800 987 2830 τὰ
1001 2799 1072 2831 σκέ-

1125 1915 1320 1953 muliernrn;
1343 1915 1413 1945 eive
1429 1915 1566 1945 armillae
1589 1913 1814 1954 pedum,'qui-

1127 1963 1187 1994 bns
1210 1972 1323 1993 earnm
1346 1971 1478 2002 gressus
1501 1967 1683 1993 ornentur:
1705 1962 1814 2002 inquit

1125 2011 1289 2043 Isidorus.

1168 2063 1208 2091 57
1233 2059 1418 2101 Nullafidee
1432 2059 1567 2099 damnis]
1590 2059 1645 2090 Sic
1661 2059 1718 2090 ille
1734 2069 1814 2100 qne-

1126 2111 1218 2142 rulus
1245 2109 1462 2150 exploditur:
1490 2109 1628 2150 ejusque
1654 2109 1749 2139 dolor
1777 2115 1813 2140 et

1125 2158 1223 2191 fletus
1238 2159 1327 2200 apud
1351 2163 1526 2199 patronum
1550 2157 1620 2189 ficti
1636 2157 1812 2197 habentur,

1125 2209 1272 2250 nihilque
1289 2209 1434 2240 muneris
1449 2208 1612 2239 obtinent.

1169 2262 1210 2290 59
1243 2259 1357 2290 Fracto
1389 2267 1477 2288 crure
1503 2255 1642 2296 planum]
1679 2254 1812 2295 Πλάνος,

1118 2308 1236 2346 fallax,
1244 2308 1400 2347 impostor,
1410 2306 1528 2342 nebulo,
1540 2315 1606 2346 qun
1615 2305 1715 2336 etiam
1729 2314 1811 2336 voce

1126 2357 1235 2388 utitur
1264 2357 1382 2388 Cicero
1412 2364 1473 2396 pro
1505 2355 1659 2386 Cluentio
1691 2364 1725 2386 n.
1758 2356 1813 2386 ⁶12.

1127 2407 1136 2424 ‘
1156 2406 1221 2437 Hie
1237 2406 1295 2436 ille
1310 2406 1426 2445 planus
1445 2405 1707 2445 improbissimus
1721 2413 1813 2445 qnae·

1127 2461 1180 2488 stu
1200 2455 1381 2495 judiciario
1407 2453 1546 2495 pastus!
1590 2454 1673 2485 Erat
1690 2462 1811 2493 nempe

1124 2505 1256 2547 quidam
1273 2505 1387 2535 illusor
1401 2504 1432 2534 in
1450 2503 1557 2534 triviis
1573 2503 1744 2534 lamentari
1760 2512 1812 2534 so-

1124 2555 1216 2593 litus,
1240 2554 1333 2594 quasi
1354 2553 1498 2583 fractum
1519 2560 1594 2582 crus
1609 2551 1711 2590 esset,
1726 2552 1761 2582 ut
1776 2551 1810 2582 in

1125 2603 1278 2634 vehicula
1294 2601 1556 2633 tollereturz‘cui
1571 2610 1645 2632 cum
1663 2601 1810 2642 aliqnan-

1125 2653 1168 2684 do
1185 2653 1215 2683 id
1239 2652 1316 2682 mali
1331 2661 1408 2682 vere
1424 2650 1632 2688 contigisset.
1645 2650 1732 2681 haud
1748 2651 1811 2680 eti-

1125 2712 1177 2733 arn
1195 2707 1263 2733 tum
1279 2699 1379 2732 fidem
1390 2698 1527 2735 habu-“3
1552 2703 1585 2729 et
1597 2697 1708 2729 fracto
1721 2707 1808 2738 genu

1126 2751 1268 2782 debilem
1295 2757 1392 2779 nemo
1417 2746 1623 2786 sublevabat,
1652 2746 1809 2788 quoniam

1125 2806 1225 2831 antea
1237 2798 1357 2837 saepius
1373 2796 1537 2826 illuserat.
