1890 3230
383 291 493 333 1728
524 346 528 350 .

382 393 584 426 conditionis
607 391 768 430 homines,
790 400 987 432 quamquam
1005 393 1063 423 tri·

384 443 461 475 bum
489 443 644 475 habente.
667 445 768 480 gente
798 445 907 471 tamen
934 444 1062 471 carent.

383 491 558 522 Hominem
583 497 662 527 ergo
682 488 747 519 sine
759 491 862 526 gente,
888 487 1063 519 obscurum

383 537 679 576 interpretabimur
693 541 794 576 atque
805 537 994 576 ignobilem,
1007 537 1063 577 qui

383 587 439 617 vix
455 586 536 616 civis
553 585 644 616 credi
662 585 776 624 possit.
808 585 948 616 Torrent.
990 585 1065 616 Sine

381 635 488 675 gente]
510 634 683 675 Ignobilis,
698 639 733 665 ut
747 635 887 665 libertus
899 635 951 665 vel
967 635 1061 666 liber-

384 684 485 714 tinus.
531 682 697 722 cruentus]
719 683 920 715 Fratricida.

425 735 466 763 16
482 731 663 771 Fugitivus]
690 731 764 762 Non
780 731 836 772 qui
855 732 910 768 sit,
931 732 990 763 sed
1007 732 1062 772 qui

384 790 499 822 servus
525 780 641 819 fuerit,
667 780 836 819 ‘fugitivi’
859 781 988 811 nomine
1010 781 1064 812 hic

382 829 543 868 intelligo,
568 829 815 860 Contumeliose
830 834 939 861 autem
954 830 964 846 ‘
979 829 1063 868 fugi-

385 877 505 908 tivum’
523 881 642 916 vocat;
664 886 739 907 nam
756 882 791 907 et
811 878 873 907 hoc
895 878 982 907 servi
1003 877 1065 908 sibi

384 931 498 957 mutuo
510 926 734 965 exprobrant:
751 930 786 955 et
795 926 942 956 AEdilitio
952 927 1066 957 edicto

386 978 520 1004 cautum
547 973 622 1012 fuit,
648 977 684 1003 ut
700 973 781 1003 talia
796 972 876 1003 vitia
892 983 957 1004 non
978 975 1065 1005 cela-

385 1026 519 1053 rentur:
544 1023 621 1062 quin
639 1026 673 1052 et
688 1022 777 1052 tituli
794 1022 963 1053 venalibus
981 1032 1065 1063 prae-

385 1071 609 1111 ponebantur,
627 1071 654 1101 si
683 1069 856 1110 fugitivus,
874 1071 902 1101 si
927 1081 1014 1106 erro.
1039 1073 1066 1102 si

386 1128 475 1150 noxa
488 1128 554 1150 non
571 1119 699 1150 solutus
714 1122 812 1150 esset.
845 1120 896 1149 De
908 1129 974 1160 quo
986 1121 1066 1151 Gel-

386 1168 450 1198 lius
471 1177 519 1199 ιν.
534 1170 565 1199 2.
591 1168 729 1198 Torrent.
773 1167 867 1207 [Vat.
883 1171 913 1198 1.
936 1178 997 1198 mm
1021 1172 1066 1199 ta-

387 1219 483 1259 mem]

431 1271 470 1299 17
489 1269 597 1299 Comes
610 1268 758 1308 exterior]
775 1269 864 1300 Loco
875 1277 995 1308 nempe
1009 1268 1067 1298 mi-

390 1325 451 1346 nus
467 1316 641 1354 honorato,
654 1318 702 1348 ita
714 1319 799 1348 enim
812 1317 914 1348 Ovid.
932 1327 965 1348 v.
979 1318 1069 1349 Fast.

389 1364 430 1394 de
446 1374 539 1403 sene,
554 1366 609 1396 cui
630 1366 834 1406 ajuvenibus
848 1366 954 1397 honor
968 1365 1070 1396 debe-

393 1417 485 1443 atur:
500 1415 509 1430 ‘
521 1415 565 1444 Et
575 1414 868 1454 mediusjuvenum
885 1423 949 1445 non
965 1414 1071 1454 indig-

389 1462 541 1494 nantibus
563 1463 643 1502 ipsis
664 1463 755 1502 Ibat,
771 1467 805 1493 et
821 1462 959 1493 interior
975 1462 1002 1492 si
1018 1471 1072 1492 co-

390 1519 458 1540 mes
485 1519 568 1540 uuus
596 1510 690 1540 erat.'
741 1512 751 1527 ‘
765 1510 930 1540 Interior'
961 1516 1071 1540 autem

390 1563 456 1597 ost,
471 1559 526 1598 qui
544 1558 584 1588 ad
602 1559 753 1589 dextram
771 1563 841 1596 est3
864 1558 998 1588 exterior
1017 1558 1071 1597 qui

391 1606 432 1636 ad
444 1607 560 1637 laevam
570 1607 766 1636 collocatur.
789 1606 967 1636 Suetonius
976 1606 1072 1636 Clau-

393 1654 448 1683 dio
471 1663 546 1692 cap.
568 1656 619 1683 24.
641 1656 649 1670 ‘
664 1653 747 1682 Inde
771 1653 957 1683 revertenti
986 1654 1073 1682 latus

391 1701 541 1732 clausit:'
566 1706 666 1740 atque
685 1700 801 1731 eadem
818 1700 861 1730 de
878 1709 913 1730 re
937 1700 1075 1740 loquens

393 1749 592 1788 Eutropius:
615 1750 624 1766 ‘
636 1749 682 1779 Ut
697 1748 940 1784 descendenti,’
955 1748 1076 1789 inquit,

390 1799 399 1815 ‘
413 1799 455 1829 de
471 1798 639 1838 Capitolio
653 1799 756 1829 laevus
772 1797 967 1829 incederet!
990 1799 1075 1830 Quae

394 1847 548 1887 loquendi
579 1847 732 1878 forinulae
762 1857 804 1878 ex
833 1857 873 1878 eo
903 1856 1076 1886 promana-

393 1895 582 1935 runt,quod
612 1897 730 1926 laevum
754 1895 842 1927 latus
864 1896 1077 1935 imbecillius»,

393 1950 428 1974 et
443 1944 547 1983 magis
563 1945 741 1975 obnoxium
758 1945 888 1984 injuriae
901 1946 942 1975 sit
956 1955 965 1983 ;
990 1946 1077 1975 unde

393 1993 475 2023 illud
494 2002 512 2023 e
523 1993 595 2024 Sat.
608 2002 664 2024 ιιι.
691 1994 700 2011 ‘
715 1993 876 2034 Nullique
891 1995 978 2024 malo
992 1995 1077 2024 latus

395 2041 489 2072 obdit
515 2041 692 2081 apertum!
736 2042 891 2073 Accedat
919 2043 1006 2083 quod
1036 2051 1077 2072 ex

393 2090 588 2120 Aristotelis
604 2091 660 2120 lib.
675 2100 731 2121 111.
774 2092 828 2121 De
845 2091 996 2130 partibus
1010 2090 1077 2120 ani-

393 2139 525 2169 malium
543 2145 644 2178 atque
660 2140 804 2170 omnium
828 2144 920 2170 recte
937 2139 1079 2179 philoso-

394 2186 566 2226 phantium
582 2187 763 2224 sententia,
779 2192 787 2204 ⁴
801 2186 941 2216 dextra'
967 2187 1079 2216 omnia

395 2239 434 2265 ut
449 2235 587 2264 meliora
605 2238 639 2264 et
654 2233 818 2272 feliciora,
841 2235 888 2264 sic
905 2234 1004 2264 etiam
1022 2242 1077 2263 no-

394 2283 511 2313 biliora
524 2286 734 2313 censeantur.
777 2283 920 2312 Turneb.
941 2291 1012 2312 xw.
1028 2284 1080 2312 24.

399 2331 539 2361 Torreat.
586 2330 745 2365 Exterior,
759 2329 787 2359 εἰ
796 2330 942 2370 postulet]
961 2330 1079 2360 Comes

395 2378 548 2415 inferior,
565 2388 584 2407 a
601 2382 695 2417 parte
708 2377 842 2408 sinistra
857 2378 1027 2408 incedens.

438 2429 479 2457 18
508 2427 602 2458 Visne
616 2426 734 2465 tegam]
762 2426 877 2456 Verba
892 2431 969 2456 sunt
984 2426 1080 2466 Ulys-

397 2476 455 2508 εἰς.
491 2475 606 2515 spurco
618 2474 747 2514 Domae]
770 2476 779 2492 ‘
795 2474 976 2515 Spurcum’
993 2474 1080 2505 dice-

397 2525 481 2557 bant
508 2530 651 2559 veterem
678 2523 879 2563 obscoenum,
903 2524 1079 2563 impurum,

397 2573 612 2610 lutulentum,
637 2571 802 2603 foetidum.
825 2577 860 2602 et
883 2573 986 2603 Dama
1011 2571 1080 2612 qui-

399 2622 474 2653 dem
490 2631 606 2652 nomen
623 2620 754 2658 servile,
769 2621 821 2652 hic
837 2625 948 2651 tamen
965 2626 1002 2651 ut
1012 2619 1079 2650 dixi

398 2671 557 2701 libertum
587 2673 692 2704 notat.
729 2673 766 2700 ut
802 2669 887 2699 bene
917 2669 1055 2699 Persius
1071 2678 1078 2698 :

401 2720 409 2734 ‘
427 2719 535 2749 Dama
551 2723 614 2756 est,
629 2727 694 2748 non
712 2717 825 2748 tressis
843 2717 964 2757 agaso.'
999 2718 1080 2748 Tur-

399 2765 478 2797 neb.
495 2775 540 2797 vt.
555 2769 586 2797 4.
605 2766 741 2798 Torrent.
776 2766 886 2797 Damae
901 2765 995 2804 latus]
1011 2765 1079 2796 Ho-

836 300 975 330 No'rAE
1005 299 1262 331 VARIORUM
1285 301 1341 336 ,m

1111 393 1190 424 mini
1208 393 1339 434 abjecto
1353 397 1388 424 et
1402 393 1514 424 servili
1529 403 1652 434 genere
1665 394 1768 426 nato?

1155 446 1193 474 19
1211 444 1341 474 certans
1354 453 1470 484 semper
1483 444 1668 485 melioribus]
1691 443 1703 460 ‘
1717 444 1791 475 Me-

1112 491 1230 522 liores'
1258 493 1406 532 appellat
1421 492 1597 532 optimates
1613 502 1653 524 ac
1669 491 1792 532 princi-

1114 549 1173 579 pes
1188 540 1381 571 Graecorum
1397 551 1406 579 ;
1429 550 1578 581 quorum,
1593 544 1669 582 post
1682 540 1794 571 Achil-

1113 589 1190 628 lem,
1220 588 1434 620 fortissimum
1462 589 1600 629 Ajacem
1627 597 1793 620 armorum

1114 636 1185 677 ipse
1195 637 1324 676 judicio
1339 639 1526 678 superavit:
1541 637 1677 669 sortitus
1691 637 1793 668 etiam

1115 687 1287 717 interillos
1313 696 1442 724 novem,
1468 695 1603 726 quorum
1618 695 1701 717 nnus
1717 694 1794 717 cum

1115 733 1264 764 Hectore
1279 733 1436 772 singulari
1459 733 1643 765 certamine
1659 741 1796 772 congre-

1115 782 1263 822 deretur,
1298 793 1406 822 neque
1438 783 1501 823 ipsi
1539 791 1678 822 parcens
1707 782 1796 822 Aga-

1114 831 1289 862 memnoni.
1313 831 1451 862 Torrent.
1494 830 1689 870 Melioribus]
1713 830 1795 861 Cum

1115 880 1304 910 melioribus
1326 881 1367 910 de
1389 881 1510 911 virtute
1531 885 1567 911 et
1592 880 1698 920 gloria
1718 887 1796 910 con-

1117 929 1267 958 tendens.
1308 928 1410 966 Ergo]
1432 928 1569 959 Tiresiae
1586 928 1764 961 conclusio.

1157 978 1198 1006 20
1221 975 1291 1005 Hoc
1306 975 1438 1006 animum
1453 977 1584 1006 tolerare
1595 975 1722 1014 jubebo]
1749 976 1799 1007 Ut

1117 1029 1241 1064 praeter
1263 1033 1369 1054 meam
1391 1023 1676 1062 consuetudinem,
1696 1023 1800 1054 homi-

1118 1081 1191 1102 nem
1207 1071 1328 1103 infimae
1350 1072 1450 1102 sortis
1473 1072 1594 1111 colam,
1618 1070 1801 1103 ditescendi

1117 1130 1227 1155 causa,
1248 1120 1355 1161 inquit
1368 1121 1518 1160 Ulysses.

1159 1171 1200 1199 22
1223 1169 1365 1207 AErisque
1386 1168 1488 1208 ruam]
1517 1169 1640 1199 Eruam
1664 1171 1700 1199 et
1725 1177 1802 1199 con-

1118 1217 1263 1257 quiram:
1276 1217 1394 1248 alludit
1406 1217 1446 1248 ad
1458 1226 1628 1248 avarorum
1638 1222 1802 1257 naturam,
1818 1252 1823 1257 ,

1119 1265 1176 1305 qui
1193 1275 1285 1296 suum
1302 1266 1493 1296 thesaurum
1509 1267 1618 1296 solent
1631 1265 1721 1296 humi
1744 1266 1804 1297 de-

1119 1313 1248 1352 fodere,
1263 1319 1320 1345 aut
1342 1315 1374 1345 in
1401 1315 1486 1345 arcis
1511 1314 1703 1346 conclusum
1728 1314 1802 1345 dili-

1121 1369 1239 1403 genter
1265 1373 1446 1395 asservare.
1469 1364 1565 1404 Cruq.
1617 1364 1731 1403 Ruam,
1753 1365 1803 1395 dio

1120 1413 1234 1451 augur]
1268 1413 1366 1443 Unde
1392 1421 1517 1443 eruam.
1570 1412 1664 1452 [Vat.
1688 1415 1740 1444 18.
1768 1417 1805 1444 et

1120 1461 1273 1492 Vallicel.
1289 1463 1320 1491 3.
1336 1462 1467 1501 eruam]
1759 1495 1762 1503 ,

1166 1512 1207 1539 23
1223 1509 1307 1539 Dixi
1317 1509 1467 1548 equidem]
1485 1509 1644 1549 Loquitur
1651 1508 1806 1540 Tiresias·

1124 1557 1236 1595 Cuptes
1250 1560 1371 1587 astutus
1385 1557 1509 1596 ubique]
1521 1569 1524 1574 ·
1537 1558 1717 1588 Ditescere
1732 1557 1804 1597 qui-

1122 1604 1196 1634 dem
1214 1604 1362 1644 quamvis
1379 1605 1511 1644 sapiens
1533 1608 1631 1644 optat
1653 1604 1805 1644 ulysses,

1123 1651 1182 1681 sed
1205 1651 1283 1688 alia,
1305 1660 1401 1690 quam
1422 1652 1563 1682 Tiresias
1583 1657 1808 1691 suggesserat,

1123 1699 1266 1728 ratione.
1306 1698 1351 1728 At
1364 1699 1419 1728 liic
1434 1702 1560 1737 perstat
1575 1699 1608 1728 in
1623 1699 1806 1732 sententia:

1125 1756 1190 1787 quo
1205 1746 1393 1786 significare
1410 1748 1513 1778 voluit
1541 1747 1649 1779 Poeta
1673 1748 1808 1789 lepidis-

1125 1796 1226 1826 simus
1254 1799 1417 1835 quaestum
1447 1795 1538 1826 illum
1567 1796 1679 1827 Romae
1707 1795 1808 1828 fnisse

1126 1843 1338 1882 uberrimum,
1350 1853 1423 1874 cum
1441 1843 1501 1882 illi,
1517 1853 1599 1884 quos
1614 1843 1810 1885 ‘heredipe-

1127 1896 1179 1922 tas
1191 1891 1199 1904 ¹
1221 1892 1396 1927 vocabant,
1418 1892 1569 1923 simulato
1587 1892 1760 1933 obsequio,
1773 1898 1810 1924 et

1126 1941 1328 1971 munusculis
1344 1941 1462 1975 missis,
1475 1940 1628 1980 divitum,
1643 1942 1698 1981 qui
1713 1950 1808 1972 senes

1127 1995 1161 2021 et
1177 1990 1248 2020 orbi
1264 1994 1387 2025 essent,
1403 1999 1554 2030 suprema
1564 1989 1695 2029 judicia
1709 1999 1807 2022 aucu-

1128 2039 1306 2078 pabantur,
1320 2040 1382 2070 hoc
1398 2039 1498 2079 igitur
1513 2043 1566 2069 est
1578 2040 1587 2056 ‘
1597 2043 1733 2078 captare
1745 2044 1810 2071 tes-

1129 2087 1304 2118 tamenta?
1321 2088 1383 2118 hoc
1399 2091 1538 2126 captare
1555 2087 1627 2118 illos
1642 2087 1730 2126 ipsos
1741 2088 1812 2128 qui-

1128 2136 1189 2166 bus
1205 2135 1333 2165 insidiae
1348 2135 1448 2165 fiunt:
1464 2136 1526 2165 hoc
1542 2136 1700 2174 ‘captare
1716 2135 1810 2166 here.-

1127 2183 1251 2212 ditates
1277 2186 1335 2211 aut
1361 2181 1497 2219 legata,’
1523 2181 1610 2220 apud
1633 2181 1752 2219 JCtos,
1775 2186 1810 2213 et

1127 2231 1202 2260 hinc
1219 2230 1334 2260 vetitae
1350 2229 1576 2259 institutiones
1601 2230 1810 2270 captatus-iae,

1127 2283 1183 2308 aut
1199 2278 1316 2308 saltem
1332 2286 1392 2316 pro
1405 2285 1470 2306 non
1486 2277 1622 2316 scriptis
1637 2277 1810 2319 habenda,

1129 2336 1202 2367 quae
1214 2326 1383 2356 eliciendae
1397 2325 1515 2355 alienae
1526 2325 1707 2357 voluntatis
1717 2335 1813 2358 caus·

1129 2385 1165 2405 sa
1180 2376 1276 2406 flunt.
1303 2375 1441 2405 Torrent.
1494 2374 1662 2413 [Vallicel.
1677 2378 1705 2408 1.
1719 2380 1749 2408 et
1762 2377 1809 2408 di-

1128 2423 1220 2462 carm]

1171 2475 1211 2503 24
1235 2472 1306 2502 Neu
1329 2472 1357 2501 εἰ
1380 2471 1476 2509 vqfer,
1498 2470 1564 2510 ξω]
1591 2472 1754 2513 Praecipit
1776 2475 1810 2505 in

1130 2520 1282 2551 instituto
1305 2529 1378 2550 esse
1401 2519 1629 2550 obdurandum
1655 2521 1810 2560 animum,

1130 2579 1192 2600 nec
1207 2567 1381 2599 confestim
1397 2567 1650 2607 desperandum,
1665 2570 1692 2600 si
1707 2571 1810 2602 semel

1131 2622 1165 2648 et
1178 2618 1297 2648 iterum
1314 2626 1366 2647 res
1390 2617 1461 2656 ipsa
1475 2626 1540 2647 non
1555 2620 1753 2650 successerit
1768 2629 1810 2651 ex

1132 2666 1230 2696 animi
1243 2665 1430 2704 sententia;
1453 2674 1526 2696 nam
1541 2666 1596 2706 qui
1611 2666 1737 2698 lucrum
1753 2677 1811 2700 cu·

1132 2715 1195 2754 pit,
1219 2713 1374 2744 damnum
1392 2713 1537 2753 patiatur
1552 2719 1695 2755 oportet.
1716 2712 1809 2756 cruq.

1131 2764 1227 2804 [Vat.
1244 2763 1356 2794 Paiat.
1370 2765 1401 2794 3.
1415 2771 1453 2793 ne
1465 2761 1520 2802 δὴ]
