<?xml version="1.0" encoding="UTF-8"?>
<!DOCTYPE html PUBLIC "-//W3C//DTD XHTML 1.0 Transitional//EN"
    "http://www.w3.org/TR/xhtml1/DTD/xhtml1-transitional.dtd">
<html xmlns="http://www.w3.org/1999/xhtml" xml:lang="en" lang="en">
 <head>
  <title>
</title>
<meta http-equiv="Content-Type" content="text/html;charset=utf-8" />
  <meta name='ocr-system' content='tesseract 3.04.00' />
  <meta name='ocr-capabilities' content='ocr_page ocr_carea ocr_par ocr_line ocrx_word'/>
</head>
<body>
  <div class='ocr_page' id='page_1' title='image "./operazeune03horauoft/operazeune03horauoft_0283.png"; bbox 0 0 1916 3262; ppageno 0'>
   <div class='ocr_carea' id='block_1_1' title="bbox 476 291 1304 337">
    <p class='ocr_par' dir='ltr' id='par_1_1' title="bbox 476 291 1304 337">
     <span class='ocr_line' id='line_1_1' title="bbox 476 291 1304 337; baseline -0.005 0"><span class='ocrx_word' id='word_1_1' title='bbox 476 302 683 337; x_wconf 71' lang='grc' dir='ltr'><strong>ιιοιυιτιι</strong></span> <span class='ocrx_word' id='word_1_2' title='bbox 717 302 991 334; x_wconf 66' lang='lat' dir='ltr'><strong>mmmmm</strong></span> <span class='ocrx_word' id='word_1_3' title='bbox 1025 302 1120 333; x_wconf 78' lang='lat' dir='ltr'><strong>Lm.</strong></span> <span class='ocrx_word' id='word_1_4' title='bbox 1153 303 1206 332; x_wconf 86' lang='lat'><strong>11.</strong></span> <span class='ocrx_word' id='word_1_5' title='bbox 1235 291 1304 333; x_wconf 75' lang='lat'><strong>20.</strong></span> 
     </span>
    </p>
   </div>
   <div class='ocr_carea' id='block_1_2' title="bbox 137 396 856 2892">
    <p class='ocr_par' dir='ltr' id='par_1_2' title="bbox 154 396 856 639">
     <span class='ocr_line' id='line_1_2' title="bbox 155 396 856 442; baseline -0.006 -10"><span class='ocrx_word' id='word_1_6' title='bbox 155 399 457 442; x_wconf 80' lang='lat' dir='ltr'><strong>tenditlegendum</strong></span> <span class='ocrx_word' id='word_1_7' title='bbox 469 408 544 431; x_wconf 82' lang='lat' dir='ltr'><strong>esse</strong></span> <span class='ocrx_word' id='word_1_8' title='bbox 552 399 627 436; x_wconf 75' lang='lat' dir='ltr'><strong>leni,</strong></span> <span class='ocrx_word' id='word_1_9' title='bbox 639 397 683 430; x_wconf 85' lang='lat' dir='ltr'><strong>ob</strong></span> <span class='ocrx_word' id='word_1_10' title='bbox 694 396 856 429; x_wconf 81' lang='lat' dir='ltr'><strong>carminis</strong></span> 
     </span>
     <span class='ocr_line' id='line_1_3' title="bbox 155 446 855 492; baseline -0.007 -10"><span class='ocrx_word' id='word_1_11' title='bbox 155 451 265 491; x_wconf 82' lang='lat' dir='ltr'><strong>legem</strong></span> <span class='ocrx_word' id='word_1_12' title='bbox 276 462 285 482; x_wconf 70' lang='grc' dir='ltr'><strong>ι</strong></span> <span class='ocrx_word' id='word_1_13' title='bbox 295 459 460 492; x_wconf 80' lang='lat' dir='ltr'>nusquam</span> <span class='ocrx_word' id='word_1_14' title='bbox 470 449 558 481; x_wconf 89' lang='lat' dir='ltr'><strong>enim</strong></span> <span class='ocrx_word' id='word_1_15' title='bbox 566 457 607 480; x_wconf 88' lang='lat' dir='ltr'><strong>eo</strong></span> <span class='ocrx_word' id='word_1_16' title='bbox 617 447 691 479; x_wconf 85' lang='lat' dir='ltr'><strong>loco</strong></span> <span class='ocrx_word' id='word_1_17' title='bbox 699 446 855 478; x_wconf 87' lang='lat' dir='ltr'><strong>Iambum</strong></span> 
     </span>
     <span class='ocr_line' id='line_1_4' title="bbox 155 495 852 541; baseline -0.001 -11"><span class='ocrx_word' id='word_1_18' title='bbox 155 501 321 541; x_wconf 76' lang='lat' dir='ltr'><strong>reperias.</strong></span> <span class='ocrx_word' id='word_1_19' title='bbox 366 500 440 531; x_wconf 73' lang='lat' dir='ltr'><strong>Non</strong></span> <span class='ocrx_word' id='word_1_20' title='bbox 454 498 515 531; x_wconf 79' lang='lat' dir='ltr'><strong>levi</strong></span> <span class='ocrx_word' id='word_1_21' title='bbox 527 496 636 537; x_wconf 75' lang='lat' dir='ltr'><strong>ruina]</strong></span> <span class='ocrx_word' id='word_1_22' title='bbox 666 495 747 536; x_wconf 87' lang='lat' dir='ltr'><strong>Alii,</strong></span> <span class='ocrx_word' id='word_1_23' title='bbox 762 497 852 529; x_wconf 78' lang='lat' dir='ltr'><strong>loeva.</strong></span> 
     </span>
     <span class='ocr_line' id='line_1_5' title="bbox 156 547 854 589; baseline -0.006 -7"><span class='ocrx_word' id='word_1_24' title='bbox 156 549 271 582; x_wconf 81' lang='lat' dir='ltr'><strong>Ruina</strong></span> <span class='ocrx_word' id='word_1_25' title='bbox 285 551 373 582; x_wconf 85' lang='lat' dir='ltr'><strong>laeva</strong></span> <span class='ocrx_word' id='word_1_26' title='bbox 386 550 429 581; x_wconf 83' lang='lat' dir='ltr'><strong>ab</strong></span> <span class='ocrx_word' id='word_1_27' title='bbox 443 549 532 581; x_wconf 83' lang='lat' dir='ltr'><strong>irato</strong></span> <span class='ocrx_word' id='word_1_28' title='bbox 547 548 621 579; x_wconf 89' lang='lat' dir='ltr'><strong>Deo</strong></span> <span class='ocrx_word' id='word_1_29' title='bbox 636 547 745 588; x_wconf 83' lang='lat' dir='ltr'><strong>illata,</strong></span> <span class='ocrx_word' id='word_1_30' title='bbox 763 547 854 589; x_wconf 86' lang='lat' dir='ltr'><strong>quod</strong></span> 
     </span>
     <span class='ocr_line' id='line_1_6' title="bbox 154 600 738 639; baseline -0.003 -8"><span class='ocrx_word' id='word_1_31' title='bbox 154 601 316 632; x_wconf 86' lang='lat' dir='ltr'><strong>mulieres</strong></span> <span class='ocrx_word' id='word_1_32' title='bbox 333 600 537 632; x_wconf 68' lang='lat' dir='ltr'>bacchantes</span> <span class='ocrx_word' id='word_1_33' title='bbox 549 602 738 639; x_wconf 82' lang='lat' dir='ltr'><strong>spectaret.</strong></span> 
     </span>
    </p>

    <p class='ocr_par' dir='ltr' id='par_1_3' title="bbox 152 649 854 885">
     <span class='ocr_line' id='line_1_7' title="bbox 200 649 853 693; baseline -0.005 -10"><span class='ocrx_word' id='word_1_34' title='bbox 200 655 241 683; x_wconf 80' lang='lat'><strong>16</strong></span> <span class='ocrx_word' id='word_1_35' title='bbox 267 651 423 693; x_wconf 74' lang='lat' dir='ltr'><strong>Lycurgi]</strong></span> <span class='ocrx_word' id='word_1_36' title='bbox 461 649 540 682; x_wconf 84' lang='lat' dir='ltr'>Fuit</span> <span class='ocrx_word' id='word_1_37' title='bbox 574 649 754 690; x_wconf 79' lang='lat' dir='ltr'><strong>Lycurgus</strong></span> <span class='ocrx_word' id='word_1_38' title='bbox 791 657 853 680; x_wconf 86' lang='lat' dir='ltr'><strong>rex</strong></span> 
     </span>
     <span class='ocr_line' id='line_1_8' title="bbox 153 699 854 743; baseline -0.006 -9"><span class='ocrx_word' id='word_1_39' title='bbox 153 703 320 739; x_wconf 82' lang='lat' dir='ltr'><strong>Thraciae,</strong></span> <span class='ocrx_word' id='word_1_40' title='bbox 341 700 509 743; x_wconf 74' lang='lat' dir='ltr'><strong>Dryantis</strong></span> <span class='ocrx_word' id='word_1_41' title='bbox 528 699 632 740; x_wconf 75' lang='lat' dir='ltr'><strong>filius,</strong></span> <span class='ocrx_word' id='word_1_42' title='bbox 655 700 714 740; x_wconf 89' lang='lat' dir='ltr'><strong>qui</strong></span> <span class='ocrx_word' id='word_1_43' title='bbox 729 709 749 730; x_wconf 86' lang='lat' dir='ltr'><strong>a</strong></span> <span class='ocrx_word' id='word_1_44' title='bbox 764 699 854 731; x_wconf 87' lang='lat' dir='ltr'><strong>Bac-</strong></span> 
     </span>
     <span class='ocr_line' id='line_1_9' title="bbox 152 749 854 790; baseline -0.007 -6"><span class='ocrx_word' id='word_1_45' title='bbox 152 754 216 784; x_wconf 83' lang='lat' dir='ltr'><strong>cho</strong></span> <span class='ocrx_word' id='word_1_46' title='bbox 231 753 265 783; x_wconf 86' lang='lat' dir='ltr'><strong>in</strong></span> <span class='ocrx_word' id='word_1_47' title='bbox 278 751 429 783; x_wconf 86' lang='lat' dir='ltr'><strong>furorem</strong></span> <span class='ocrx_word' id='word_1_48' title='bbox 446 758 575 790; x_wconf 79' lang='lat' dir='ltr'><strong>versus,</strong></span> <span class='ocrx_word' id='word_1_49' title='bbox 591 754 628 781; x_wconf 85' lang='lat' dir='ltr'><strong>et</strong></span> <span class='ocrx_word' id='word_1_50' title='bbox 644 749 731 781; x_wconf 84' lang='lat' dir='ltr'><strong>vites</strong></span> <span class='ocrx_word' id='word_1_51' title='bbox 746 749 854 780; x_wconf 86' lang='lat' dir='ltr'><strong>inter-</strong></span> 
     </span>
     <span class='ocr_line' id='line_1_10' title="bbox 153 799 854 843; baseline -0.006 -8"><span class='ocrx_word' id='word_1_52' title='bbox 153 811 270 835; x_wconf 77' lang='lat' dir='ltr'><strong>secare</strong></span> <span class='ocrx_word' id='word_1_53' title='bbox 285 807 442 843; x_wconf 81' lang='lat' dir='ltr'><strong>conatus,</strong></span> <span class='ocrx_word' id='word_1_54' title='bbox 461 809 558 833; x_wconf 85' lang='lat' dir='ltr'><strong>crura</strong></span> <span class='ocrx_word' id='word_1_55' title='bbox 576 809 638 832; x_wconf 82' lang='lat' dir='ltr'><strong>sua</strong></span> <span class='ocrx_word' id='word_1_56' title='bbox 654 799 720 832; x_wconf 84' lang='lat' dir='ltr'><strong>sibi</strong></span> <span class='ocrx_word' id='word_1_57' title='bbox 736 809 854 841; x_wconf 90' lang='lat' dir='ltr'><strong>ampu-</strong></span> 
     </span>
     <span class='ocr_line' id='line_1_11' title="bbox 153 853 253 885; baseline 0.01 -1"><span class='ocrx_word' id='word_1_58' title='bbox 153 853 253 885; x_wconf 82' lang='lat' dir='ltr'><strong>tavit.</strong></span> 
     </span>
    </p>

    <p class='ocr_par' dir='ltr' id='par_1_4' title="bbox 149 901 855 1035">
     <span class='ocr_line' id='line_1_12' title="bbox 194 901 855 941; baseline 0 -8"><span class='ocrx_word' id='word_1_59' title='bbox 194 905 236 935; x_wconf 79' lang='grc'><strong>17</strong></span> <span class='ocrx_word' id='word_1_60' title='bbox 257 902 352 934; x_wconf 73' lang='lat' dir='ltr'><strong>Mare</strong></span> <span class='ocrx_word' id='word_1_61' title='bbox 366 901 547 941; x_wconf 77' lang='lat' dir='ltr'><strong>barbarum]</strong></span> <span class='ocrx_word' id='word_1_62' title='bbox 579 902 679 934; x_wconf 86' lang='lat' dir='ltr'><strong>Mare</strong></span> <span class='ocrx_word' id='word_1_63' title='bbox 694 901 855 934; x_wconf 86' lang='lat' dir='ltr'><strong>Indicum</strong></span> 
     </span>
     <span class='ocr_line' id='line_1_13' title="bbox 150 952 854 994; baseline -0.003 -9"><span class='ocrx_word' id='word_1_64' title='bbox 150 953 289 993; x_wconf 56' lang='lat' dir='ltr'><strong>deman</strong></span> <span class='ocrx_word' id='word_1_65' title='bbox 313 963 393 985; x_wconf 87' lang='lat' dir='ltr'><strong>nam</strong></span> <span class='ocrx_word' id='word_1_66' title='bbox 416 952 522 984; x_wconf 87' lang='lat' dir='ltr'><strong>Indos</strong></span> <span class='ocrx_word' id='word_1_67' title='bbox 546 953 703 984; x_wconf 86' lang='lat' dir='ltr'><strong>Bacchus</strong></span> <span class='ocrx_word' id='word_1_68' title='bbox 718 962 854 994; x_wconf 86' lang='lat' dir='ltr'><strong>supera·</strong></span> 
     </span>
     <span class='ocr_line' id='line_1_14' title="bbox 149 1007 260 1035; baseline 0.009 -1"><span class='ocrx_word' id='word_1_69' title='bbox 149 1007 260 1035; x_wconf 78' lang='lat' dir='ltr'><strong>vernt.</strong></span> 
     </span>
    </p>

    <p class='ocr_par' dir='ltr' id='par_1_5' title="bbox 149 1051 854 1243">
     <span class='ocr_line' id='line_1_15' title="bbox 192 1051 854 1094; baseline 0.002 -10"><span class='ocrx_word' id='word_1_70' title='bbox 192 1055 234 1084; x_wconf 84' lang='grc'><strong>18</strong></span> <span class='ocrx_word' id='word_1_71' title='bbox 254 1053 376 1084; x_wconf 79' lang='lat' dir='ltr'><strong>Uvidus</strong></span> <span class='ocrx_word' id='word_1_72' title='bbox 396 1053 433 1084; x_wconf 74' lang='lat' dir='ltr'><strong>in</strong></span> <span class='ocrx_word' id='word_1_73' title='bbox 453 1052 564 1094; x_wconf 73' lang='lat' dir='ltr'><strong>Jugis]</strong></span> <span class='ocrx_word' id='word_1_74' title='bbox 588 1052 643 1084; x_wconf 91' lang='lat' dir='ltr'><strong>Tu</strong></span> <span class='ocrx_word' id='word_1_75' title='bbox 666 1051 792 1089; x_wconf 85' lang='lat' dir='ltr'><strong>ebrius,</strong></span> <span class='ocrx_word' id='word_1_76' title='bbox 816 1057 854 1085; x_wconf 89' lang='lat' dir='ltr'><strong>et</strong></span> 
     </span>
     <span class='ocr_line' id='line_1_16' title="bbox 149 1102 853 1143; baseline 0.001 -10"><span class='ocrx_word' id='word_1_77' title='bbox 149 1103 231 1134; x_wconf 77' lang='lat' dir='ltr'><strong>vino</strong></span> <span class='ocrx_word' id='word_1_78' title='bbox 259 1102 415 1135; x_wconf 85' lang='lat' dir='ltr'><strong>madidus</strong></span> <span class='ocrx_word' id='word_1_79' title='bbox 440 1104 474 1134; x_wconf 90' lang='lat' dir='ltr'><strong>in</strong></span> <span class='ocrx_word' id='word_1_80' title='bbox 498 1103 640 1135; x_wconf 82' lang='lat' dir='ltr'><strong>remotis</strong></span> <span class='ocrx_word' id='word_1_81' title='bbox 666 1103 853 1143; x_wconf 80' lang='lat' dir='ltr'><strong>montibus,</strong></span> 
     </span>
     <span class='ocr_line' id='line_1_17' title="bbox 150 1152 852 1193; baseline 0.003 -10"><span class='ocrx_word' id='word_1_82' title='bbox 150 1152 282 1193; x_wconf 77' lang='lat' dir='ltr'><strong>colligis</strong></span> <span class='ocrx_word' id='word_1_83' title='bbox 306 1153 340 1183; x_wconf 88' lang='lat' dir='ltr'><strong>in</strong></span> <span class='ocrx_word' id='word_1_84' title='bbox 365 1152 490 1184; x_wconf 89' lang='lat' dir='ltr'><strong>nodum</strong></span> <span class='ocrx_word' id='word_1_85' title='bbox 511 1153 690 1184; x_wconf 84' lang='lat' dir='ltr'><strong>mulierum</strong></span> <span class='ocrx_word' id='word_1_86' title='bbox 706 1153 852 1185; x_wconf 84' lang='lat' dir='ltr'><strong>Thraca-</strong></span> 
     </span>
     <span class='ocr_line' id='line_1_18' title="bbox 151 1202 798 1243; baseline 0.003 -10"><span class='ocrx_word' id='word_1_87' title='bbox 151 1212 226 1234; x_wconf 85' lang='lat' dir='ltr'><strong>rum</strong></span> <span class='ocrx_word' id='word_1_88' title='bbox 242 1212 356 1234; x_wconf 82' lang='lat' dir='ltr'><strong>comas</strong></span> <span class='ocrx_word' id='word_1_89' title='bbox 371 1203 588 1243; x_wconf 78' lang='lat' dir='ltr'><strong>serpentibus</strong></span> <span class='ocrx_word' id='word_1_90' title='bbox 605 1202 798 1243; x_wconf 81' lang='lat' dir='ltr'><strong>implicitas.</strong></span> 
     </span>
    </p>

    <p class='ocr_par' dir='ltr' id='par_1_6' title="bbox 146 1252 852 1584">
     <span class='ocr_line' id='line_1_19' title="bbox 196 1252 852 1292; baseline 0.003 -9"><span class='ocrx_word' id='word_1_91' title='bbox 196 1255 238 1284; x_wconf 82' lang='grc'><strong>19</strong></span> <span class='ocrx_word' id='word_1_92' title='bbox 260 1252 354 1284; x_wconf 83' lang='lat' dir='ltr'><strong>Nodo</strong></span> <span class='ocrx_word' id='word_1_93' title='bbox 381 1252 520 1292; x_wconf 59' lang='lat' dir='ltr'><strong>coir-ces]</strong></span> <span class='ocrx_word' id='word_1_94' title='bbox 553 1253 605 1284; x_wconf 77' lang='lat' dir='ltr'><strong>&#39;ru</strong></span> <span class='ocrx_word' id='word_1_95' title='bbox 635 1253 852 1285; x_wconf 86' lang='lat' dir='ltr'><strong>Bistonidum</strong></span> 
     </span>
     <span class='ocr_line' id='line_1_20' title="bbox 150 1302 852 1335; baseline 0.001 -2"><span class='ocrx_word' id='word_1_96' title='bbox 150 1302 399 1334; x_wconf 80' lang='lat' dir='ltr'><strong>Baccltantium</strong></span> <span class='ocrx_word' id='word_1_97' title='bbox 421 1307 457 1333; x_wconf 85' lang='lat' dir='ltr'><strong>et</strong></span> <span class='ocrx_word' id='word_1_98' title='bbox 482 1308 518 1334; x_wconf 91' lang='lat' dir='ltr'><strong>te</strong></span> <span class='ocrx_word' id='word_1_99' title='bbox 537 1303 723 1334; x_wconf 83' lang='lat' dir='ltr'><strong>colentium</strong></span> <span class='ocrx_word' id='word_1_100' title='bbox 740 1303 852 1335; x_wconf 83' lang='lat' dir='ltr'><strong>crines</strong></span> 
     </span>
     <span class='ocr_line' id='line_1_21' title="bbox 147 1352 852 1393; baseline 0.003 -11"><span class='ocrx_word' id='word_1_101' title='bbox 147 1352 237 1384; x_wconf 85' lang='lat' dir='ltr'><strong>nodo</strong></span> <span class='ocrx_word' id='word_1_102' title='bbox 264 1353 377 1393; x_wconf 88' lang='lat' dir='ltr'><strong>aliquo</strong></span> <span class='ocrx_word' id='word_1_103' title='bbox 407 1353 614 1391; x_wconf 83' lang='lat' dir='ltr'><strong>constringis</strong></span> <span class='ocrx_word' id='word_1_104' title='bbox 640 1357 676 1382; x_wconf 89' lang='lat' dir='ltr'><strong>et</strong></span> <span class='ocrx_word' id='word_1_105' title='bbox 699 1352 852 1392; x_wconf 65' lang='lat' dir='ltr'><strong>coerces,</strong></span> 
     </span>
     <span class='ocr_line' id='line_1_22' title="bbox 148 1401 851 1442; baseline 0.001 -10"><span class='ocrx_word' id='word_1_106' title='bbox 148 1403 203 1433; x_wconf 85' lang='lat' dir='ltr'><strong>cui</strong></span> <span class='ocrx_word' id='word_1_107' title='bbox 239 1401 369 1441; x_wconf 79' lang='lat' dir='ltr'><strong>viperae</strong></span> <span class='ocrx_word' id='word_1_108' title='bbox 405 1401 589 1440; x_wconf 71' lang='lat' dir='ltr'><strong>implicata:</strong></span> <span class='ocrx_word' id='word_1_109' title='bbox 626 1405 718 1440; x_wconf 85' lang='lat' dir='ltr'><strong>sunt,</strong></span> <span class='ocrx_word' id='word_1_110' title='bbox 748 1401 851 1442; x_wconf 86' lang='lat' dir='ltr'><strong>idque</strong></span> 
     </span>
     <span class='ocr_line' id='line_1_23' title="bbox 146 1450 849 1492; baseline 0.004 -11"><span class='ocrx_word' id='word_1_111' title='bbox 146 1451 300 1492; x_wconf 83' lang='lat' dir='ltr'><strong>impune,</strong></span> <span class='ocrx_word' id='word_1_112' title='bbox 335 1450 409 1481; x_wconf 86' lang='lat' dir='ltr'><strong>sine</strong></span> <span class='ocrx_word' id='word_1_113' title='bbox 449 1450 571 1482; x_wconf 82' lang='lat' dir='ltr'><strong>fraude</strong></span> <span class='ocrx_word' id='word_1_114' title='bbox 601 1455 638 1482; x_wconf 86' lang='lat' dir='ltr'><strong>et</strong></span> <span class='ocrx_word' id='word_1_115' title='bbox 672 1451 849 1492; x_wconf 85' lang='lat' dir='ltr'><strong>periculo;</strong></span> 
     </span>
     <span class='ocr_line' id='line_1_24' title="bbox 146 1499 850 1542; baseline 0.003 -11"><span class='ocrx_word' id='word_1_116' title='bbox 146 1501 274 1542; x_wconf 81' lang='lat' dir='ltr'><strong>viperae</strong></span> <span class='ocrx_word' id='word_1_117' title='bbox 297 1500 387 1532; x_wconf 88' lang='lat' dir='ltr'><strong>enim</strong></span> <span class='ocrx_word' id='word_1_118' title='bbox 410 1499 492 1541; x_wconf 80' lang='lat' dir='ltr'><strong>ipsis</strong></span> <span class='ocrx_word' id='word_1_119' title='bbox 521 1500 603 1532; x_wconf 79' lang='lat' dir='ltr'><strong>nihil</strong></span> <span class='ocrx_word' id='word_1_120' title='bbox 626 1507 763 1533; x_wconf 87' lang='lat' dir='ltr'><strong>nocent.</strong></span> <span class='ocrx_word' id='word_1_121' title='bbox 786 1501 850 1533; x_wconf 82' lang='lat' dir='ltr'><strong>Lu·</strong></span> 
     </span>
     <span class='ocr_line' id='line_1_25' title="bbox 146 1551 211 1584; baseline 0.031 -2"><span class='ocrx_word' id='word_1_122' title='bbox 146 1551 211 1584; x_wconf 72' lang='lat' dir='ltr'><strong>bin.</strong></span> 
     </span>
    </p>

    <p class='ocr_par' dir='ltr' id='par_1_7' title="bbox 137 1602 851 1793">
     <span class='ocr_line' id='line_1_26' title="bbox 187 1602 851 1644; baseline 0.005 -12"><span class='ocrx_word' id='word_1_123' title='bbox 187 1604 231 1633; x_wconf 85' lang='lat'><strong>20</strong></span> <span class='ocrx_word' id='word_1_124' title='bbox 254 1602 476 1643; x_wconf 77' lang='lat' dir='ltr'><strong>Sinefraude]</strong></span> <span class='ocrx_word' id='word_1_125' title='bbox 499 1603 675 1644; x_wconf 86' lang='lat' dir='ltr'><strong>Frequens</strong></span> <span class='ocrx_word' id='word_1_126' title='bbox 685 1603 776 1644; x_wconf 86' lang='lat' dir='ltr'><strong>apud</strong></span> <span class='ocrx_word' id='word_1_127' title='bbox 789 1603 851 1636; x_wconf 87' lang='lat' dir='ltr'><strong>Ju-</strong></span> 
     </span>
     <span class='ocr_line' id='line_1_27' title="bbox 146 1651 850 1695; baseline 0.004 -12"><span class='ocrx_word' id='word_1_128' title='bbox 146 1651 368 1683; x_wconf 77' lang='lat' dir='ltr'><strong>risconsultos</strong></span> <span class='ocrx_word' id='word_1_129' title='bbox 391 1652 556 1689; x_wconf 85' lang='lat' dir='ltr'><strong>clausula,</strong></span> <span class='ocrx_word' id='word_1_130' title='bbox 570 1661 634 1693; x_wconf 81' lang='lat' dir='ltr'><strong>pro</strong></span> <span class='ocrx_word' id='word_1_131' title='bbox 649 1653 722 1684; x_wconf 84' lang='lat' dir='ltr'><strong>siue</strong></span> <span class='ocrx_word' id='word_1_132' title='bbox 737 1663 850 1695; x_wconf 79' lang='lat' dir='ltr'><strong>poena,</strong></span> 
     </span>
     <span class='ocr_line' id='line_1_28' title="bbox 146 1702 850 1744; baseline 0.003 -10"><span class='ocrx_word' id='word_1_133' title='bbox 146 1703 220 1734; x_wconf 77' lang='lat' dir='ltr'><strong>sine</strong></span> <span class='ocrx_word' id='word_1_134' title='bbox 234 1702 400 1744; x_wconf 81' lang='lat' dir='ltr'><strong>periculo,</strong></span> <span class='ocrx_word' id='word_1_135' title='bbox 411 1703 562 1744; x_wconf 88' lang='lat' dir='ltr'><strong>impune.</strong></span> <span class='ocrx_word' id='word_1_136' title='bbox 588 1704 736 1736; x_wconf 70' lang='lat' dir='ltr'><strong>Torreat.</strong></span> <span class='ocrx_word' id='word_1_137' title='bbox 773 1704 850 1736; x_wconf 79' lang='lat' dir='ltr'><strong>Sine</strong></span> 
     </span>
     <span class='ocr_line' id='line_1_29' title="bbox 137 1751 612 1793; baseline 0.004 -10"><span class='ocrx_word' id='word_1_138' title='bbox 137 1751 272 1793; x_wconf 78' lang='lat' dir='ltr'><strong>fraude]</strong></span> <span class='ocrx_word' id='word_1_139' title='bbox 293 1753 376 1784; x_wconf 90' lang='lat' dir='ltr'><strong>Sine</strong></span> <span class='ocrx_word' id='word_1_140' title='bbox 392 1754 460 1785; x_wconf 87' lang='lat' dir='ltr'><strong>ullo</strong></span> <span class='ocrx_word' id='word_1_141' title='bbox 476 1753 612 1786; x_wconf 87' lang='lat' dir='ltr'><strong>damno.</strong></span> 
     </span>
    </p>

    <p class='ocr_par' dir='ltr' id='par_1_8' title="bbox 144 1802 848 1891">
     <span class='ocr_line' id='line_1_30' title="bbox 187 1802 848 1842; baseline 0.003 -9"><span class='ocrx_word' id='word_1_142' title='bbox 187 1805 230 1833; x_wconf 83' lang='grc'><strong>21</strong></span> <span class='ocrx_word' id='word_1_143' title='bbox 252 1802 320 1834; x_wconf 83' lang='lat' dir='ltr'><strong>Per</strong></span> <span class='ocrx_word' id='word_1_144' title='bbox 333 1802 481 1842; x_wconf 76' lang='lat' dir='ltr'><strong>arduum]</strong></span> <span class='ocrx_word' id='word_1_145' title='bbox 493 1803 563 1834; x_wconf 88' lang='lat' dir='ltr'><strong>Per</strong></span> <span class='ocrx_word' id='word_1_146' title='bbox 576 1802 698 1834; x_wconf 82' lang='lat' dir='ltr'><strong>arduos</strong></span> <span class='ocrx_word' id='word_1_147' title='bbox 713 1807 848 1835; x_wconf 82' lang='lat' dir='ltr'><strong>montes</strong></span> 
     </span>
     <span class='ocr_line' id='line_1_31' title="bbox 144 1850 572 1891; baseline 0.005 -10"><span class='ocrx_word' id='word_1_148' title='bbox 144 1850 237 1882; x_wconf 84' lang='lat' dir='ltr'><strong>inter</strong></span> <span class='ocrx_word' id='word_1_149' title='bbox 251 1860 287 1882; x_wconf 84' lang='lat' dir='ltr'><strong>se</strong></span> <span class='ocrx_word' id='word_1_150' title='bbox 304 1856 572 1891; x_wconf 85' lang='lat' dir='ltr'><strong>superstructos.</strong></span> 
     </span>
    </p>

    <p class='ocr_par' dir='ltr' id='par_1_9' title="bbox 141 1900 850 2297">
     <span class='ocr_line' id='line_1_32' title="bbox 188 1900 849 1940; baseline 0.005 -9"><span class='ocrx_word' id='word_1_151' title='bbox 188 1902 232 1931; x_wconf 76' lang='grc'><strong>23</strong></span> <span class='ocrx_word' id='word_1_152' title='bbox 257 1900 421 1940; x_wconf 66' lang='lat' dir='ltr'><strong>Rkoecum]</strong></span> <span class='ocrx_word' id='word_1_153' title='bbox 443 1900 539 1932; x_wconf 86' lang='lat' dir='ltr'><strong>Libri</strong></span> <span class='ocrx_word' id='word_1_154' title='bbox 563 1901 646 1932; x_wconf 82' lang='lat' dir='ltr'><strong>Mss.</strong></span> <span class='ocrx_word' id='word_1_155' title='bbox 662 1911 778 1934; x_wconf 79' lang='lat' dir='ltr'><strong>ornnes</strong></span> <span class='ocrx_word' id='word_1_156' title='bbox 795 1902 849 1934; x_wconf 83' lang='lat' dir='ltr'><strong>vel</strong></span> 
     </span>
     <span class='ocr_line' id='line_1_33' title="bbox 147 1950 848 1994; baseline 0.004 -13"><span class='ocrx_word' id='word_1_157' title='bbox 147 1950 308 1990; x_wconf 64' lang='lat' dir='ltr'><strong>Rhoetum,</strong></span> <span class='ocrx_word' id='word_1_158' title='bbox 330 1950 385 1982; x_wconf 81' lang='lat' dir='ltr'><strong>vel</strong></span> <span class='ocrx_word' id='word_1_159' title='bbox 401 1950 540 1982; x_wconf 77' lang='lat' dir='ltr'><strong>Roetum.</strong></span> <span class='ocrx_word' id='word_1_160' title='bbox 588 1952 718 1984; x_wconf 74' lang='lat' dir='ltr'><strong>thoetus</strong></span> <span class='ocrx_word' id='word_1_161' title='bbox 732 1953 848 1994; x_wconf 86' lang='lat' dir='ltr'><strong>itaque</strong></span> 
     </span>
     <span class='ocr_line' id='line_1_34' title="bbox 145 2000 850 2043; baseline 0.007 -13"><span class='ocrx_word' id='word_1_162' title='bbox 145 2000 362 2032; x_wconf 86' lang='lat' dir='ltr'><strong>retinendum</strong></span> <span class='ocrx_word' id='word_1_163' title='bbox 405 2010 542 2042; x_wconf 88' lang='lat' dir='ltr'><strong>censeo,</strong></span> <span class='ocrx_word' id='word_1_164' title='bbox 587 2011 650 2042; x_wconf 90' lang='lat' dir='ltr'><strong>pro</strong></span> <span class='ocrx_word' id='word_1_165' title='bbox 688 2003 850 2043; x_wconf 77' lang='lat' dir='ltr'><strong>Gigante-</strong></span> 
     </span>
     <span class='ocr_line' id='line_1_35' title="bbox 145 2049 848 2092; baseline 0.004 -11"><span class='ocrx_word' id='word_1_166' title='bbox 145 2049 310 2090; x_wconf 59' lang='grc' dir='ltr'>Μυκη]</span> <span class='ocrx_word' id='word_1_167' title='bbox 346 2050 510 2082; x_wconf 84' lang='lat' dir='ltr'><strong>Rhoecum</strong></span> <span class='ocrx_word' id='word_1_168' title='bbox 535 2051 722 2092; x_wconf 82' lang='lat' dir='ltr'><strong>Gigantem</strong></span> <span class='ocrx_word' id='word_1_169' title='bbox 746 2057 785 2084; x_wconf 90' lang='lat' dir='ltr'><strong>tu</strong></span> <span class='ocrx_word' id='word_1_170' title='bbox 814 2053 848 2084; x_wconf 87' lang='lat' dir='ltr'><strong>in</strong></span> 
     </span>
     <span class='ocr_line' id='line_1_36' title="bbox 144 2099 849 2142; baseline 0.006 -11"><span class='ocrx_word' id='word_1_171' title='bbox 144 2099 296 2131; x_wconf 85' lang='lat' dir='ltr'><strong>Leonem</strong></span> <span class='ocrx_word' id='word_1_172' title='bbox 316 2108 499 2132; x_wconf 78' lang='lat' dir='ltr'><strong>conversus</strong></span> <span class='ocrx_word' id='word_1_173' title='bbox 513 2100 690 2142; x_wconf 81' lang='lat' dir='ltr'><strong>dejecisti.</strong></span> <span class='ocrx_word' id='word_1_174' title='bbox 732 2103 849 2136; x_wconf 68' lang='lat' dir='ltr'><strong>Leonis</strong></span> 
     </span>
     <span class='ocr_line' id='line_1_37' title="bbox 141 2150 845 2192; baseline 0.009 -11"><span class='ocrx_word' id='word_1_175' title='bbox 141 2150 312 2191; x_wconf 69' lang='lat' dir='ltr'><strong>unguibus]</strong></span> <span class='ocrx_word' id='word_1_176' title='bbox 335 2151 417 2192; x_wconf 83' lang='lat' dir='ltr'><strong>Ipse</strong></span> <span class='ocrx_word' id='word_1_177' title='bbox 432 2152 565 2184; x_wconf 80' lang='lat' dir='ltr'><strong>scilicet</strong></span> <span class='ocrx_word' id='word_1_178' title='bbox 579 2153 614 2184; x_wconf 91' lang='lat' dir='ltr'><strong>in</strong></span> <span class='ocrx_word' id='word_1_179' title='bbox 628 2154 759 2186; x_wconf 87' lang='lat' dir='ltr'><strong>leonem</strong></span> <span class='ocrx_word' id='word_1_180' title='bbox 774 2159 845 2187; x_wconf 87' lang='lat' dir='ltr'><strong>tum</strong></span> 
     </span>
     <span class='ocr_line' id='line_1_38' title="bbox 141 2204 846 2249; baseline 0.006 -14"><span class='ocrx_word' id='word_1_181' title='bbox 141 2211 271 2236; x_wconf 74' lang='lat' dir='ltr'><strong>versus.</strong></span> <span class='ocrx_word' id='word_1_182' title='bbox 293 2204 438 2236; x_wconf 75' lang='lat' dir='ltr'><strong>Torreat.</strong></span> <span class='ocrx_word' id='word_1_183' title='bbox 491 2204 626 2246; x_wconf 83' lang='lat' dir='ltr'><strong>[Codex</strong></span> <span class='ocrx_word' id='word_1_184' title='bbox 641 2215 697 2248; x_wconf 86' lang='lat' dir='ltr'><strong>ap.</strong></span> <span class='ocrx_word' id='word_1_185' title='bbox 719 2207 846 2249; x_wconf 78' lang='lat' dir='ltr'><strong>Jaeck,</strong></span> 
     </span>
     <span class='ocr_line' id='line_1_39' title="bbox 143 2253 673 2297; baseline 0.004 -11"><span class='ocrx_word' id='word_1_186' title='bbox 143 2253 291 2288; x_wconf 61' lang='lat' dir='ltr'><strong>Restm</strong></span> <span class='ocrx_word' id='word_1_187' title='bbox 305 2254 466 2286; x_wconf 72' lang='lat' dir='ltr'><strong>retorsisti</strong></span> <span class='ocrx_word' id='word_1_188' title='bbox 479 2259 511 2287; x_wconf 81' lang='lat' dir='ltr'><strong>et</strong></span> <span class='ocrx_word' id='word_1_189' title='bbox 527 2256 673 2297; x_wconf 63' lang='lat' dir='ltr'><strong>leonem]</strong></span> 
     </span>
    </p>

    <p class='ocr_par' dir='ltr' id='par_1_10' title="bbox 183 2304 680 2345">
     <span class='ocr_line' id='line_1_40' title="bbox 183 2304 680 2345; baseline 0.004 -9"><span class='ocrx_word' id='word_1_190' title='bbox 183 2306 226 2336; x_wconf 77' lang='grc'><strong>24</strong></span> <span class='ocrx_word' id='word_1_191' title='bbox 248 2304 355 2345; x_wconf 75' lang='lat' dir='ltr'><strong>Maza]</strong></span> <span class='ocrx_word' id='word_1_192' title='bbox 376 2305 520 2337; x_wconf 78' lang='lat' dir='ltr'><strong>Maxilla</strong></span> <span class='ocrx_word' id='word_1_193' title='bbox 535 2306 680 2338; x_wconf 88' lang='lat' dir='ltr'><strong>leonina.</strong></span> 
     </span>
    </p>

    <p class='ocr_par' dir='ltr' id='par_1_11' title="bbox 183 2354 645 2396">
     <span class='ocr_line' id='line_1_41' title="bbox 183 2354 645 2396; baseline 0.009 -11"><span class='ocrx_word' id='word_1_194' title='bbox 183 2356 226 2386; x_wconf 80' lang='grc'><strong>27</strong></span> <span class='ocrx_word' id='word_1_195' title='bbox 248 2354 430 2396; x_wconf 74' lang='lat' dir='ltr'><strong>Ferebaris]</strong></span> <span class='ocrx_word' id='word_1_196' title='bbox 451 2355 645 2389; x_wconf 84' lang='lat' dir='ltr'><strong>Dicebaris.</strong></span> 
     </span>
    </p>

    <p class='ocr_par' dir='ltr' id='par_1_12' title="bbox 142 2404 847 2692">
     <span class='ocr_line' id='line_1_42' title="bbox 184 2404 844 2449; baseline 0.009 -15"><span class='ocrx_word' id='word_1_197' title='bbox 184 2404 228 2435; x_wconf 76' lang='lat'><strong>28</strong></span> <span class='ocrx_word' id='word_1_198' title='bbox 249 2404 434 2444; x_wconf 69' lang='lat' dir='ltr'><strong>Mediusque</strong></span> <span class='ocrx_word' id='word_1_199' title='bbox 457 2405 545 2446; x_wconf 76' lang='lat' dir='ltr'><strong>bem]</strong></span> <span class='ocrx_word' id='word_1_200' title='bbox 582 2406 638 2438; x_wconf 89' lang='lat' dir='ltr'><strong>Ad</strong></span> <span class='ocrx_word' id='word_1_201' title='bbox 663 2411 844 2449; x_wconf 84' lang='lat' dir='ltr'><strong>utrumque</strong></span> 
     </span>
     <span class='ocr_line' id='line_1_43' title="bbox 143 2453 847 2500; baseline 0.01 -18"><span class='ocrx_word' id='word_1_202' title='bbox 143 2457 296 2492; x_wconf 71' lang='lat' dir='ltr'><strong>paratus,</strong></span> <span class='ocrx_word' id='word_1_203' title='bbox 310 2454 382 2484; x_wconf 84' lang='lat' dir='ltr'><strong>sive</strong></span> <span class='ocrx_word' id='word_1_204' title='bbox 397 2453 522 2486; x_wconf 87' lang='lat' dir='ltr'><strong>bellum</strong></span> <span class='ocrx_word' id='word_1_205' title='bbox 540 2459 632 2487; x_wconf 84' lang='lat' dir='ltr'><strong>esset</strong></span> <span class='ocrx_word' id='word_1_206' title='bbox 646 2457 847 2500; x_wconf 77' lang='lat' dir='ltr'><strong>gerendum,</strong></span> 
     </span>
     <span class='ocr_line' id='line_1_44' title="bbox 143 2501 844 2547; baseline 0.011 -16"><span class='ocrx_word' id='word_1_207' title='bbox 143 2502 213 2532; x_wconf 74' lang='lat' dir='ltr'><strong>sive</strong></span> <span class='ocrx_word' id='word_1_208' title='bbox 227 2510 295 2542; x_wconf 79' lang='lat' dir='ltr'><strong>pax</strong></span> <span class='ocrx_word' id='word_1_209' title='bbox 310 2501 467 2534; x_wconf 80' lang='lat' dir='ltr'><strong>colenda.</strong></span> <span class='ocrx_word' id='word_1_210' title='bbox 510 2503 624 2536; x_wconf 68' lang='lat' dir='ltr'><strong>Poeta</strong></span> <span class='ocrx_word' id='word_1_211' title='bbox 637 2505 701 2538; x_wconf 85' lang='lat' dir='ltr'><strong>hoc</strong></span> <span class='ocrx_word' id='word_1_212' title='bbox 716 2506 844 2547; x_wconf 83' lang='lat' dir='ltr'><strong>signifi-</strong></span> 
     </span>
     <span class='ocr_line' id='line_1_45' title="bbox 143 2550 844 2591; baseline 0.011 -10"><span class='ocrx_word' id='word_1_213' title='bbox 143 2554 212 2590; x_wconf 85' lang='lat' dir='ltr'><strong>cat,</strong></span> <span class='ocrx_word' id='word_1_214' title='bbox 220 2550 334 2581; x_wconf 86' lang='lat' dir='ltr'><strong>vinum</strong></span> <span class='ocrx_word' id='word_1_215' title='bbox 345 2550 526 2591; x_wconf 88' lang='lat' dir='ltr'><strong>aliquando</strong></span> <span class='ocrx_word' id='word_1_216' title='bbox 537 2552 689 2586; x_wconf 84' lang='lat' dir='ltr'><strong>homines</strong></span> <span class='ocrx_word' id='word_1_217' title='bbox 702 2556 744 2587; x_wconf 85' lang='lat' dir='ltr'><strong>ad</strong></span> <span class='ocrx_word' id='word_1_218' title='bbox 753 2566 844 2589; x_wconf 85' lang='lat' dir='ltr'><strong>arma</strong></span> 
     </span>
     <span class='ocr_line' id='line_1_46' title="bbox 142 2600 845 2646; baseline 0.007 -13"><span class='ocrx_word' id='word_1_219' title='bbox 142 2601 309 2640; x_wconf 79' lang='lat' dir='ltr'><strong>excitare,</strong></span> <span class='ocrx_word' id='word_1_220' title='bbox 333 2600 506 2633; x_wconf 80' lang='lat' dir='ltr'><strong>interdum</strong></span> <span class='ocrx_word' id='word_1_221' title='bbox 532 2603 662 2635; x_wconf 73' lang='lat' dir='ltr'><strong>animo·</strong></span> <span class='ocrx_word' id='word_1_222' title='bbox 683 2603 787 2646; x_wconf 75' lang='lat' dir='ltr'><strong>feros,</strong></span> <span class='ocrx_word' id='word_1_223' title='bbox 809 2611 845 2638; x_wconf 82' lang='lat' dir='ltr'><strong>et</strong></span> 
     </span>
     <span class='ocr_line' id='line_1_47' title="bbox 143 2651 822 2692; baseline 0.009 -10"><span class='ocrx_word' id='word_1_224' title='bbox 143 2651 357 2683; x_wconf 80' lang='lat' dir='ltr'><strong>truculentos</strong></span> <span class='ocrx_word' id='word_1_225' title='bbox 371 2651 539 2692; x_wconf 79' lang='lat' dir='ltr'><strong>mitigare.</strong></span> <span class='ocrx_word' id='word_1_226' title='bbox 563 2653 698 2685; x_wconf 77' lang='lat' dir='ltr'><strong>Turneb-</strong></span> <span class='ocrx_word' id='word_1_227' title='bbox 715 2664 754 2687; x_wconf 87' lang='lat' dir='ltr'><strong>x.</strong></span> <span class='ocrx_word' id='word_1_228' title='bbox 768 2658 822 2688; x_wconf 91' lang='grc'><strong>22.</strong></span> 
     </span>
    </p>

    <p class='ocr_par' dir='ltr' id='par_1_13' title="bbox 140 2701 845 2892">
     <span class='ocr_line' id='line_1_48' title="bbox 183 2701 845 2744; baseline 0.008 -11"><span class='ocrx_word' id='word_1_229' title='bbox 183 2704 227 2733; x_wconf 82' lang='grc'><strong>29</strong></span> <span class='ocrx_word' id='word_1_230' title='bbox 250 2701 362 2732; x_wconf 70' lang='lat' dir='ltr'><strong>Imm</strong></span> <span class='ocrx_word' id='word_1_231' title='bbox 378 2701 530 2733; x_wconf 73' lang='lat' dir='ltr'><strong>Cerberus</strong></span> <span class='ocrx_word' id='word_1_232' title='bbox 542 2703 652 2744; x_wconf 80' lang='lat' dir='ltr'><strong>aureo]</strong></span> <span class='ocrx_word' id='word_1_233' title='bbox 675 2704 845 2738; x_wconf 73' lang='lat' dir='ltr'><strong>Cerberus</strong></span> 
     </span>
     <span class='ocr_line' id='line_1_49' title="bbox 141 2751 845 2786; baseline 0.006 -3"><span class='ocrx_word' id='word_1_234' title='bbox 141 2761 208 2784; x_wconf 85' lang='lat' dir='ltr'><strong>non</strong></span> <span class='ocrx_word' id='word_1_235' title='bbox 221 2760 349 2783; x_wconf 82' lang='lat' dir='ltr'><strong>nocens</strong></span> <span class='ocrx_word' id='word_1_236' title='bbox 365 2751 427 2783; x_wconf 85' lang='lat' dir='ltr'><strong>tibi</strong></span> <span class='ocrx_word' id='word_1_237' title='bbox 439 2751 482 2782; x_wconf 86' lang='lat' dir='ltr'><strong>ad</strong></span> <span class='ocrx_word' id='word_1_238' title='bbox 492 2751 627 2784; x_wconf 82' lang='lat' dir='ltr'><strong>Inferos</strong></span> <span class='ocrx_word' id='word_1_239' title='bbox 638 2753 845 2786; x_wconf 84' lang='lat' dir='ltr'><strong>descenden-</strong></span> 
     </span>
     <span class='ocr_line' id='line_1_50' title="bbox 141 2800 844 2842; baseline 0.003 -8"><span class='ocrx_word' id='word_1_240' title='bbox 141 2802 182 2842; x_wconf 81' lang='lat' dir='ltr'><strong>ti,</strong></span> <span class='ocrx_word' id='word_1_241' title='bbox 203 2806 242 2833; x_wconf 87' lang='lat' dir='ltr'><strong>ut</strong></span> <span class='ocrx_word' id='word_1_242' title='bbox 258 2801 339 2833; x_wconf 88' lang='lat' dir='ltr'><strong>inde</strong></span> <span class='ocrx_word' id='word_1_243' title='bbox 354 2800 531 2833; x_wconf 83' lang='lat' dir='ltr'><strong>Ariadnen</strong></span> <span class='ocrx_word' id='word_1_244' title='bbox 548 2812 687 2835; x_wconf 89' lang='lat' dir='ltr'><strong>uxorem</strong></span> <span class='ocrx_word' id='word_1_245' title='bbox 705 2803 844 2836; x_wconf 85' lang='lat' dir='ltr'><strong>reduce-</strong></span> 
     </span>
     <span class='ocr_line' id='line_1_51' title="bbox 140 2851 843 2892; baseline 0.006 -9"><span class='ocrx_word' id='word_1_246' title='bbox 140 2861 208 2884; x_wconf 80' lang='lat' dir='ltr'><strong>res.</strong></span> <span class='ocrx_word' id='word_1_247' title='bbox 249 2851 356 2883; x_wconf 73' lang='lat' dir='ltr'><strong>Aureo</strong></span> <span class='ocrx_word' id='word_1_248' title='bbox 370 2851 480 2892; x_wconf 76' lang='lat' dir='ltr'><strong>cornu]</strong></span> <span class='ocrx_word' id='word_1_249' title='bbox 504 2852 642 2885; x_wconf 86' lang='lat' dir='ltr'><strong>Baccho</strong></span> <span class='ocrx_word' id='word_1_250' title='bbox 655 2854 755 2887; x_wconf 85' lang='lat' dir='ltr'><strong>etiam</strong></span> <span class='ocrx_word' id='word_1_251' title='bbox 769 2864 843 2887; x_wconf 85' lang='lat' dir='ltr'><strong>cor-</strong></span> 
     </span>
    </p>
   </div>
   <div class='ocr_carea' id='block_1_3' title="bbox 1498 293 1610 336">
    <p class='ocr_par' dir='ltr' id='par_1_14' title="bbox 1498 293 1610 336">
     <span class='ocr_line' id='line_1_52' title="bbox 1498 293 1610 336; baseline 0.027 -3"><span class='ocrx_word' id='word_1_252' title='bbox 1498 293 1610 336; x_wconf 72' lang='lat'><strong>1429</strong></span> 
     </span>
    </p>
   </div>
   <div class='ocr_carea' id='block_1_4' title="bbox 891 394 1614 2903">
    <p class='ocr_par' dir='ltr' id='par_1_15' title="bbox 902 394 1613 789">
     <span class='ocr_line' id='line_1_53' title="bbox 905 394 1610 436; baseline 0.001 -8"><span class='ocrx_word' id='word_1_253' title='bbox 905 405 973 428; x_wconf 87' lang='lat' dir='ltr'><strong>nua</strong></span> <span class='ocrx_word' id='word_1_254' title='bbox 983 394 1202 436; x_wconf 71' lang='lat' dir='ltr'><strong>tribuuntur:</strong></span> <span class='ocrx_word' id='word_1_255' title='bbox 1216 394 1296 427; x_wconf 82' lang='lat' dir='ltr'><strong>hinc</strong></span> <span class='ocrx_word' id='word_1_256' title='bbox 1307 404 1326 427; x_wconf 86' lang='lat' dir='ltr'><strong>a</strong></span> <span class='ocrx_word' id='word_1_257' title='bbox 1338 394 1472 426; x_wconf 75' lang='lat' dir='ltr'><strong>Graecis</strong></span> <span class='ocrx_word' id='word_1_258' title='bbox 1483 395 1514 426; x_wconf 89' lang='lat' dir='ltr'><strong>ei</strong></span> <span class='ocrx_word' id='word_1_259' title='bbox 1527 397 1610 429; x_wconf 85' lang='lat' dir='ltr'><strong>data</strong></span> 
     </span>
     <span class='ocr_line' id='line_1_54' title="bbox 904 444 1608 488; baseline -0.001 -9"><span class='ocrx_word' id='word_1_260' title='bbox 904 447 1119 488; x_wconf 80' lang='lat' dir='ltr'><strong>cognomina,</strong></span> <span class='ocrx_word' id='word_1_261' title='bbox 1146 447 1277 487; x_wconf 78' lang='grc' dir='ltr'><strong><em>κεραῖος,</em></strong></span> <span class='ocrx_word' id='word_1_262' title='bbox 1303 444 1506 486; x_wconf 81' lang='grc' dir='ltr'>κερασφόρος,</span> <span class='ocrx_word' id='word_1_263' title='bbox 1529 446 1608 478; x_wconf 68' lang='grc' dir='ltr'>δίκε-</span> 
     </span>
     <span class='ocr_line' id='line_1_55' title="bbox 902 496 1611 539; baseline -0.003 -9"><span class='ocrx_word' id='word_1_264' title='bbox 902 509 973 539; x_wconf 78' lang='grc' dir='ltr'><strong><em>ρως,</em></strong></span> <span class='ocrx_word' id='word_1_265' title='bbox 988 509 1018 528; x_wconf 92' lang='grc' dir='ltr'><strong>κ.</strong></span> <span class='ocrx_word' id='word_1_266' title='bbox 1032 509 1062 529; x_wconf 83' lang='grc' dir='ltr'><strong>τ.</strong></span> <span class='ocrx_word' id='word_1_267' title='bbox 1075 502 1107 528; x_wconf 82' lang='grc' dir='ltr'><strong>λ.</strong></span> <span class='ocrx_word' id='word_1_268' title='bbox 1131 506 1336 538; x_wconf 76' lang='lat' dir='ltr'><strong>causamque</strong></span> <span class='ocrx_word' id='word_1_269' title='bbox 1359 496 1501 535; x_wconf 85' lang='lat' dir='ltr'><strong>addunt,</strong></span> <span class='ocrx_word' id='word_1_270' title='bbox 1519 499 1611 537; x_wconf 86' lang='lat' dir='ltr'><strong>quod</strong></span> 
     </span>
     <span class='ocr_line' id='line_1_56' title="bbox 902 547 1612 583; baseline -0.003 -3"><span class='ocrx_word' id='word_1_271' title='bbox 902 548 1084 580; x_wconf 89' lang='lat' dir='ltr'><strong>immodico</strong></span> <span class='ocrx_word' id='word_1_272' title='bbox 1101 547 1179 578; x_wconf 89' lang='lat' dir='ltr'><strong>vino</strong></span> <span class='ocrx_word' id='word_1_273' title='bbox 1195 547 1323 583; x_wconf 84' lang='lat' dir='ltr'><strong>obruti,</strong></span> <span class='ocrx_word' id='word_1_274' title='bbox 1346 551 1462 578; x_wconf 79' lang='lat' dir='ltr'><strong>truces</strong></span> <span class='ocrx_word' id='word_1_275' title='bbox 1478 551 1515 578; x_wconf 88' lang='lat' dir='ltr'><strong>et</strong></span> <span class='ocrx_word' id='word_1_276' title='bbox 1531 556 1612 578; x_wconf 92' lang='lat' dir='ltr'><strong>con-</strong></span> 
     </span>
     <span class='ocr_line' id='line_1_57' title="bbox 902 597 1613 631; baseline -0.003 0"><span class='ocrx_word' id='word_1_277' title='bbox 902 599 1074 631; x_wconf 85' lang='lat' dir='ltr'><strong>tumeliosi</strong></span> <span class='ocrx_word' id='word_1_278' title='bbox 1089 597 1297 630; x_wconf 84' lang='lat' dir='ltr'><strong>efficiuntur.</strong></span> <span class='ocrx_word' id='word_1_279' title='bbox 1342 598 1414 629; x_wconf 87' lang='lat' dir='ltr'><strong>Alii</strong></span> <span class='ocrx_word' id='word_1_280' title='bbox 1428 598 1510 629; x_wconf 81' lang='lat' dir='ltr'><strong>alias</strong></span> <span class='ocrx_word' id='word_1_281' title='bbox 1527 598 1613 630; x_wconf 79' lang='lat' dir='ltr'><strong>rati-</strong></span> 
     </span>
     <span class='ocr_line' id='line_1_58' title="bbox 903 649 1612 691; baseline 0 -10"><span class='ocrx_word' id='word_1_282' title='bbox 903 659 985 682; x_wconf 87' lang='lat' dir='ltr'><strong>ones</strong></span> <span class='ocrx_word' id='word_1_283' title='bbox 1002 650 1144 681; x_wconf 77' lang='lat' dir='ltr'><strong>addunt.</strong></span> <span class='ocrx_word' id='word_1_284' title='bbox 1170 649 1248 680; x_wconf 91' lang='lat' dir='ltr'><strong>Nec</strong></span> <span class='ocrx_word' id='word_1_285' title='bbox 1260 649 1459 689; x_wconf 88' lang='lat' dir='ltr'><strong>tacendum,</strong></span> <span class='ocrx_word' id='word_1_286' title='bbox 1476 659 1550 691; x_wconf 87' lang='lat' dir='ltr'><strong>quae</strong></span> <span class='ocrx_word' id='word_1_287' title='bbox 1567 649 1612 681; x_wconf 87' lang='lat' dir='ltr'><strong>de</strong></span> 
     </span>
     <span class='ocr_line' id='line_1_59' title="bbox 903 698 1611 741; baseline 0 -10"><span class='ocrx_word' id='word_1_288' title='bbox 903 702 1068 732; x_wconf 89' lang='lat' dir='ltr'><strong>cornuum</strong></span> <span class='ocrx_word' id='word_1_289' title='bbox 1096 698 1187 740; x_wconf 88' lang='lat' dir='ltr'><strong>apud</strong></span> <span class='ocrx_word' id='word_1_290' title='bbox 1217 698 1354 731; x_wconf 77' lang='lat' dir='ltr'><strong>veteres</strong></span> <span class='ocrx_word' id='word_1_291' title='bbox 1385 709 1448 740; x_wconf 89' lang='lat' dir='ltr'><strong>pro</strong></span> <span class='ocrx_word' id='word_1_292' title='bbox 1477 700 1611 741; x_wconf 81' lang='lat' dir='ltr'><strong>poculis</strong></span> 
     </span>
     <span class='ocr_line' id='line_1_60' title="bbox 904 750 1610 789; baseline -0.003 -5"><span class='ocrx_word' id='word_1_293' title='bbox 904 761 968 784; x_wconf 85' lang='lat' dir='ltr'><strong>usn</strong></span> <span class='ocrx_word' id='word_1_294' title='bbox 990 750 1180 783; x_wconf 78' lang='lat' dir='ltr'><strong>Athenaeus</strong></span> <span class='ocrx_word' id='word_1_295' title='bbox 1211 750 1378 789; x_wconf 80' lang='lat' dir='ltr'><strong>tradidit3</strong></span> <span class='ocrx_word' id='word_1_296' title='bbox 1405 750 1496 782; x_wconf 83' lang='lat' dir='ltr'><strong>unde</strong></span> <span class='ocrx_word' id='word_1_297' title='bbox 1519 751 1610 782; x_wconf 88' lang='lat' dir='ltr'><strong>enim</strong></span> 
     </span>
    </p>

    <p class='ocr_par' dir='ltr' id='par_1_16' title="bbox 904 800 1610 841">
     <span class='ocr_line' id='line_1_61' title="bbox 904 800 1610 841; baseline -0.003 -7"><span class='ocrx_word' id='word_1_298' title='bbox 904 802 1042 834; x_wconf 83' lang='lat' dir='ltr'><strong>Baccho</strong></span> <span class='ocrx_word' id='word_1_299' title='bbox 1057 809 1187 833; x_wconf 86' lang='lat' dir='ltr'><strong>cornua</strong></span> <span class='ocrx_word' id='word_1_300' title='bbox 1203 800 1322 832; x_wconf 83' lang='lat' dir='ltr'><strong>tradit.</strong></span> <span class='ocrx_word' id='word_1_301' title='bbox 1366 801 1479 841; x_wconf 81' lang='lat' dir='ltr'><strong>Magis</strong></span> <span class='ocrx_word' id='word_1_302' title='bbox 1494 804 1610 832; x_wconf 87' lang='lat' dir='ltr'><strong>tamen</strong></span> 
     </span>
    </p>

    <p class='ocr_par' dir='ltr' id='par_1_17' title="bbox 903 851 1613 885">
     <span class='ocr_line' id='line_1_62' title="bbox 903 851 1613 885; baseline -0.004 0"><span class='ocrx_word' id='word_1_303' title='bbox 903 851 1106 885; x_wconf 85' lang='lat' dir='ltr'><strong>crediderim</strong></span> <span class='ocrx_word' id='word_1_304' title='bbox 1121 851 1250 883; x_wconf 76' lang='lat' dir='ltr'><strong>Bacclii</strong></span> <span class='ocrx_word' id='word_1_305' title='bbox 1266 851 1426 883; x_wconf 85' lang='lat' dir='ltr'><strong>cornibus</strong></span> <span class='ocrx_word' id='word_1_306' title='bbox 1437 851 1613 883; x_wconf 85' lang='lat' dir='ltr'><strong>immorta-</strong></span> 
     </span>
    </p>

    <p class='ocr_par' dir='ltr' id='par_1_18' title="bbox 897 901 1610 1048">
     <span class='ocr_line' id='line_1_63' title="bbox 903 901 1610 935; baseline 0 -1"><span class='ocrx_word' id='word_1_307' title='bbox 903 903 1035 935; x_wconf 88' lang='lat' dir='ltr'><strong>litatem</strong></span> <span class='ocrx_word' id='word_1_308' title='bbox 1053 902 1087 934; x_wconf 86' lang='lat' dir='ltr'><strong>ei</strong></span> <span class='ocrx_word' id='word_1_309' title='bbox 1111 911 1309 934; x_wconf 83' lang='lat' dir='ltr'><strong>concessam</strong></span> <span class='ocrx_word' id='word_1_310' title='bbox 1335 901 1506 934; x_wconf 84' lang='lat' dir='ltr'><strong>indicari:</strong></span> <span class='ocrx_word' id='word_1_311' title='bbox 1532 911 1610 934; x_wconf 89' lang='lat' dir='ltr'><strong>nam</strong></span> 
     </span>
     <span class='ocr_line' id='line_1_64' title="bbox 902 952 1610 994; baseline -0.003 -8"><span class='ocrx_word' id='word_1_312' title='bbox 902 953 1094 986; x_wconf 86' lang='lat' dir='ltr'><strong>divinitatis</strong></span> <span class='ocrx_word' id='word_1_313' title='bbox 1108 963 1149 984; x_wconf 92' lang='lat' dir='ltr'><strong>ac</strong></span> <span class='ocrx_word' id='word_1_314' title='bbox 1166 953 1332 994; x_wconf 88' lang='lat' dir='ltr'><strong>potentiae</strong></span> <span class='ocrx_word' id='word_1_315' title='bbox 1344 952 1522 994; x_wconf 84' lang='lat' dir='ltr'><strong>cujusdam</strong></span> <span class='ocrx_word' id='word_1_316' title='bbox 1540 963 1610 984; x_wconf 86' lang='lat' dir='ltr'><strong>rua-</strong></span> 
     </span>
     <span class='ocr_line' id='line_1_65' title="bbox 897 1004 1610 1048; baseline -0.001 -11"><span class='ocrx_word' id='word_1_317' title='bbox 897 1006 997 1048; x_wconf 86' lang='lat' dir='ltr'><strong>joris,</strong></span> <span class='ocrx_word' id='word_1_318' title='bbox 1011 1015 1111 1046; x_wconf 88' lang='lat' dir='ltr'><strong>quam</strong></span> <span class='ocrx_word' id='word_1_319' title='bbox 1126 1005 1284 1036; x_wconf 77' lang='lat' dir='ltr'><strong>liumanae</strong></span> <span class='ocrx_word' id='word_1_320' title='bbox 1298 1004 1394 1046; x_wconf 81' lang='lat' dir='ltr'><strong>signa</strong></span> <span class='ocrx_word' id='word_1_321' title='bbox 1406 1014 1493 1037; x_wconf 84' lang='lat' dir='ltr'><strong>esse.</strong></span> <span class='ocrx_word' id='word_1_322' title='bbox 1519 1005 1610 1036; x_wconf 81' lang='lat' dir='ltr'><strong>Torr.</strong></span> 
     </span>
    </p>

    <p class='ocr_par' dir='ltr' id='par_1_19' title="bbox 899 1054 1614 1493">
     <span class='ocr_line' id='line_1_66' title="bbox 944 1054 1610 1095; baseline 0 -9"><span class='ocrx_word' id='word_1_323' title='bbox 944 1057 987 1086; x_wconf 78' lang='lat'><strong>30</strong></span> <span class='ocrx_word' id='word_1_324' title='bbox 1012 1055 1118 1086; x_wconf 78' lang='lat' dir='ltr'><strong>Cornu</strong></span> <span class='ocrx_word' id='word_1_325' title='bbox 1140 1054 1300 1095; x_wconf 79' lang='lat' dir='ltr'><strong>decorum]</strong></span> <span class='ocrx_word' id='word_1_326' title='bbox 1340 1054 1461 1087; x_wconf 64' lang='lat' dir='ltr'><strong>Poetae</strong></span> <span class='ocrx_word' id='word_1_327' title='bbox 1480 1054 1610 1086; x_wconf 87' lang='lat' dir='ltr'><strong>idcirco</strong></span> 
     </span>
     <span class='ocr_line' id='line_1_67' title="bbox 903 1103 1611 1146; baseline -0.003 -9"><span class='ocrx_word' id='word_1_328' title='bbox 903 1114 1031 1138; x_wconf 84' lang='lat' dir='ltr'><strong>cornua</strong></span> <span class='ocrx_word' id='word_1_329' title='bbox 1045 1103 1211 1146; x_wconf 83' lang='lat' dir='ltr'><strong>affingunt</strong></span> <span class='ocrx_word' id='word_1_330' title='bbox 1234 1104 1389 1143; x_wconf 88' lang='lat' dir='ltr'><strong>Baccho,</strong></span> <span class='ocrx_word' id='word_1_331' title='bbox 1408 1103 1498 1144; x_wconf 88' lang='lat' dir='ltr'><strong>quod</strong></span> <span class='ocrx_word' id='word_1_332' title='bbox 1514 1104 1611 1136; x_wconf 89' lang='lat' dir='ltr'><strong>biba·</strong></span> 
     </span>
     <span class='ocr_line' id='line_1_68' title="bbox 902 1154 1614 1196; baseline -0.004 -9"><span class='ocrx_word' id='word_1_333' title='bbox 902 1165 962 1187; x_wconf 86' lang='lat' dir='ltr'><strong>ces</strong></span> <span class='ocrx_word' id='word_1_334' title='bbox 989 1155 1193 1196; x_wconf 88' lang='lat' dir='ltr'><strong>plerumque</strong></span> <span class='ocrx_word' id='word_1_335' title='bbox 1214 1158 1292 1185; x_wconf 87' lang='lat' dir='ltr'><strong>sunt</strong></span> <span class='ocrx_word' id='word_1_336' title='bbox 1322 1162 1520 1194; x_wconf 83' lang='lat' dir='ltr'><strong>pugnaces3</strong></span> <span class='ocrx_word' id='word_1_337' title='bbox 1546 1154 1614 1193; x_wconf 83' lang='lat' dir='ltr'><strong>vel,</strong></span> 
     </span>
     <span class='ocr_line' id='line_1_69' title="bbox 903 1203 1611 1246; baseline -0.003 -10"><span class='ocrx_word' id='word_1_338' title='bbox 903 1211 940 1237; x_wconf 88' lang='lat' dir='ltr'><strong>ut</strong></span> <span class='ocrx_word' id='word_1_339' title='bbox 959 1204 1016 1236; x_wconf 87' lang='lat' dir='ltr'><strong>alii</strong></span> <span class='ocrx_word' id='word_1_340' title='bbox 1043 1205 1174 1244; x_wconf 89' lang='lat' dir='ltr'><strong>volunt,</strong></span> <span class='ocrx_word' id='word_1_341' title='bbox 1195 1204 1287 1246; x_wconf 86' lang='lat' dir='ltr'><strong>quod</strong></span> <span class='ocrx_word' id='word_1_342' title='bbox 1303 1203 1459 1236; x_wconf 85' lang='lat' dir='ltr'><strong>Bacchus</strong></span> <span class='ocrx_word' id='word_1_343' title='bbox 1481 1204 1611 1245; x_wconf 88' lang='lat' dir='ltr'><strong>primus</strong></span> 
     </span>
     <span class='ocr_line' id='line_1_70' title="bbox 903 1253 1612 1295; baseline -0.003 -9"><span class='ocrx_word' id='word_1_344' title='bbox 903 1260 1031 1286; x_wconf 89' lang='lat' dir='ltr'><strong>terram</strong></span> <span class='ocrx_word' id='word_1_345' title='bbox 1052 1254 1188 1295; x_wconf 88' lang='lat' dir='ltr'><strong>junctis</strong></span> <span class='ocrx_word' id='word_1_346' title='bbox 1210 1254 1318 1285; x_wconf 85' lang='lat' dir='ltr'><strong>bobus</strong></span> <span class='ocrx_word' id='word_1_347' title='bbox 1338 1253 1503 1285; x_wconf 86' lang='lat' dir='ltr'><strong>excoluit.</strong></span> <span class='ocrx_word' id='word_1_348' title='bbox 1548 1253 1612 1284; x_wconf 83' lang='lat' dir='ltr'><strong>Le-</strong></span> 
     </span>
     <span class='ocr_line' id='line_1_71' title="bbox 901 1303 1608 1344; baseline -0.001 -8"><span class='ocrx_word' id='word_1_349' title='bbox 901 1305 986 1336; x_wconf 78' lang='lat' dir='ltr'><strong>niter</strong></span> <span class='ocrx_word' id='word_1_350' title='bbox 1013 1304 1170 1344; x_wconf 69' lang='lat' dir='ltr'><strong>atterens]</strong></span> <span class='ocrx_word' id='word_1_351' title='bbox 1215 1304 1299 1335; x_wconf 87' lang='lat' dir='ltr'><strong>Leni</strong></span> <span class='ocrx_word' id='word_1_352' title='bbox 1336 1308 1434 1335; x_wconf 87' lang='lat' dir='ltr'><strong>motu</strong></span> <span class='ocrx_word' id='word_1_353' title='bbox 1464 1303 1608 1335; x_wconf 79' lang='lat' dir='ltr'><strong>caudam</strong></span> 
     </span>
     <span class='ocr_line' id='line_1_72' title="bbox 903 1353 1612 1395; baseline -0.001 -10"><span class='ocrx_word' id='word_1_354' title='bbox 903 1355 1048 1395; x_wconf 84' lang='lat' dir='ltr'><strong>agitans,</strong></span> <span class='ocrx_word' id='word_1_355' title='bbox 1072 1354 1163 1395; x_wconf 89' lang='lat' dir='ltr'><strong>quod</strong></span> <span class='ocrx_word' id='word_1_356' title='bbox 1187 1353 1322 1384; x_wconf 83' lang='lat' dir='ltr'><strong>faciunt</strong></span> <span class='ocrx_word' id='word_1_357' title='bbox 1342 1363 1446 1385; x_wconf 83' lang='lat' dir='ltr'><strong>canes</strong></span> <span class='ocrx_word' id='word_1_358' title='bbox 1465 1354 1534 1385; x_wconf 86' lang='lat' dir='ltr'><strong>suis</strong></span> <span class='ocrx_word' id='word_1_359' title='bbox 1550 1354 1612 1385; x_wconf 87' lang='lat' dir='ltr'><strong>do-</strong></span> 
     </span>
     <span class='ocr_line' id='line_1_73' title="bbox 899 1402 1611 1443; baseline 0.001 -10"><span class='ocrx_word' id='word_1_360' title='bbox 899 1403 1013 1443; x_wconf 85' lang='lat' dir='ltr'><strong>minis,</strong></span> <span class='ocrx_word' id='word_1_361' title='bbox 1026 1408 1086 1435; x_wconf 88' lang='lat' dir='ltr'><strong>aut</strong></span> <span class='ocrx_word' id='word_1_362' title='bbox 1098 1402 1188 1434; x_wconf 84' lang='lat' dir='ltr'><strong>notis</strong></span> <span class='ocrx_word' id='word_1_363' title='bbox 1199 1402 1391 1434; x_wconf 81' lang='lat' dir='ltr'><strong>adulantes.</strong></span> <span class='ocrx_word' id='word_1_364' title='bbox 1436 1402 1611 1443; x_wconf 79' lang='lat' dir='ltr'><strong>[Decorum</strong></span> 
     </span>
     <span class='ocr_line' id='line_1_74' title="bbox 900 1452 1309 1493; baseline -0.002 -8"><span class='ocrx_word' id='word_1_365' title='bbox 900 1463 995 1485; x_wconf 83' lang='lat' dir='ltr'><strong>cornu</strong></span> <span class='ocrx_word' id='word_1_366' title='bbox 1011 1453 1125 1485; x_wconf 73' lang='lat' dir='ltr'><strong>leviter</strong></span> <span class='ocrx_word' id='word_1_367' title='bbox 1141 1452 1309 1493; x_wconf 63' lang='lat' dir='ltr'><strong>Guelph]</strong></span> 
     </span>
    </p>

    <p class='ocr_par' dir='ltr' id='par_1_20' title="bbox 898 1503 1609 1645">
     <span class='ocr_line' id='line_1_75' title="bbox 942 1503 1608 1544; baseline 0.002 -9"><span class='ocrx_word' id='word_1_368' title='bbox 942 1507 982 1536; x_wconf 78' lang='lat'><strong>31</strong></span> <span class='ocrx_word' id='word_1_369' title='bbox 1008 1504 1055 1535; x_wconf 79' lang='lat' dir='ltr'><strong>Ee</strong></span> <span class='ocrx_word' id='word_1_370' title='bbox 1083 1504 1256 1535; x_wconf 72' lang='lat' dir='ltr'><strong>recedentis</strong></span> <span class='ocrx_word' id='word_1_371' title='bbox 1284 1503 1449 1544; x_wconf 76' lang='lat' dir='ltr'><strong>trilingui]</strong></span> <span class='ocrx_word' id='word_1_372' title='bbox 1475 1503 1520 1534; x_wconf 89' lang='lat' dir='ltr'><strong>Et</strong></span> <span class='ocrx_word' id='word_1_373' title='bbox 1548 1513 1608 1536; x_wconf 86' lang='lat' dir='ltr'><strong>ore</strong></span> 
     </span>
     <span class='ocr_line' id='line_1_76' title="bbox 898 1553 1609 1596; baseline -0.001 -10"><span class='ocrx_word' id='word_1_374' title='bbox 898 1564 958 1586; x_wconf 86' lang='lat' dir='ltr'><strong>suo</strong></span> <span class='ocrx_word' id='word_1_375' title='bbox 971 1554 1126 1595; x_wconf 84' lang='lat' dir='ltr'><strong>trilingui</strong></span> <span class='ocrx_word' id='word_1_376' title='bbox 1135 1553 1254 1595; x_wconf 84' lang='lat' dir='ltr'><strong>tetigit</strong></span> <span class='ocrx_word' id='word_1_377' title='bbox 1262 1553 1380 1595; x_wconf 78' lang='lat' dir='ltr'><strong>pedes,</strong></span> <span class='ocrx_word' id='word_1_378' title='bbox 1388 1553 1513 1596; x_wconf 76' lang='lat' dir='ltr'><strong>tuaque</strong></span> <span class='ocrx_word' id='word_1_379' title='bbox 1530 1564 1609 1586; x_wconf 89' lang='lat' dir='ltr'><strong>cru-</strong></span> 
     </span>
     <span class='ocr_line' id='line_1_77' title="bbox 898 1604 1346 1645; baseline -0.002 -9"><span class='ocrx_word' id='word_1_380' title='bbox 898 1614 937 1636; x_wconf 83' lang='lat' dir='ltr'><strong>ra</strong></span> <span class='ocrx_word' id='word_1_381' title='bbox 947 1604 1124 1636; x_wconf 83' lang='lat' dir='ltr'><strong>redeuntis</strong></span> <span class='ocrx_word' id='word_1_382' title='bbox 1138 1604 1181 1635; x_wconf 83' lang='lat' dir='ltr'><strong>ad</strong></span> <span class='ocrx_word' id='word_1_383' title='bbox 1191 1613 1346 1645; x_wconf 83' lang='lat' dir='ltr'><strong>superos.</strong></span> 
     </span>
    </p>

    <p class='ocr_par' dir='ltr' id='par_1_21' title="bbox 899 1654 1612 1888">
     <span class='ocr_line' id='line_1_78' title="bbox 899 1654 1612 1695; baseline -0.001 -8"><span class='ocrx_word' id='word_1_384' title='bbox 899 1654 983 1687; x_wconf 75' lang='grc' dir='ltr'><strong>Ουε</strong></span> <span class='ocrx_word' id='word_1_385' title='bbox 999 1663 1063 1695; x_wconf 60' lang='lat'>1311.</span> <span class='ocrx_word' id='word_1_386' title='bbox 1084 1654 1310 1695; x_wconf 69' lang='grc' dir='ltr'><strong>Ἀλληγορική.</strong></span> <span class='ocrx_word' id='word_1_387' title='bbox 1349 1654 1408 1686; x_wconf 82' lang='lat' dir='ltr'><strong>An</strong></span> <span class='ocrx_word' id='word_1_388' title='bbox 1426 1654 1612 1686; x_wconf 68' lang='lat' dir='ltr'><strong>Mazcnm-</strong></span> 
     </span>
     <span class='ocr_line' id='line_1_79' title="bbox 940 1705 1608 1747; baseline -0.003 -9"><span class='ocrx_word' id='word_1_389' title='bbox 940 1715 1031 1738; x_wconf 74' lang='grc' dir='ltr'><strong>ΤΕΜ.</strong></span> <span class='ocrx_word' id='word_1_390' title='bbox 1075 1705 1241 1737; x_wconf 83' lang='lat' dir='ltr'><strong>Horatius</strong></span> <span class='ocrx_word' id='word_1_391' title='bbox 1258 1706 1293 1737; x_wconf 87' lang='lat' dir='ltr'><strong>in</strong></span> <span class='ocrx_word' id='word_1_392' title='bbox 1308 1714 1458 1747; x_wconf 80' lang='lat' dir='ltr'><strong>cygnum</strong></span> <span class='ocrx_word' id='word_1_393' title='bbox 1475 1715 1608 1745; x_wconf 85' lang='lat' dir='ltr'><strong>versus,</strong></span> 
     </span>
     <span class='ocr_line' id='line_1_80' title="bbox 941 1754 1608 1796; baseline -0.003 -8"><span class='ocrx_word' id='word_1_394' title='bbox 941 1765 1004 1796; x_wconf 83' lang='lat' dir='ltr'><strong>per</strong></span> <span class='ocrx_word' id='word_1_395' title='bbox 1028 1756 1227 1787; x_wconf 85' lang='lat' dir='ltr'><strong>universum</strong></span> <span class='ocrx_word' id='word_1_396' title='bbox 1249 1754 1445 1796; x_wconf 83' lang='lat' dir='ltr'><strong>provolabit</strong></span> <span class='ocrx_word' id='word_1_397' title='bbox 1466 1755 1608 1794; x_wconf 83' lang='lat' dir='ltr'><strong>orbem3</strong></span> 
     </span>
     <span class='ocr_line' id='line_1_81' title="bbox 940 1805 1606 1846; baseline 0.002 -10"><span class='ocrx_word' id='word_1_398' title='bbox 940 1805 1032 1837; x_wconf 89' lang='lat' dir='ltr'><strong>unde</strong></span> <span class='ocrx_word' id='word_1_399' title='bbox 1057 1806 1124 1837; x_wconf 83' lang='lat' dir='ltr'><strong>sibi</strong></span> <span class='ocrx_word' id='word_1_400' title='bbox 1149 1806 1321 1846; x_wconf 87' lang='lat' dir='ltr'><strong>promittit</strong></span> <span class='ocrx_word' id='word_1_401' title='bbox 1347 1816 1418 1838; x_wconf 84' lang='lat' dir='ltr'><strong>suae</strong></span> <span class='ocrx_word' id='word_1_402' title='bbox 1453 1806 1606 1839; x_wconf 56' lang='lat' dir='ltr'><strong>Possem</strong></span> 
     </span>
     <span class='ocr_line' id='line_1_82' title="bbox 939 1854 1245 1888; baseline 0.003 -2"><span class='ocrx_word' id='word_1_403' title='bbox 939 1854 1245 1888; x_wconf 85' lang='lat' dir='ltr'><strong>immortalitatem.</strong></span> 
     </span>
    </p>

    <p class='ocr_par' dir='ltr' id='par_1_22' title="bbox 891 1905 1608 2790">
     <span class='ocr_line' id='line_1_83' title="bbox 940 1905 1607 1948; baseline 0.003 -12"><span class='ocrx_word' id='word_1_404' title='bbox 940 1907 958 1936; x_wconf 92' lang='grc'><strong>1</strong></span> <span class='ocrx_word' id='word_1_405' title='bbox 984 1906 1058 1936; x_wconf 83' lang='lat' dir='ltr'><strong>Non</strong></span> <span class='ocrx_word' id='word_1_406' title='bbox 1084 1905 1220 1946; x_wconf 75' lang='lat' dir='ltr'><strong>usitata]</strong></span> <span class='ocrx_word' id='word_1_407' title='bbox 1258 1906 1388 1938; x_wconf 85' lang='lat' dir='ltr'><strong>Pulcra</strong></span> <span class='ocrx_word' id='word_1_408' title='bbox 1416 1905 1607 1948; x_wconf 59' lang='lat' dir='ltr'><strong>negotia,</strong></span> 
     </span>
     <span class='ocr_line' id='line_1_84' title="bbox 897 1951 1606 1999; baseline 0.004 -13"><span class='ocrx_word' id='word_1_409' title='bbox 897 1954 988 1988; x_wconf 88' lang='lat' dir='ltr'><strong>idem</strong></span> <span class='ocrx_word' id='word_1_410' title='bbox 1004 1954 1078 1987; x_wconf 82' lang='lat' dir='ltr'><strong>fere</strong></span> <span class='ocrx_word' id='word_1_411' title='bbox 1099 1951 1337 1997; x_wconf 80' lang='lat' dir='ltr'><strong>argumentum</strong></span> <span class='ocrx_word' id='word_1_412' title='bbox 1353 1961 1497 1997; x_wconf 86' lang='lat' dir='ltr'><strong>tractat,</strong></span> <span class='ocrx_word' id='word_1_413' title='bbox 1514 1957 1606 1999; x_wconf 87' lang='lat' dir='ltr'><strong>quod</strong></span> 
     </span>
     <span class='ocr_line' id='line_1_85' title="bbox 898 2005 1608 2047; baseline 0.006 -11"><span class='ocrx_word' id='word_1_414' title='bbox 898 2005 979 2037; x_wconf 85' lang='lat' dir='ltr'><strong>Oda</strong></span> <span class='ocrx_word' id='word_1_415' title='bbox 1005 2011 1177 2047; x_wconf 78' lang='lat' dir='ltr'><strong>postrema</strong></span> <span class='ocrx_word' id='word_1_416' title='bbox 1203 2006 1262 2038; x_wconf 88' lang='lat' dir='ltr'><strong>lib.</strong></span> <span class='ocrx_word' id='word_1_417' title='bbox 1286 2016 1342 2038; x_wconf 88' lang='grc' dir='ltr'><strong>ιιι.</strong></span> <span class='ocrx_word' id='word_1_418' title='bbox 1382 2007 1608 2040; x_wconf 84' lang='lat' dir='ltr'><strong>Permittitur</strong></span> 
     </span>
     <span class='ocr_line' id='line_1_86' title="bbox 896 2056 1605 2097; baseline 0.006 -10"><span class='ocrx_word' id='word_1_419' title='bbox 896 2059 1012 2088; x_wconf 89' lang='lat' dir='ltr'><strong>autem</strong></span> <span class='ocrx_word' id='word_1_420' title='bbox 1028 2056 1154 2097; x_wconf 56' lang='lat' dir='ltr'><strong>poetis,</strong></span> <span class='ocrx_word' id='word_1_421' title='bbox 1172 2061 1210 2088; x_wconf 88' lang='lat' dir='ltr'><strong>ut</strong></span> <span class='ocrx_word' id='word_1_422' title='bbox 1225 2057 1291 2088; x_wconf 88' lang='lat' dir='ltr'><strong>sibi</strong></span> <span class='ocrx_word' id='word_1_423' title='bbox 1307 2058 1605 2091; x_wconf 81' lang='lat' dir='ltr'><strong>immortalitatem</strong></span> 
     </span>
     <span class='ocr_line' id='line_1_87' title="bbox 895 2106 1604 2147; baseline 0.007 -11"><span class='ocrx_word' id='word_1_424' title='bbox 895 2106 1040 2137; x_wconf 84' lang='lat' dir='ltr'><strong>nominis</strong></span> <span class='ocrx_word' id='word_1_425' title='bbox 1076 2106 1317 2147; x_wconf 83' lang='lat' dir='ltr'><strong>polliceantur.</strong></span> <span class='ocrx_word' id='word_1_426' title='bbox 1369 2108 1420 2140; x_wconf 87' lang='lat' dir='ltr'><strong>At</strong></span> <span class='ocrx_word' id='word_1_427' title='bbox 1457 2109 1604 2141; x_wconf 79' lang='lat' dir='ltr'><strong>Ovidius</strong></span> 
     </span>
     <span class='ocr_line' id='line_1_88' title="bbox 896 2157 1604 2197; baseline 0.008 -10"><span class='ocrx_word' id='word_1_428' title='bbox 896 2164 995 2196; x_wconf 78' lang='lat' dir='ltr'><strong>paene</strong></span> <span class='ocrx_word' id='word_1_429' title='bbox 1011 2157 1045 2188; x_wconf 89' lang='lat' dir='ltr'><strong>in</strong></span> <span class='ocrx_word' id='word_1_430' title='bbox 1059 2157 1154 2189; x_wconf 87' lang='lat' dir='ltr'><strong>Deos</strong></span> <span class='ocrx_word' id='word_1_431' title='bbox 1166 2159 1432 2191; x_wconf 85' lang='lat' dir='ltr'><strong>contumeliosus</strong></span> <span class='ocrx_word' id='word_1_432' title='bbox 1446 2164 1512 2197; x_wconf 76' lang='lat' dir='ltr'><strong>eat,</strong></span> <span class='ocrx_word' id='word_1_433' title='bbox 1527 2169 1604 2192; x_wconf 86' lang='lat' dir='ltr'><strong>cum</strong></span> 
     </span>
     <span class='ocr_line' id='line_1_89' title="bbox 894 2205 1604 2252; baseline 0.008 -15"><span class='ocrx_word' id='word_1_434' title='bbox 894 2205 968 2237; x_wconf 81' lang='lat' dir='ltr'><strong>ait:</strong></span> <span class='ocrx_word' id='word_1_435' title='bbox 991 2206 1000 2223; x_wconf 92' lang='lat'>‘</span> <span class='ocrx_word' id='word_1_436' title='bbox 1013 2206 1160 2250; x_wconf 80' lang='lat' dir='ltr'><strong>Jamque</strong></span> <span class='ocrx_word' id='word_1_437' title='bbox 1186 2218 1273 2249; x_wconf 79' lang='lat' dir='ltr'><strong>opus</strong></span> <span class='ocrx_word' id='word_1_438' title='bbox 1298 2210 1409 2251; x_wconf 78' lang='lat' dir='ltr'><strong>exegi,</strong></span> <span class='ocrx_word' id='word_1_439' title='bbox 1429 2210 1522 2252; x_wconf 88' lang='lat' dir='ltr'><strong>quod</strong></span> <span class='ocrx_word' id='word_1_440' title='bbox 1538 2220 1604 2242; x_wconf 89' lang='lat' dir='ltr'><strong>nec</strong></span> 
     </span>
     <span class='ocr_line' id='line_1_90' title="bbox 893 2257 1601 2302; baseline 0.004 -12"><span class='ocrx_word' id='word_1_441' title='bbox 893 2257 990 2290; x_wconf 74' lang='lat' dir='ltr'><strong>Jovis</strong></span> <span class='ocrx_word' id='word_1_442' title='bbox 1004 2257 1069 2298; x_wconf 84' lang='lat' dir='ltr'><strong>ira,</strong></span> <span class='ocrx_word' id='word_1_443' title='bbox 1082 2267 1147 2290; x_wconf 89' lang='lat' dir='ltr'><strong>nec</strong></span> <span class='ocrx_word' id='word_1_444' title='bbox 1163 2258 1266 2300; x_wconf 87' lang='lat' dir='ltr'><strong>ignis,</strong></span> <span class='ocrx_word' id='word_1_445' title='bbox 1283 2260 1360 2292; x_wconf 79' lang='lat' dir='ltr'><strong>Nec</strong></span> <span class='ocrx_word' id='word_1_446' title='bbox 1385 2261 1518 2302; x_wconf 87' lang='lat' dir='ltr'><strong>poterit</strong></span> <span class='ocrx_word' id='word_1_447' title='bbox 1532 2260 1601 2292; x_wconf 85' lang='lat' dir='ltr'><strong>fer-</strong></span> 
     </span>
     <span class='ocr_line' id='line_1_91' title="bbox 894 2308 1602 2347; baseline 0.006 -8"><span class='ocrx_word' id='word_1_448' title='bbox 894 2315 982 2347; x_wconf 85' lang='lat' dir='ltr'><strong>rum,</strong></span> <span class='ocrx_word' id='word_1_449' title='bbox 997 2317 1062 2340; x_wconf 87' lang='lat' dir='ltr'><strong>nec</strong></span> <span class='ocrx_word' id='word_1_450' title='bbox 1077 2308 1167 2340; x_wconf 85' lang='lat' dir='ltr'><strong>edax</strong></span> <span class='ocrx_word' id='word_1_451' title='bbox 1182 2308 1322 2341; x_wconf 86' lang='lat' dir='ltr'><strong>abolere</strong></span> <span class='ocrx_word' id='word_1_452' title='bbox 1337 2310 1515 2342; x_wconf 59' lang='lat' dir='ltr'><strong>vetustas!</strong></span> <span class='ocrx_word' id='word_1_453' title='bbox 1553 2310 1602 2342; x_wconf 93' lang='lat' dir='ltr'><strong>Il-</strong></span> 
     </span>
     <span class='ocr_line' id='line_1_92' title="bbox 893 2357 1603 2402; baseline 0.006 -14"><span class='ocrx_word' id='word_1_454' title='bbox 893 2357 951 2389; x_wconf 90' lang='lat' dir='ltr'><strong>lud</strong></span> <span class='ocrx_word' id='word_1_455' title='bbox 977 2367 1057 2389; x_wconf 87' lang='lat' dir='ltr'><strong>vero</strong></span> <span class='ocrx_word' id='word_1_456' title='bbox 1073 2359 1257 2400; x_wconf 83' lang='lat' dir='ltr'><strong>vulgarius,</strong></span> <span class='ocrx_word' id='word_1_457' title='bbox 1276 2360 1368 2400; x_wconf 86' lang='lat' dir='ltr'><strong>quod</strong></span> <span class='ocrx_word' id='word_1_458' title='bbox 1393 2360 1434 2391; x_wconf 86' lang='lat' dir='ltr'><strong>iis</strong></span> <span class='ocrx_word' id='word_1_459' title='bbox 1454 2370 1603 2402; x_wconf 86' lang='lat' dir='ltr'><strong>quoque,</strong></span> 
     </span>
     <span class='ocr_line' id='line_1_93' title="bbox 894 2409 1602 2450; baseline 0.007 -12"><span class='ocrx_word' id='word_1_460' title='bbox 894 2417 978 2449; x_wconf 85' lang='lat' dir='ltr'><strong>quos</strong></span> <span class='ocrx_word' id='word_1_461' title='bbox 992 2409 1198 2441; x_wconf 86' lang='lat' dir='ltr'><strong>carminibus</strong></span> <span class='ocrx_word' id='word_1_462' title='bbox 1213 2410 1402 2450; x_wconf 86' lang='lat' dir='ltr'><strong>celebrant,</strong></span> <span class='ocrx_word' id='word_1_463' title='bbox 1423 2411 1602 2443; x_wconf 86' lang='lat' dir='ltr'><strong>immorta-</strong></span> 
     </span>
     <span class='ocr_line' id='line_1_94' title="bbox 892 2458 1601 2499; baseline 0.006 -10"><span class='ocrx_word' id='word_1_464' title='bbox 892 2458 1024 2490; x_wconf 81' lang='lat' dir='ltr'><strong>litatem</strong></span> <span class='ocrx_word' id='word_1_465' title='bbox 1035 2459 1254 2499; x_wconf 87' lang='lat' dir='ltr'><strong>promittunt.</strong></span> <span class='ocrx_word' id='word_1_466' title='bbox 1271 2461 1466 2494; x_wconf 74' lang='lat' dir='ltr'><strong>Torrentius.</strong></span> <span class='ocrx_word' id='word_1_467' title='bbox 1510 2463 1601 2493; x_wconf 89' lang='lat' dir='ltr'><strong>Vide</strong></span> 
     </span>
     <span class='ocr_line' id='line_1_95' title="bbox 894 2508 1598 2551; baseline 0.004 -12"><span class='ocrx_word' id='word_1_468' title='bbox 894 2512 930 2540; x_wconf 84' lang='lat' dir='ltr'><strong>et</strong></span> <span class='ocrx_word' id='word_1_469' title='bbox 955 2508 1078 2540; x_wconf 86' lang='lat' dir='ltr'><strong>Franc.</strong></span> <span class='ocrx_word' id='word_1_470' title='bbox 1103 2509 1232 2541; x_wconf 85' lang='lat' dir='ltr'><strong>Luisin.</strong></span> <span class='ocrx_word' id='word_1_471' title='bbox 1257 2510 1445 2551; x_wconf 74' lang='lat' dir='ltr'><strong>Pater-gon.</strong></span> <span class='ocrx_word' id='word_1_472' title='bbox 1468 2519 1527 2542; x_wconf 87' lang='grc' dir='ltr'><strong>ιιι.</strong></span> <span class='ocrx_word' id='word_1_473' title='bbox 1545 2514 1598 2542; x_wconf 79' lang='grc'><strong>13.</strong></span> 
     </span>
     <span class='ocr_line' id='line_1_96' title="bbox 896 2558 1598 2600; baseline 0.006 -13"><span class='ocrx_word' id='word_1_474' title='bbox 896 2558 971 2588; x_wconf 81' lang='lat' dir='ltr'><strong>Non</strong></span> <span class='ocrx_word' id='word_1_475' title='bbox 998 2558 1133 2597; x_wconf 74' lang='lat' dir='ltr'><strong>usitata]</strong></span> <span class='ocrx_word' id='word_1_476' title='bbox 1167 2558 1264 2590; x_wconf 89' lang='lat' dir='ltr'><strong>Ordo</strong></span> <span class='ocrx_word' id='word_1_477' title='bbox 1292 2564 1367 2592; x_wconf 84' lang='lat' dir='ltr'><strong>est:</strong></span> <span class='ocrx_word' id='word_1_478' title='bbox 1392 2560 1468 2600; x_wconf 81' lang='lat' dir='ltr'><strong>Ego</strong></span> <span class='ocrx_word' id='word_1_479' title='bbox 1500 2564 1598 2591; x_wconf 79' lang='lat' dir='ltr'><strong>vates</strong></span> 
     </span>
     <span class='ocr_line' id='line_1_97' title="bbox 892 2606 1601 2650; baseline 0.004 -11"><span class='ocrx_word' id='word_1_480' title='bbox 892 2607 1045 2640; x_wconf 85' lang='lat' dir='ltr'><strong>biformis</strong></span> <span class='ocrx_word' id='word_1_481' title='bbox 1070 2606 1164 2639; x_wconf 85' lang='lat' dir='ltr'><strong>ferar</strong></span> <span class='ocrx_word' id='word_1_482' title='bbox 1183 2618 1246 2648; x_wconf 86' lang='lat' dir='ltr'><strong>per</strong></span> <span class='ocrx_word' id='word_1_483' title='bbox 1268 2609 1433 2650; x_wconf 89' lang='lat' dir='ltr'><strong>liquidum</strong></span> <span class='ocrx_word' id='word_1_484' title='bbox 1456 2609 1601 2650; x_wconf 62' lang='lat' dir='ltr'><strong>aethera,</strong></span> 
     </span>
     <span class='ocr_line' id='line_1_98' title="bbox 893 2657 1598 2700; baseline 0.003 -10"><span class='ocrx_word' id='word_1_485' title='bbox 893 2667 960 2690; x_wconf 87' lang='lat' dir='ltr'><strong>nou</strong></span> <span class='ocrx_word' id='word_1_486' title='bbox 997 2657 1125 2689; x_wconf 80' lang='lat' dir='ltr'><strong>usitata</strong></span> <span class='ocrx_word' id='word_1_487' title='bbox 1157 2667 1222 2690; x_wconf 91' lang='lat' dir='ltr'><strong>nec</strong></span> <span class='ocrx_word' id='word_1_488' title='bbox 1262 2659 1356 2690; x_wconf 90' lang='lat' dir='ltr'><strong>tenui</strong></span> <span class='ocrx_word' id='word_1_489' title='bbox 1383 2668 1509 2700; x_wconf 80' lang='lat' dir='ltr'><strong>penna,</strong></span> <span class='ocrx_word' id='word_1_490' title='bbox 1537 2661 1598 2692; x_wconf 71' lang='lat' dir='ltr'><strong>ned</strong></span> 
     </span>
     <span class='ocr_line' id='line_1_99' title="bbox 892 2707 1596 2750; baseline 0.007 -11"><span class='ocrx_word' id='word_1_491' title='bbox 892 2717 1006 2750; x_wconf 85' lang='lat' dir='ltr'><strong>penna</strong></span> <span class='ocrx_word' id='word_1_492' title='bbox 1022 2707 1171 2744; x_wconf 82' lang='lat' dir='ltr'><strong>sublimi,</strong></span> <span class='ocrx_word' id='word_1_493' title='bbox 1200 2708 1331 2740; x_wconf 77' lang='lat' dir='ltr'><strong>Latinis</strong></span> <span class='ocrx_word' id='word_1_494' title='bbox 1354 2710 1490 2742; x_wconf 86' lang='lat' dir='ltr'><strong>auribus</strong></span> <span class='ocrx_word' id='word_1_495' title='bbox 1514 2716 1596 2744; x_wconf 87' lang='lat' dir='ltr'><strong>ante</strong></span> 
     </span>
     <span class='ocr_line' id='line_1_100' title="bbox 891 2758 1128 2790; baseline -0.004 0"><span class='ocrx_word' id='word_1_496' title='bbox 891 2768 948 2790; x_wconf 90' lang='lat' dir='ltr'><strong>me</strong></span> <span class='ocrx_word' id='word_1_497' title='bbox 962 2758 1128 2790; x_wconf 86' lang='lat' dir='ltr'><strong>inaudita.</strong></span> 
     </span>
    </p>

    <p class='ocr_par' dir='ltr' id='par_1_23' title="bbox 893 2809 1596 2903">
     <span class='ocr_line' id='line_1_101' title="bbox 934 2809 1596 2852; baseline 0.006 -13"><span class='ocrx_word' id='word_1_498' title='bbox 934 2812 955 2840; x_wconf 83' lang='lat'>2</span> <span class='ocrx_word' id='word_1_499' title='bbox 989 2809 1146 2847; x_wconf 58' lang='lat' dir='ltr'><strong>Biformis</strong></span> <span class='ocrx_word' id='word_1_500' title='bbox 1171 2819 1228 2849; x_wconf 80' lang='lat' dir='ltr'><strong>per</strong></span> <span class='ocrx_word' id='word_1_501' title='bbox 1257 2809 1424 2851; x_wconf 74' lang='lat' dir='ltr'><strong>liquidum]</strong></span> <span class='ocrx_word' id='word_1_502' title='bbox 1473 2810 1596 2852; x_wconf 82' lang='lat' dir='ltr'><strong>Nuper</strong></span> 
     </span>
     <span class='ocr_line' id='line_1_102' title="bbox 893 2860 1593 2903; baseline 0.003 -11"><span class='ocrx_word' id='word_1_503' title='bbox 893 2860 1006 2900; x_wconf 84' lang='lat' dir='ltr'><strong>bomo,</strong></span> <span class='ocrx_word' id='word_1_504' title='bbox 1020 2869 1110 2892; x_wconf 86' lang='lat' dir='ltr'><strong>nunc</strong></span> <span class='ocrx_word' id='word_1_505' title='bbox 1132 2870 1274 2901; x_wconf 84' lang='lat' dir='ltr'><strong>cygnus,</strong></span> <span class='ocrx_word' id='word_1_506' title='bbox 1294 2860 1360 2902; x_wconf 83' lang='lat' dir='ltr'><strong>vel,</strong></span> <span class='ocrx_word' id='word_1_507' title='bbox 1383 2866 1478 2893; x_wconf 77' lang='lat' dir='ltr'><strong>vates</strong></span> <span class='ocrx_word' id='word_1_508' title='bbox 1496 2863 1593 2903; x_wconf 85' lang='lat' dir='ltr'><strong>Lyri-</strong></span> 
     </span>
    </p>
   </div>
  </div>
 </body>
</html>
