1916 3262
651 251 715 280 nn
747 249 882 280 ARTE
916 249 1137 280 ΡοΕτιοΑ.
1498 241 1609 284 1287

163 347 408 402 Interpres3
437 358 518 387 nec
538 344 717 386 desilies
736 345 928 387 imitator
947 346 994 387 in
1013 348 1201 394 arctum,

163 413 294 455 Unde
314 414 468 468 pedem
486 412 677 467 proferre
697 412 838 466 pudor
856 417 994 462 vetet,
1017 415 1094 454 aut
1114 411 1261 466 operis
1281 411 1372 453 lex.

163 481 263 523 Nec
284 482 351 523 sic
371 480 572 535 incipies,
590 483 638 521 ut
659 481 846 547 scriptor
866 479 1073 534 Cyclicus
1095 479 1227 521 olim:

1528 411 1611 452 135

162 600 236 631 dens
251 600 403 642 utfidelis
417 600 567 641 interpres
578 612 588 632 .·
611 605 763 641 praeterea
779 610 816 631 ne
829 600 979 632 imitando
991 598 1138 638 conjicias
1152 603 1183 630 te
1197 600 1231 630 in
1245 598 1421 638 angustias,
1433 607 1449 628 e
1460 595 1570 644 quibus
1582 598 1613 626 te

160 643 306 682 expedire
325 652 467 684 nequeas,
485 652 538 674 seu
552 643 589 674 ob
601 644 830 683 verecundiam,
849 652 903 674 seu
916 642 953 674 ob
967 644 1066 682 legem
1085 642 1244 674 carminis.
1290 642 1357 673 Nec
1378 639 1508 682 incipies
1532 639 1616 669 sicut

766 747 1005 761 000000000Νο

158 807 305 844 Schene.
349 811 442 845 Ante
458 813 640 846 Horatium
665 815 713 846 ita
730 815 906 856 scripsisse
923 814 1121 847 Ciceronem
1138 813 1182 845 de
1199 813 1284 854 Opt.
1301 812 1390 845 Gen.
1406 812 1505 844 Orat.
1523 820 1558 842 v.
1580 820 1614 843 n.

161 855 212 884 1⁴.
236 858 334 886 notat
349 855 552 888 Lambinus:
578 861 587 874 ‘
606 858 684 888 Non
709 858 848 889 verbum
866 867 928 898 pro
952 857 1054 888 verbo
1078 866 1216 888 necesse
1240 855 1340 887 habui
1364 854 1612 903 reddam-sed

158 905 266 936 genus
280 898 427 929 omnium
444 900 636 935 verborum,
653 900 786 941 vimque
803 900 935 931 servavi
949 899 971 930 :'
986 910 1086 940 quem
1103 900 1211 931 locum
1229 899 1401 938 integrum
1417 898 1562 929 inseruit
1575 897 1611 927 S.

158 938 390 981 Hieronymus
415 941 449 972 in
472 941 577 973 citata
601 942 752 981 Epistola
772 943 814 974 ad
839 942 1091 974 Pammachium
1109 952 1142 972 n.
1158 946 1191 973 5.
1224 942 1348 973 verbum
1375 940 1498 972 curabis
1522 939 1612 970 verbo

159 981 309 1013 Chisian.
324 985 356 1015 6.
376 983 504 1015 verbum
518 994 558 1015 ex
572 984 663 1015 verbo
678 985 756 1016 Vat.
772 985 871 1016 Rom.
887 988 938 1016 10.
955 990 990 1016 et
1006 995 1090 1016 uuus
1102 984 1404 1016 Pulmanni.—134
1419 983 1500 1014 Vat.
1514 981 1614 1012 Rom.

157 1019 190 1054 8.
208 1029 243 1055 et
259 1034 344 1056 nnus
360 1025 553 1066 Pulmanni‚
568 1037 606 1057 ne
620 1027 861 1059 desilies.-135
886 1028 980 1058 Unus
995 1028 1103 1059 codex
1120 1038 1175 1068 ap.
1189 1026 1338 1058 Turneb.
1354 1025 1497 1057 Advers.
1515 1032 1612 1055 xxn.

160 1067 213 1098 n.
228 1076 313 1098 nnus
330 1067 525 1108 Pnimanni,
542 1079 625 1100 unus
651 1070 730 1110 item
753 1069 875 1101 Achin.
892 1070 1008 1108 Statii,
1032 1076 1067 1101 et
1092 1074 1162 1101 tres
1189 1080 1243 1111 ap.
1261 1069 1394 1100 Vatart.
1415 1068 1556 1106 reserre‚·
1576 1072 1614 1097 et

159 1107 209 1138 sic
224 1117 268 1140 ex
283 1109 415 1142 duobus
431 1112 498 1142 suis
513 1112 666 1152 praetulit
680 1112 796 1144 Lamb.
813 1113 967 1154 sequitur
979 1113 1123 1153 Cuniug.
1135 1113 1212 1143 inde
1229 1121 1328 1143 anon.
1341 1111 1432 1151 Traj.
1445 1110 1486 1141 ad
1504 1109 1612 1140 Rhen.

160 1151 257 1183 1⁷13.
280 1153 404 1184 Sanad.
420 1154 568 1185 Men-vin.
586 1155 672 1185 Phil.
692 1159 727 1186 et
750 1155 883 1186 Valart.
903 1155 1044 1195 proferre
1071 1155 1197 1193 Acron,
1213 1160 1246 1185 et
1262 1163 1376 1185 omnes
1391 1153 1447 1184 atii
1462 1151 1562 1183 codd.
1577 1155 1614 1182 et

159 1192 239 1225 edd.
260 1196 363 1235 pudor
374 1197 514 1236 proferre
534 1198 640 1237 pedem
656 1197 737 1229 Vat.
755 1198 851 1229 Rom.
867 1200 900 1229 9.
921 1201 1007 1229 vetat
1023 1198 1104 1228 Vat.
1123 1197 1233 1228 Palat.
1248 1199 1279 1227 3.
1307 1201 1342 1227 et
1366 1195 1522 1226 Vallicel.
1540 1196 1613 1224 1.—

159 1236 223 1267 186
245 1237 324 1268 Vat.
340 1241 392 1270 14.
413 1238 574 1279 incipiens.
619 1239 768 1271 Chisian.
786 1243 815 1272 1.
833 1244 869 1271 et
883 1239 958 1271 cod.
974 1239 1117 1271 Sorbon.
1133 1249 1189 1280 ap.
1201 1239 1334 1270 Valart.
1362 1238 1502 1280 Cycnus,
1521 1236 1612 1278 quod

159 1285 201 1307 ex
217 1277 348 1311 duobus
365 1281 434 1311 suis
451 1281 598 1312 restituit
616 1282 647 1312 in
665 1287 798 1313 textum
821 1283 937 1318 Benti.
963 1282 1087 1322 probat
1101 1282 1285 1313 Winkelm.
1302 1282 1398 1312 Mon.
1414 1280 1497 1312 Ant.
1512 1278 1611 1311 Ined.

158 1318 192 1350 in
208 1320 315 1353 Praef.
332 1332 366 1364 p.
387 1325 439 1354 1⁷.
465 1333 507 1354 ex
531 1324 657 1354 Procio
680 1324 712 1354 in
737 1324 929 1356 Chrestom.
945 1333 1000 1364 ap.
1018 1323 1175 1355 Photium
1191 1323 1356 1355 Biblioth.
1380 1323 1444 1354 col.
1458 1324 1535 1353 982.
1558 1320 1613 1353 ed.

811 1430 954 1463 NOTAE

153 1491 438 1535 quemadmodum
452 1493 652 1535 Sophocles,
663 1494 857 1535 Euripides,

155 1541 280 1584 aliique
294 1552 338 1575 ex
354 1543 514 1576 Homero.
538 1545 630 1578 Quin
642 1550 678 1576 et
691 1546 854 1587 pleraque

154 1592 189 1624 in
205 1601 270 1624 una
281 1593 397 1635 lingua
405 1594 529 1633 nitent,
542 1605 618 1637 quae
634 1596 669 1627 in
681 1596 790 1628 altera
803 1597 854 1628 ni-

154 1642 201 1674 hit
217 1643 391 1676 habebunt
407 1645 609 1686 splendoris.

199 1694 260 1724 134
286 1693 355 1725 Nec
375 1694 498 1726 desilies
513 1695 655 1727 imitator
669 1696 704 1727 in
721 1699 855 1736 arctum,

154 1741 226 1782 ζα]
247 1742 386 1774 Tertius
407 1745 463 1775 hic
486 1750 539 1775 est
562 1747 722 1786 scopulus
746 1747 855 1777 imita-

155 1792 222 1822 tori
238 1793 420 1824 cavendus.
464 1795 519 1825 Ne
532 1795 724 1826 Dramatici
735 1796 857 1827 carmi-

155 1841 209 1872 nis
224 1847 260 1873 et
275 1842 374 1882 Epici
389 1843 558 1875 diversam
578 1845 686 1885 legem
709 1845 858 1885 turpiter

157 1891 292 1932 ignoret
318 1898 378 1925 ant
403 1894 606 1927 confundat.
650 1896 745 1928 Sciat
772 1906 855 1937 ergo

157 1942 351 1986 audeatque
387 1943 568 1977 immutare
605 1947 785 1987 permulta,
819 1951 857 1978 et

157 2004 245 2027 nova
269 1996 424 2038 qnaedam
451 1997 602 2029 inserere
631 2003 667 2029 et
693 1997 855 2039 affingere

155 2044 344 2085 Tragoediae
374 2046 509 2085 idonea,
537 2056 600 2078 nec
632 2058 668 2079 se
701 2054 856 2081 coarctet

153 2094 228 2136 ipse
243 2099 280 2127 et
295 2096 463 2137 astringat
478 2097 521 2128 ad
539 2107 580 2130 ea
595 2098 764 2131 duntaxat
779 2111 853 2141 quae

154 2144 287 2177 induxit
302 2146 429 2187 Epicus
445 2157 476 2178 v.
491 2157 524 2189 g.
547 2148 732 2191 Homerus,
754 2161 853 2192 quem

153 2194 320 2227 imitatur.

198 2247 260 2278 1³⁵
284 2245 452 2287 Profert-2]
489 2246 544 2280 ΑΙ.
567 2249 703 2290 melius,
726 2251 858 2291 referre,

151 2295 299 2328 licenter
314 2296 464 2338 quidem.

198 2348 262 2378 1³6
284 2347 354 2378 Nec
379 2347 426 2378 sic
452 2348 597 2390 incipies]
635 2349 854 2392 Praeceptum

154 2395 200 2427 de
229 2395 326 2428 initio
346 2396 516 2437 grandiori
543 2399 727 2432 evitando:
763 2402 855 2443 quod

155 2450 224 2476 tam
251 2445 379 2486 Epicu!
412 2457 512 2487 quarn
541 2449 704 2490 Tragtcus
733 2461 854 2484 cavere

156 2494 271 2526 debet.
326 2495 492 2527 Peccavit
519 2497 649 2530 Statius
679 2501 712 2532 in
740 2501 854 2534 Achil-

155 2544 260 2584 leide,
275 2549 310 2576 et
329 2544 525 2585 Thebaide3
547 2547 680 2580 Seneca
701 2550 735 2581 in
750 2552 854 2583 Troa—

156 2595 212 2634 de,
226 2597 293 2626 &c-

198 2645 344 2685 Scriptor
363 2644 523 2685 cyclicus]
559 2646 763 2688 Circutator,
789 2650 855 2680 cir-

154 2694 406 2731 cumforaneus,
434 2705 549 2734 vagus,
579 2697 732 2736 trivialis,
761 2698 855 2739 ἀγύρ-

153 2758 223 2784 της,
240 2747 273 2776 in
291 2746 449 2786 compitis
465 2745 615 2777 homines
631 2757 854 2789 congregans,

153 2797 276 2839 quibus
288 2795 480 2828 inconditos
490 2805 605 2827 versus
618 2798 766 2829 occinat.
783 2798 856 2829 Vir-

909 1494 969 1535 gii.
985 1495 1058 1527 Ecl.
1072 1504 1129 1527 ιιι.
1142 1495 1152 1512 ‘
1167 1494 1245 1526 Non
1258 1493 1342 1526 tuin
1359 1493 1483 1534 triviis,
1496 1492 1611 1525 indoc-

909 1550 956 1584 te,
972 1544 1104 1576 solebas
1118 1544 1287 1576 stridenti
1305 1544 1465 1575 miserum
1481 1544 1611 1584 stipula

908 1594 1111 1635 disperdere
1138 1593 1317 1626 carmen?’
1354 1594 1437 1626 Cael.
1465 1593 1610 1632 Rhodig.

908 1653 1045 1676 xxvm.
1062 1647 1114 1676 10.
1137 1644 1178 1676 In
1192 1654 1279 1675 nova
1291 1643 1479 1680 Comoedia,
1489 1643 1611 1684 inquit,

909 1695 1032 1734 Cyclos
1047 1695 1113 1726 dici
1140 1695 1287 1733 invenio,
1301 1695 1378 1726 loca
1403 1693 1459 1724 ubi
1485 1693 1610 1724 vende-

908 1750 1027 1776 rentur
1042 1745 1231 1785 mancipia:
1257 1744 1347 1775 forte
1369 1743 1474 1774 etiam
1498 1743 1554 1774 ubi
1576 1747 1612 1775 et

909 1795 1043 1825 venalia
1069 1795 1210 1835 reliqua.
1255 1794 1474 1833 Astipuiatur
1495 1793 1610 1826 Schol.

910 1842 1086 1884 Aristoph.
1101 1844 1252 1875 scribens
1265 1843 1382 1874 κύκλον
1392 1842 1496 1874 fuisse
1506 1842 1612 1875 Athe-

910 1893 963 1924 nis
977 1893 1105 1931 circum,
1128 1903 1188 1924 seu
1215 1894 1338 1934 locum,
1353 1893 1410 1925 ubi
1431 1903 1549 1925 carnes
1573 1898 1611 1925 et

909 1944 1020 1985 pisces
1046 1946 1293 1977 vendebantur.
1336 1946 1422 1977 Sunt
1443 1946 1499 1987 qui
1523 1946 1609 1978 Mae-

909 1995 998 2026 vium
1021 1996 1075 2027 hic
1100 1996 1211 2027 notari
1235 2002 1403 2028 asserant.
1437 1996 1610 2028 Casaubo-

908 2054 970 2076 nus
994 2045 1028 2076 in
1053 2045 1181 2077 Athen.
1204 2055 1270 2077 vn.
1287 2049 1318 2077 3.
1341 2047 1448 2077 multa
1474 2047 1608 2078 erudite

907 2094 951 2125 de
968 2095 1073 2135 Cyclo
1092 2100 1129 2126 et
1141 2096 1288 2136 Cyclicis
1303 2106 1311 2126 :
1330 2096 1459 2137 aitque,
1476 2100 1484 2113 ¹
1496 2096 1610 2136 Cycli-

908 2143 984 2176 cos’
1004 2145 1170 2187 appellari
1186 2147 1302 2178 solitos
1318 2146 1523 2188 quicumque
1540 2156 1609 2177 ma-

909 2195 1028 2227 teriam
1056 2196 1202 2238 aliquam
1229 2197 1394 2228 continua
1417 2197 1505 2228 serie
1533 2207 1611 2237 per-

908 2247 1120 2280 texuissent:
1155 2248 1244 2280 sicut
1269 2247 1493 2280 Antimachus
1521 2249 1609 2280 The-

909 2297 1028 2329 banam
1055 2298 1245 2330 historiam.
1295 2298 1482 2340 Adduqne,
1510 2309 1609 2340 quem

909 2357 989 2379 vero
1003 2348 1148 2380 Poetam
1172 2349 1343 2389 intelligat
1368 2349 1532 2380 Horatius
1548 2359 1611 2390 per

909 2397 1129 2439 ‘scriptorem
1141 2398 1340 2439 Cyclicum,’
1350 2399 1547 2430 nominatim
1561 2400 1611 2430 in-

908 2447 1024 2479 dicare
1036 2458 1102 2479 non
1114 2458 1302 2488 possumus.
1324 2449 1507 2480 Stasimum
1520 2449 1610 2479 Doc—

908 2498 936 2529 ti
959 2503 1098 2539 putant,
1121 2499 1177 2539 qui
1204 2504 1324 2530 auctor
1351 2508 1466 2538 parvae
1490 2497 1610 2528 Iliadis

907 2549 1048 2588 extitit3
1065 2550 1123 2580 sed
1139 2555 1309 2590 repugnat
1325 2549 1468 2579 Photius
1483 2549 1610 2581 diserte

906 2599 1001 2630 illum
1013 2609 1176 2639 separans
1190 2611 1208 2630 a
1222 2599 1381 2639 Cyclicis.
1405 2598 1526 2639 Itaque
1543 2599 1609 2639 Cy-

907 2650 1012 2681 cticus
1026 2649 1115 2689 apud
1130 2649 1310 2680 Horatium
1322 2648 1388 2679 erit
1400 2649 1512 2688 potius
1524 2649 1608 2680 alius

908 2700 1075 2741 quispiam
1093 2708 1112 2729 e
1129 2699 1237 2740 Cyclo
1253 2699 1382 2738 Epicu:
1407 2708 1480 2729 nam
1496 2699 1608 2739 poe'tae

909 2750 966 2780 isti
980 2758 1045 2779 non
1057 2748 1100 2779 ob
1111 2749 1341 2789 praestantiam
1353 2749 1509 2780 carminis
1521 2759 1609 2781 com-

910 2798 1074 2838 mendati,
1095 2797 1154 2829 sed
1173 2803 1304 2830 tantuin
1324 2804 1467 2839 propter
1482 2801 1608 2831 seriem
