1930 3204
353 284 464 346 1550

353 386 434 417 ficas
455 386 653 426 insepultas,
676 389 778 424 atque
798 393 911 415 earum
934 393 1038 415 mem·

353 436 414 466 bra
439 445 459 465 a
482 435 618 465 canibus
646 439 681 464 et
703 433 819 464 avibus
843 433 1036 465 dilacerata.

354 484 479 524 [Neque
506 484 563 514 lieu
592 483 847 514 Commentator
878 483 1035 524 Cruquia-

354 532 445 572 nus.]

393 584 471 623 [102
494 581 658 622 Effugeret
678 586 713 613 et
732 581 912 622 Effugerent
939 581 1037 612 codd.

355 642 409 669 ap.
426 632 553 671 Pulm.]

354 682 466 712 Epon.
499 690 550 712 νι.
585 681 628 713 In
663 681 820 712 CAssmM
851 681 1039 719 SevmwM,

396 738 541 762 pomam
561 738 777 762 namurcum
800 739 844 761 m·
860 738 1039 761 purumn-

393 788 483 810 ΤΕΜ.

395 827 561 860 Quoniam
583 827 617 858 in
635 828 774 859 Cassium
798 828 944 859 Severum
967 835 1038 857 car-

353 885 428 907 men
444 877 507 907 hoc
522 876 682 916 scriptum
698 887 783 916 esse,
799 882 865 908 tam
888 886 929 906 ex
946 879 1039 906 vete-

353 933 425 955 rum
440 924 598 955 librorum
622 925 738 961 titulis,
752 935 848 965 quam
867 925 1039 956 Gramma-

354 974 498 1004 ticorum
513 974 644 1004 scholiis
656 978 800 1013 constat,
811 975 882 1014 quis
896 974 953 1004 ille
969 968 1039 1004 fue-

354 1022 400 1052 rit
429 1022 610 1053 videamus.
656 1024 782 1054 Cassius
808 1024 919 1063 itaque
949 1023 1043 1054 Seve-

352 1079 407 1100 rus
427 1071 571 1101 celebris
594 1071 733 1110 Augusti
756 1077 906 1111 tempore
928 1075 1041 1102 orator

353 1119 460 1161 (quod
482 1120 705 1151 testinnonium
730 1121 772 1152 de
798 1130 838 1151 eo
859 1119 926 1151 fert
950 1120 1040 1151 Plin.

354 1178 423 1200 vn.
451 1169 522 1208 12.)
551 1170 639 1200 inter
669 1170 752 1200 alios
790 1171 1041 1210 potentissimos

353 1226 428 1248 reos
451 1217 596 1249 Nonium
623 1216 861 1257 Asprenatem,
884 1217 947 1258 ipsi
970 1217 1042 1249 Cae-

352 1265 418 1296 sari
444 1266 645 1305 cognatione
666 1266 834 1306 junctum,
859 1266 903 1297 de
920 1265 1042 1297 venefi-

353 1315 407 1346 cio
436 1315 626 1352 accusavit3
653 1324 719 1346 una
741 1315 813 1355 ejus
836 1315 951 1356 patina
966 1317 1040 1346 130.

352 1363 506 1394 interisse
521 1364 676 1394 convivas
691 1364 849 1404 objiciens
864 1374 872 1394 z
896 1364 942 1395 sic
953 1364 1039 1394 enim

353 1412 444 1443 Ptin.
459 1420 576 1443 xxxv.
593 1416 644 1443 12.
690 1413 852 1443 Horatius
866 1413 970 1452 igitur
984 1413 1041 1443 ho·

353 1461 475 1492 minem
498 1461 677 1492 accusandi
700 1462 832 1492 avidum
849 1466 883 1492 et
902 1461 1041 1492 maledi-

352 1518 441 1546 cum,
456 1510 515 1540 sed
531 1519 647 1550 parum
663 1509 976 1548 efficacem,merito
993 1511 1040 1548 ig-

351 1558 455 1589 nobili
469 1559 543 1589 cani
559 1564 755 1599 comparat3
778 1560 843 1590 imo
864 1569 967 1590 canem
982 1568 1039 1590 vo-

353 1613 421 1644 cat,
437 1612 473 1637 ut
490 1606 702 1647 philosophos
718 1607 827 1638 dictos
843 1608 922 1638 inde
937 1607 1038 1647 Cyni-

355 1664 411 1686 cos
423 1655 578 1685 solemus.

396 1707 412 1735 l
437 1704 649 1744 Immerentes]
669 1704 738 1736 Cur
762 1704 914 1744 hospites
940 1713 1042 1734 vexas

354 1753 434 1784 nihil
449 1754 526 1784 mali
543 1753 692 1784 meritos.
715 1752 877 1794 Hospites]
897 1753 966 1790 Sic,
982 1762 1042 1792 pu-

353 1808 402 1841 to,
439 1804 590 1843 appellat
621 1803 782 1841 homines,
806 1803 862 1843 qui
891 1802 1041 1834 Cassium

353 1852 501 1891 penitius
529 1852 672 1883 nondum
699 1856 884 1889 nov.erant;
918 1851 1043 1891 alioqui

354 1900 454 1930 etiam
471 1900 656 1930 illustribus
672 1900 801 1931 civibus
818 1899 990 1937 infestum,
1006 1903 1046 1929 ut·

354 1950 509 1981 diximus.
556 1951 668 1991 Canis]
693 1951 846 1981 Latrator
861 1949 1036 1981 maledice.

396 2002 417 2029 2
439 1999 593 2040 Ignavus]
631 1999 814 2029 Imbecillis
850 2003 886 2029 et
921 1998 1042 2028 nullius

355 2050 456 2079 animi
471 2053 588 2079 contra
603 2058 674 2088 eos,
685 2049 741 2089 qui
757 2053 791 2080 te
801 2047 955 2079 mordere
969 2058 1044 2088 pos-

354 2101 443 2126 sunt.
487 2097 620 2136 [Codex
657 2097 884 2135 Gregorianus
921 2099 951 2126 1.
990 2106 1044 2135 ap.

356 2145 472 2184 Feam,
487 2145 565 2175 Vat.
581 2146 716 2175 Rom.2.
733 2145 853 2185 aliique
869 2144 969 2176 codd.
986 2154 1042 2184 ap.

356 2193 478 2232 beck,
491 2194 634 2224 adversus
649 2193 762 2232 lupos]

397 2245 416 2272 3
441 2243 525 2278 Quin
544 2243 601 2273 huc
618 2241 739 2281 inanes]
764 2242 834 2272 Cur
849 2250 914 2271 non
940 2241 973 2271 in
990 2250 1041 2270 me

355 2297 531 2322 convertas
547 2291 652 2321 minas
679 2292 804 2327 inanes,
819 2300 899 2330 quae‘
917 2294 1044 2330 praeter

355 2342 461 2373 verba
484 2341 564 2371 nihil
581 2345 681 2378 sunt3
705 2340 787 2374 Quin
808 2339 957 2379 huc,&c.]
979 2339 1043 2369 Vel

356 2391 481 2431 potius,
495 2390 648 2420 hortatur
670 2389 757 2419 hunc
778 2388 990 2426 maledicum,
1005 2393 1043 2419 ut

355 2441 388 2470 in
412 2449 448 2470 se
481 2438 684 2479 detorqueat
716 2447 776 2468 sua
799 2437 1042 2468 maledicentiae

357 2487 501 2528 spicula,
530 2487 684 2517 nimirum
710 2486 751 2516 ad
782 2485 1042 2526 retorquendum

356 2542 522 2578 paratum.
537 2537 634 2576 Cruq.
662 2535 780 2575 Vertis]
805 2534 895 2566 Libri
908 2543 967 2565 sex
977 2543 1049 2565 ver-¹

356 2591 398 2622 te.
408 2592 442 2618 et
456 2586 618 2617 versiculo
628 2585 781 2625 sequenti
795 2587 864 2624 pete
875 2592 937 2624 pro
951 2583 1042 2624 petis.

359 2635 461 2674 [Quin
475 2635 506 2664 Ιι.
521 2634 621 2665 inanis
636 2632 835 2672 Bamberg]

398 2685 418 2713 4
444 2684 657 2714 Renum-surum
668 2683 765 2723 petis]
789 2682 855 2715 Qui
873 2690 969 2722 pares
984 2680 1044 2712 tibi

358 2731 502 2763 referam
519 2733 655 2771 gratias.

398 2784 418 2811 5
446 2781 525 2810 Ναηι
547 2781 645 2821 qualis
659 2781 727 2819 aut]
751 2779 847 2811 Ordo
862 2783 934 2811 est:
955 2779 1043 2811 Nam

806 292 947 322 NOTAE
981 291 1238 322 vARtole
1276 293 1323 322 ΙΝ

1085 394 1147 424 ego
1169 394 1275 424 agam,
1292 385 1324 415 id
1337 388 1399 423 est,
1415 393 1595 424 persequar
1610 392 1670 425 per
1686 387 1770 419 altas

1085 434 1178 464 nives
1201 434 1313 464 alacer
1330 437 1365 464 et
1384 442 1463 464 aure
1486 433 1619 464 sublata
1641 442 1771 467 omnem

1087 482 1189 514 feram
1219 493 1428 524 quaecunque
1454 485 1618 524 praeeedit
1644 493 1708 524 me,
1736 489 1773 517 et

1087 541 1182 572 agam
1199 534 1273 563 telis
1301 533 1409 573 qualis
1431 538 1501 568 aut,
1516 535 1580 564 &c-
1622 533 1775 566 Molossus

1087 584 1143 611 aut
1157 580 1266 618 sulvus
1291 582 1408 621 Lacon]
1431 582 1565 612 Genera
1583 591 1699 613 canum
1714 591 1775 614 no·

1087 629 1249 661 bilissima
1274 631 1444 671 conjunxit
1465 631 1565 662 etiam
1590 631 1772 663 Poetarum

1088 678 1244 718 princeps
1258 680 1321 710 hoc
1345 689 1463 710 versu:
1486 679 1497 696 ‘
1515 680 1658 711 Veloces
1673 680 1773 720 Spar-

1088 733 1132 758 tae
1148 728 1288 767 catulos,
1304 738 1480 768 acremque
1496 729 1678 760 Molossum
1694 729 1774 760 Pas-

1087 785 1127 807 ce
1143 785 1217 807 sero
1233 777 1372 816 pingui.’
1417 778 1535 817 Neque
1552 778 1651 808 aliter
1664 778 1674 795 ‘
1692 777 1774 808 odo·

1088 834 1126 855 ra
1151 834 1268 856 canum
1293 827 1341 857 vis
1353 826 1361 839 ’
1377 825 1474 864 dixit,
1490 836 1548 864 pro
1563 826 1672 857 odoris
1686 827 1777 857 cani·

1089 874 1163 913 bus,
1180 885 1276 915 quam
1290 880 1404 906 noster
1417 876 1516 906 amica
1529 876 1576 906 vis
1589 875 1774 915 pastoribus,

1089 933 1151 963 pro
1187 924 1376 963 pastoribus
1406 925 1491 962 grati
1529 928 1631 965 atque
1664 923 1774 955 amici.

1091 971 1257 1011 Molossus]
1279 972 1380 1002 Canis
1396 981 1534 1011 maguus
1547 977 1583 1003 et
1605 981 1773 1011 procerus.

1091 1020 1207 1058 Lacon]
1232 1020 1332 1050 Canis
1356 1019 1640 1060 Lacedaemonius,
1662 1019 1776 1052 admo-

1090 1070 1169 1100 dum
1186 1069 1292 1109 agilis.

1131 1122 1152 1149 6
1174 1118 1284 1149 Amica
1307 1118 1370 1159 vis]
1396 1117 1560 1150 Defensio
1587 1116 1776 1156 pastoribus

1090 1168 1202 1199 chara.
1225 1168 1337 1200 ‘Quia
1367 1176 1468 1198 canes
1498 1176 1518 1196 a
1545 1166 1630 1206 lupis
1659 1174 1777 1206 greges

1091 1216 1296 1258 protegunt)
1338 1217 1433 1257 [Vat.
1462 1217 1555 1247 Rom.
1571 1218 1603 1245 2.
1617 1215 1697 1245 Vat.
1713 1215 1779 1246 Pn-

1091 1267 1148 1298 tat.
1160 1269 1191 1298 4.
1206 1267 1350 1298 Chisian.
1366 1269 1398 1297 3.
1413 1265 1469 1296 atii
1486 1274 1540 1304 ap.
1555 1264 1687 1295 Vatari.
1697 1274 1778 1305 prce-

1090 1319 1188 1348 cedat.
1210 1317 1290 1348 Vat.
1315 1317 1427 1347 Palat.
1450 1319 1481 1346 5.
1504 1315 1656 1355 procedet.
1699 1315 1779 1345 Vnt.

1091 1367 1203 1398 Palat.
1231 1370 1263 1398 3.
1290 1366 1436 1406 procedit.
1459 1365 1601 1405 Gregor.
1633 1367 1661 1395 1.
1686 1374 1706 1395 a
1731 1373 1775 1395 m.

1089 1425 1157 1447 sec.
1173 1425 1355 1455 quacumque
1366 1415 1535 1455 procedat.]
1709 1412 1713 1414 ’

1131 1467 1152 1494 9
1175 1465 1220 1495 Tu
1235 1475 1326 1504 quum
1341 1463 1490 1502 timenda]
1511 1462 1558 1493 ‘ru
1581 1470 1681 1502 quum
1697 1469 1775 1492 con·

1090 1512 1177 1543 vitiis
1193 1517 1227 1543 et
1243 1513 1388 1543 carmine
1405 1511 1569 1542 maledico
1583 1510 1724 1551 aliquem
1742 1519 1776 1540 es

1090 1561 1286 1601 insectatus,
1301 1561 1411 1602 pretio
1427 1560 1487 1590 tibi
1510 1559 1638 1598 oblato,
1653 1560 1777 1591 latrare

1089 1610 1224 1642 desinis.

1131 1662 1171 1690 10
1195 1657 1371 1696 Proiectum
1395 1658 1533 1689 odoraris
1559 1657 1673 1698 cibum]
1707 1658 1778 1689 Cic.

1090 1707 1099 1723 ‘
1116 1706 1223 1736 Canes
1238 1705 1408 1736 venaticos
1435 1704 1577 1739 diceres,
1598 1705 1647 1735 ita
1661 1705 1776 1736 odora-

1091 1755 1213 1786 bantur
1223 1755 1335 1785 omnia
1345 1759 1378 1784 et
1389 1753 1686 1794 pervestigabant)
1696 1755 1780 1786 ens-

1092 1804 1173 1834 sium
1205 1808 1315 1834 autem
1346 1807 1511 1843 tamqnam
1540 1801 1780 1842 'praevaricato-

1092 1862 1161 1883 rem
1178 1852 1359 1890 insimulat,
1371 1851 1426 1892 qui
1439 1850 1582 1881 minimis
1595 1850 1691 1882 rebus
1705 1859 1779 1881 cor-

1091 1902 1198 1942 rumpi
1215 1911 1251 1932 se
1267 1901 1402 1932 sineret.
1458 1899 1650 1940 Proiectum]
1683 1899 1780 1930 More

1091 1951 1181 1982 canis
1196 1950 1410 1991 ignavissimi.
1455 1948 1644 1990 [vandei-b.
1659 1947 1782 1980 odomn’

1090 2000 1189 2031 cibum
1206 2001 1315 2040 Cara]

1134 2052 1174 2079 12
1197 2049 1318 2079 Parata
1335 2049 1404 2078 rouo
1419 2047 1547 2087 cornua]
1570 2048 1579 2064 ‘
1594 2047 1777 2078 Cornutum

1091 2098 1233 2128 bestiam
1263 2101 1382 2136 petere
1397 2096 1406 2111 '
1429 2096 1514 2126 dixit
1540 2097 1694 2134 Plautus,
1717 2102 1779 2134 pro

1092 2155 1165 2176 eum
1192 2147 1368 2180 lacessere,
1384 2145 1438 2183 qni
1455 2153 1490 2173 se
1515 2144 1626 2174 ulcisci
1643 2146 1779 2182 paratus

1093 2194 1149 2224 sit.
1197 2194 1314 2224 Parata
1341 2193 1428 2233 tollo]
1448 2192 1542 2222 Tollo
1567 2200 1690 2222 cornua
1706 2195 1777 2221 tan—

1091 2252 1187 2283 quam
1216 2246 1340 2280 taurus,
1363 2241 1403 2271 ad
1429 2239 1614 2271 feriendum
1639 2243 1709 2277 cos,
1723 2239 1779 2280 qui

1091 2291 1170 2322 mihi
1183 2289 1396 2321 maledicunt.
1439 2289 1576 2329 [Vat.9.
1587 2288 1666 2319 Vat.
1683 2287 1780 2319 Rom.

1093 2342 1143 2370 10.
1161 2340 1203 2370 al.
1224 2348 1277 2377 ap.
1304 2338 1424 2378 Jaeck,
1449 2338 1564 2369 tollam.
1587 2336 1778 2368 Markland.

1093 2389 1185 2428 conj.
1202 2388 1291 2419 Irata
1304 2387 1402 2426 tolla]

1134 2440 1172 2468 13
1198 2437 1308 2472 Qualis
1322 2435 1496 2476 Lycamben]
1521 2435 1638 2466 Plures
1654 2433 1780 2466 Potitus

1093 2487 1169 2528 styli
1193 2486 1380 2517 acerbitate
1401 2485 1528 2516 nobiles
1544 2488 1781 2515 commemorat

1093 2535 1278 2576 antiquitas
1291 2546 1301 2574 ς
1314 2535 1371 2565 sed
1386 2540 1509 2575 praeter
1521 2534 1643 2564 veteris
1653 2533 1779 2564 eomoe·

1093 2585 1158 2615 diae
1183 2588 1351 2623 auctores,
1369 2584 1474 2624 iisque
1492 2583 1659 2623 proximos
1681 2582 1779 2622 Saty-

1094 2635 1193 2671 ricus,
1208 2634 1320 2664 'l'lieon
1337 2638 1372 2664 et
1393 2634 1504 2665 Zoilus
1519 2637 1555 2664 et
1569 2633 1688 2664 Timon
1709 2640 1778 2663 ma-

1093 2682 1274 2714 ledicentia
1304 2682 1446 2713 infames
1472 2681 1587 2712 fuere:
1624 2679 1775 2712 Archilo-

1093 2733 1172 2763 chus
1199 2740 1278 2762 vero
1304 2736 1339 2762 et
1361 2731 1558 2771 Hipponax,
1585 2738 1665 2770 qnos
1681 2728 1775 2768 jmtu

1093 2781 1136 2811 ob
1153 2780 1278 2811 illatam
1294 2780 1444 2820 injuriam
1456 2777 1624 2809 iracundia
1639 2775 1680 2807 ad
1697 2774 1776 2806 seri-
