1904 3216
517 290 724 322 uouit-ru
758 290 1036 322 SERMONUM
1070 291 1164 321 ma.
1196 291 1229 322 1.
1257 281 1298 322 6.

174 383 384 425 restitutum,
398 387 435 416 et
447 383 630 416 Tribunum
645 383 786 415 militum
799 382 871 414 fac-

173 438 272 466 tum:
296 443 362 466 non
390 438 498 474 recte,
525 435 559 466 ni
587 433 712 465 fallor:
735 433 870 464 mallem

172 484 263 515 enim
289 484 458 516 Tribunum
480 484 580 526 plebis
600 483 752 515 dixisset.
777 483 870 514 Torr.

176 535 246 575 Quo
258 534 318 566 tibi
336 534 434 575 Tum]
456 535 534 568 Quo
549 533 611 565 tibi
627 532 778 574 profuit?
801 534 869 569 Quo

171 584 232 616 tibi
249 585 331 616 Mi
346 585 477 616 Sumere
489 583 661 624 depositum
679 583 870 624 clavumfie-

170 634 260 674 rique
289 634 475 675 Tribunum]
503 633 572 665 Hie
608 633 696 664 enim
733 633 868 664 Tullius

171 684 300 716 Senatu
315 688 441 725 motus,
451 687 553 726 atque
567 683 614 714 ita
625 682 782 724 deposito
798 683 868 715 lato

171 733 327 766 clavossiu
348 733 498 775 equestri
522 731 639 764 ordine
665 732 867 772 consistens,

170 788 207 815 ut
219 793 331 816 rursus
342 783 556 816 Senatorium
570 782 720 814 ordinem
732 783 867 822 accipe-

169 840 238 873 ret,
251 832 382 864 milium
400 842 438 864 se
461 824 619 872 dederat,
635 835 737 872 atque
759 831 806 862 ita
824 831 866 862 ad

168 881 390 913 Tr1bunatum
421 881 625 922 perveniens
661 881 767 912 latum
798 880 866 910 cla-

169 941 248 964 vum
269 932 392 964 iterum
414 935 626 973 sumpserat:
658 931 746 962 male
777 930 866 962 enim

167 982 367 1015 Torrentius
391 982 448 1024 qui
459 981 644 1013 Tribunum
666 979 775 1022 plebis
790 989 867 1012 eum

167 1030 296 1063 factum
310 1032 434 1064 eredit.
468 1032 579 1062 Vetus
591 1030 865 1062 Commentator:

168 1081 180 1099 ‘
191 1081 322 1113 Tullius
340 1081 394 1113 hie
417 1081 546 1113 Senatu
560 1085 671 1112 motus
686 1085 740 1112 est
756 1090 776 1111 a
791 1080 867 1112 Cae-

170 1141 246 1164 sare
261 1132 355 1174 quasi
378 1132 631 1172 Pompeianus:
654 1130 767 1162 occiso
787 1139 868 1162 vero

171 1181 307 1213 Caesare
322 1181 453 1222 recepit
464 1181 570 1212 iatum
587 1180 708 1212 iterum
723 1180 868 1217 clavum,

169 1230 235 1262 hoc
249 1234 315 1271 est,
331 1231 544 1263 Senatoriam
567 1230 782 1271 dignitatem,
794 1230 867 1260 Tri-

169 1280 280 1313 bunus
295 1281 440 1313 militum
455 1279 566 1313 factus
577 1279 652 1311 est!
674 1279 844 1311 Rubenius.

211 1333 252 1363 25
275 1330 405 1373 Sumere
419 1331 587 1371 depositum
608 1329 744 1369 clavum]
768 1329 866 1361 Reci.

167 1389 251 1421 pere
274 1381 476 1413 senatoriam
501 1384 644 1420 vestem,
662 1379 697 1410 id
713 1383 780 1419 est,
795 1378 867 1419 dig·

167 1429 312 1462 uitatem
346 1430 410 1462 tibi
443 1440 463 1462 a
496 1430 634 1462 Caesare
663 1428 868 1468 ademptam.

170 1479 356 1522 Tribunum]
388 1480 552 1512 Militum.
594 1479 648 1510 De
684 1479 694 1497 ‘
708 1478 867 1510 Tribunis

164 1528 373 1571 laticlaviis,’
403 1529 481 1562 vide
504 1530 539 1561 in
568 1528 772 1570 Appendice
796 1528 866 1560 Ad-

112 1572 113 1576 ’
165 1578 288 1611 denda.

208 1631 251 1661 26
273 1628 424 1670 Privato]
444 1629 583 1662 Nullam
597 1627 795 1670 dignitatem
807 1628 865 1660 ha-

164 1678 270 1711 benti-

208 1731 248 1760 27
277 1728 321 1759 Ut
336 1728 479 1768 quisque]
500 1726 623 1758 Statim
641 1730 689 1758 ut.
734 1726 868 1756 Insanus

164 1776 282 1817 nigris]
304 1776 390 1809 Ideo
401 1777 550 1811 insanus,
565 1775 644 1816 quia
659 1775 817 1815 ignobilis
831 1780 868 1806 et

165 1827 330 1858 obscurus
345 1826 444 1858 bomo
459 1825 603 1866 insignia
617 1824 787 1856 senatoria
802 1824 866 1856 sibi

166 1879 288 1908 sumat.
333 1876 451 1915 Nigris
474 1875 609 1906 medium
631 1874 774 1915 impediit
794 1884 867 1905 crus

165 1925 322 1967 Pellibus]
335 1925 549 1958 Differebant
564 1925 652 1957 enim
665 1926 864 1956 Senatorum

165 1976 285 2016 calcei,
299 1975 350 2008 nti
368 1981 405 2007 et
425 1975 647 2017 patriciorum
668 1975 829 2014 omnium,
845 1985 864 2006 a

165 2025 278 2067 plebe.
322 2025 464 2058 Festus:
488 2025 499 2043 ‘
513 2026 660 2058 Mulleos
676 2035 782 2066 genus
794 2026 863 2057 cal-

162 2083 298 2107 ceorum
313 2075 408 2107 aiunt
421 2085 507 2112 esse,
519 2074 641 2117 quibus
651 2084 748 2116 reges
758 2074 862 2106 Alba-

163 2134 284 2158 norum
306 2125 432 2166 primi,
469 2125 595 2157 deiude
626 2125 773 2166 patricii,
809 2126 861 2157 usi

160 2174 261 2207 sunt!
303 2175 356 2207 Ex
367 2176 460 2207 aluta
469 2175 559 2207 enim
573 2175 707 2207 tenuius
723 2185 764 2206 ac
778 2177 861 2208 mol-

160 2224 225 2256 lius
239 2225 382 2262 corium,
393 2225 507 2256 mullei
522 2224 804 2265 conficiebantur3
821 2230 860 2257 ut

159 2282 304 2314 perones
327 2284 371 2306 ex
407 2274 565 2307 crudiore
594 2283 634 2306 ac
671 2275 856 2307 crassiore:

163 2334 245 2366 quos
260 2325 338 2357 ideo
353 2324 572 2365 ὁμοβυρσίνους
582 2329 675 2356 recte
690 2326 859 2365 appelles,

159 2383 204 2406 ex
219 2373 327 2406 crudo
343 2374 440 2404 bovis
454 2378 552 2414 tergo
567 2377 738 2404 consutos.
768 2373 859 2404 Mul-

158 2423 206 2455 lei
221 2423 326 2464 igitur
341 2422 558 2454 delicatiores
573 2426 684 2462 erant,
699 2431 742 2453 ex
757 2422 859 2454 aluta.

163 2471 271 2503 Mart.
299 2480 340 2502 n.
362 2473 417 2502 29.
450 2475 460 2490 ‘
474 2471 554 2502 Nou
574 2471 734 2503 hesterna
760 2472 860 2504 sedet

163 2521 283 2552 lunata
307 2520 435 2561 lingula
463 2521 594 2561 planta,
618 2520 770 2553 Coccina
791 2531 859 2554 nou

161 2571 279 2601 laesum
295 2570 406 2611 pingit
417 2569 509 2600 aluta
520 2569 666 2609 pedem?
703 2570 859 2603 Formam

163 2629 298 2661 quoque
327 2619 493 2651 describit
526 2618 690 2650 Isidorus.
718 2626 859 2661 quatuor

162 2670 251 2700 enim
277 2668 494 2710 corrigiarum
519 2666 622 2699 fuisse
643 2668 703 2708 ait,
725 2669 859 2701 cothur-

161 2729 281 2751 norum
307 2718 446 2758 similes,
474 2718 545 2749 solo
575 2717 657 2757 alto,
685 2720 859 2759 superiore

163 2774 262 2810 parte
277 2778 354 2801 cum
378 2768 482 2800 osseis
498 2768 552 2799 vel
567 2768 666 2799 nereis
681 2769 858 2809 malleolis,

160 2819 204 2852 ad
236 2828 319 2862 quos
355 2818 427 2850 lora
454 2816 689 2859 deligabantur
705 2828 714 2856 ;
747 2823 859 2852 assuta

1508 282 1620 325 1641

922 383 1069 425 desuper
1096 385 1188 425 luna,
1210 393 1277 416 non
1299 393 1375 426 quat.
1405 383 1525 416 sideris
1554 384 1622 416 for·

920 443 1022 474 mam,
1050 433 1111 466 sed
1140 437 1255 466 notam
1278 434 1466 466 centenarii
1489 436 1621 466 numeri

921 480 1142 525 significaret,
1156 484 1247 526 quod
1259 484 1355 517 initio
1366 485 1502 525 patricii
1515 485 1622 517 Sena-

920 537 1013 565 tores
1042 539 1178 566 eentum
1207 534 1347 567 fuerint.
1380 535 1520 568 Torreat.
1563 536 1620 568 De

919 585 1044 616 calceis
1081 586 1265 618 Romanor.
1295 595 1336 617 ac
1368 586 1513 625 mulleis,
1541 585 1620 618 vide

919 633 953 664 in
970 633 1174 675 Appendice
1190 634 1373 667 Addenda.
1417 635 1545 676 [Codd.
1564 645 1621 677 ap.

919 683 1036 714 Feam.
1051 684 1229 724 impediet]

959 735 1003 763 28
1025 733 1167 764 Pellibus
1181 737 1212 766 et
1231 734 1344 774 latum]
1365 735 1498 767 Calceis
1522 745 1621 767 sena-

918 780 1016 813 toriis
1032 790 1140 822 usque
1157 782 1199 813 ad
1215 783 1363 815 medium
1380 793 1458 815 crus
1474 785 1622 817 subduc-

918 830 974 862 tis.
1019 831 1063 861 Et
1078 831 1176 862 latum
1193 832 1318 862 demisit
1339 836 1463 872 pectore
1483 834 1620 875 clavum]

917 880 1101 913 Senatores
1117 881 1206 912 enim
1223 886 1259 913 et
1275 882 1394 924 reliqui
1407 891 1536 922 omnes,
1548 884 1622 924 qui·

916 929 981 962 bus
997 930 1056 962 lati
1072 931 1161 962 elavi
1176 931 1235 972 jus
1251 936 1338 971 erat,
1352 941 1420 963 non
1434 932 1620 974 cingeban-

916 984 986 1020 tur,
1010 981 1070 1012 sed
1096 980 1301 1012 laticlaviam
1323 981 1473 1013 tunicam
1490 986 1620 1014 rectam

916 1035 1058 1071 pectore
1089 1030 1322 1070 dimittebant,
1344 1031 1502 1063 cinctura
1523 1032 1621 1063 mini-

915 1087 968 1111 me
986 1080 1118 1111 stricta.
1162 1080 1292 1112 Tunica
1308 1086 1395 1120 erat,
1416 1081 1470 1112 cui
1487 1081 1621 1113 consuti

916 1133 1014 1164 erant
1035 1129 1135 1160 multi
1150 1129 1288 1161 latiores
1300 1130 1401 1162 clavi.
1444 1130 1537 1171 Ergo
1551 1131 1622 1163 cla-

917 1178 951 1209 vi
965 1183 1035 1209 tam
1050 1178 1144 1209 aurei
1159 1188 1259 1220 quam
1284 1179 1456 1220 purpurei.
1473 1180 1621 1221 particu-

916 1227 959 1258 lae
974 1231 1075 1259 erant
1100 1237 1144 1259 ex
1168 1237 1251 1260 auro
1273 1228 1327 1260 vel
1351 1238 1515 1270 purpura,
1530 1239 1621 1262 nune

916 1277 1073 1309 rotundae
1104 1287 1193 1309 nune
1220 1278 1408 1319 quadratae,
1442 1289 1518 1321 quae
1548 1283 1622 1311 tan-

917 1338 1017 1369 quam
1029 1328 1397 1370 emblemataquaedam
1409 1329 1560 1362 vestibus
1570 1330 1620 1361 iu-

915 1377 1119 1408 serebantur
1144 1382 1248 1419 atque
1276 1378 1512 1414 insuebantur,
1542 1389 1619 1420 quae

916 1427 1019 1458 etiam
1035 1436 1055 1457 a
1070 1431 1164 1458 veste
1177 1431 1337 1467 poterant
1348 1428 1499 1468 separari
1516 1433 1552 1460 et
1568 1428 1619 1459 in-

915 1475 959 1507 de
982 1476 1100 1518 eximi,
1120 1477 1208 1508 utin
1234 1477 1335 1509 aliam
1356 1482 1483 1509 vestem
1508 1482 1618 1510 trans-

914 1524 1101 1566 ferrentur,
1123 1529 1159 1557 et
1179 1527 1222 1557 de
1245 1536 1333 1558 novo
1358 1533 1618 1560 consuerentur.

916 1575 1091 1608 Qualitate
1117 1585 1199 1615 ergo
1223 1577 1312 1608 elavi
1334 1577 1619 1610 discernebantur

916 1624 1047 1665 equites
1073 1635 1094 1655 a
1115 1625 1342 1657 senatoribus.
1363 1626 1496 1659 Salmas.
1543 1628 1618 1659 Cla·

914 1677 1000 1716 vum]
1026 1676 1190 1707 Tunicam
1207 1677 1268 1708 lati
1283 1677 1384 1717 clavi,
1399 1679 1454 1709 cui
1469 1678 1530 1710 lati
1547 1680 1618 1710 cla-

917 1726 950 1756 vi
972 1730 1072 1756 eraut
1099 1726 1227 1757 assuti:
1264 1727 1353 1767 quod
1383 1731 1457 1758 erat
1486 1728 1618 1769 insigne

917 1775 1082 1816 majorum
1108 1776 1378 1817 magistratuum.
1422 1777 1537 1810 Latum
1563 1781 1617 1811 de-

915 1825 999 1856 misit
1015 1828 1139 1865 pectore
1153 1825 1287 1866 clavum]
1310 1825 1388 1857 Hoc
1404 1831 1469 1868 est,
1489 1826 1618 1861 fluente

915 1875 1046 1906 tunica:
1071 1879 1107 1907 et
1121 1875 1211 1906 nulla
1226 1885 1311 1907 zona
1325 1877 1522 1910 constricta.
1548 1878 1618 1910 Ubi

916 1924 1068 1956 videmus
1084 1925 1247 1957 Senatum
1263 1925 1307 1957 ab
1323 1927 1475 1967 equestri
1497 1928 1618 1960 ordine

915 1974 1113 2007 distinctum
1123 1975 1230 2007 fuisse
1241 1985 1303 2017 per
1315 1977 1448 2008 tunicas
1459 1987 1470 2017 ς
1486 1978 1617 2019 Eques-

914 2029 1003 2057 trem
1015 2035 1097 2058 vero
1111 2025 1265 2057 ordinem
1282 2036 1301 2057 a
1315 2027 1417 2067 plebe
1434 2037 1496 2068 per
1510 2037 1617 2060 annu-

913 2075 976 2106 los.
1020 2073 1114 2107 Hine
1126 2075 1213 2106 bene
1230 2074 1425 2116 Hesychius
1439 2083 1616 2119 παραλουρ-

911 2126 989 2164 veis.
1034 2125 1238 2157 Senatorum
1261 2130 1374 2157 autem
1399 2127 1533 2159 tunicas
1548 2137 1616 2160 uno

911 2178 1043 2206 tantum
1071 2175 1170 2207 clavo
1195 2178 1332 2206 ornatas
1358 2174 1549 2212 fuisse,sed
1566 2178 1615 2210 la-

910 2223 1000 2260 tiori,
1022 2223 1078 2266 qui
1103 2224 1137 2256 iu
1159 2223 1271 2256 medio
1292 2225 1420 2257 tunicae
1445 2235 1510 2267 per
1535 2237 1616 2268 pec-

910 2279 966 2306 tus
1005 2274 1249 2315 descendebat,
1286 2275 1496 2316 persuadent
1532 2275 1615 2309 mihi

909 2333 1026 2355 omnes
1041 2324 1241 2364 scriptores,
1250 2325 1321 2365 qui,
1336 2335 1411 2357 cum
1425 2326 1468 2357 de
1485 2327 1614 2358 laticla-

911 2373 966 2403 via
997 2373 1114 2403 tunica
1150 2377 1310 2413 tractant,
1346 2374 1445 2405 unius
1479 2379 1613 2406 tantum

910 2420 999 2451 clavi
1012 2424 1071 2451 aut
1084 2429 1245 2460 purpurae
1258 2422 1464 2453 mentionem
1474 2422 1615 2456 faciunt.

909 2470 967 2501 Ita
993 2470 1116 2501 Horat.
1151 2471 1160 2488 ‘
1175 2470 1222 2501 Et
1246 2471 1352 2502 latum
1372 2471 1510 2504 demisit
1531 2482 1612 2513 pec-

910 2524 986 2552 tore
1008 2519 1165 2551 clavum.'
1208 2520 1276 2551 Ubi
1301 2521 1360 2561 qui
1386 2521 1613 2555 Latielavinm

910 2574 1088 2611 exponunt
1103 2570 1254 2602 tunicam
1269 2571 1492 2612 laticlaviam,
1506 2582 1612 2613 nugas

911 2623 1038 2660 agunt3
1059 2628 1124 2650 nec
1141 2619 1244 2651 etiam
1261 2620 1331 2651 scio
1345 2629 1387 2651 an
1405 2621 1526 2653 Latine
1540 2622 1610 2655 dici

910 2670 1018 2711 possit
1039 2669 1186 2700 tunicam
1203 2673 1345 2709 pectore
1359 2669 1545 2704 dimittere.
1561 2672 1611 2705 ita

909 2718 1111 2752 Juvenalis:
1147 2717 1263 2751 ‘Quid
1294 2714 1428 2751 confert
1458 2730 1610 2762 purpura

909 2769 1017 2809 major
1042 2767 1267 2809 Optandum?
1308 2770 1375 2802 Ubi
1404 2771 1609 2806 Scholiastes

909 2818 1134 2852 Laticlavium
1163 2818 1325 2859 explicet.
1378 2820 1548 2854 Lucianus
1571 2823 1607 2856 in
