1890 3230
408 281 518 324 1758

409 393 484 424 quae
510 384 551 414 ad
578 384 739 415 lectorum
769 382 872 423 pedes
902 383 1091 423 collocata3

409 432 555 464 ὑποπόδια
581 442 600 463 a
626 432 755 463 Graecis
782 432 1012 472 appellamur:
1030 442 1091 464 „ea-

407 483 484 513 dem
514 482 619 512 ferme
649 482 793 521 ratione,
821 482 855 512 ni
886 478 997 522 fallor,
1026 493 1092 523 qua

407 531 564 562 nobilium
581 530 689 570 pueri,
702 529 736 561 in
751 535 889 571 aspectu
904 537 1092 572 parentum,

407 579 542 619 propria
566 584 601 609 et
627 579 778 619 parciore
803 589 916 612 mensa
931 580 972 612 ad
987 579 1094 612 fulcra

408 629 586 667 lectorum,
609 629 678 659 sive
701 629 766 661 ime
790 630 892 668 lecto,
915 630 1094 662 vesceban-

408 682 474 707 tur.
501 677 643 709 Tamne.
687 675 764 716 Imi]
787 678 947 710 Convivae
968 679 1022 720 qui
1037 688 1094 711 ac-

408 726 609 758 cumbebant
637 727 670 758 in
698 727 772 758 imis
800 727 960 759 lectorum
989 728 1092 769 parti-

408 775 482 806 bus.

449 827 489 855 41
515 825 660 855 Convivoe
675 824 745 855 lecti
765 825 910 865 nihilum]
934 825 1090 855 Convivae

407 873 508 904 electi
525 877 561 903 et
583 873 826 912 honoratiores,
840 874 873 903 id
890 878 955 912 est,
967 875 1093 905 Maece-

408 931 480 956 nas.
502 921 637 960 Varius,
660 923 724 952 ἃς.
745 931 764 952 a
789 923 1013 962 temperantia
1027 932 1094 954 non

408 969 624 1001 recedebant.
672 983 674 985 >

451 1022 492 1050 42
510 1018 680 1058 Nutantes]
703 1019 744 1050 In
761 1020 907 1060 jusculo.

450 1071 490 1099 43
509 1068 574 1099 Sub
587 1068 642 1099 hoc
650 1069 751 1109 herus,
760 1069 827 1109 ξα]
842 1069 916 1101 Hoc
926 1069 999 1110 ipso
1010 1075 1092 1102 tem-

408 1125 492 1156 pore
504 1116 707 1148 Nasidienus
721 1117 863 1149 convivii
880 1117 1031 1150 dominus
1045 1120 1094 1150 iu-

409 1166 494 1206 quit,
509 1167 574 1197 &c.

449 1217 490 1246 44
514 1215 661 1246 Deterior
674 1218 742 1254 post
754 1218 878 1255 partum
897 1225 988 1247 carne
1002 1216 1094 1254 sutu-

407 1263 460 1304 ra]
483 1264 570 1295 Vide
591 1265 764 1304 exemplar
785 1265 867 1296 Mss.
887 1265 921 1296 in
945 1275 1010 1306 quo
1033 1275 1093 1306 pro

401 1314 526 1351 futuro,
556 1313 730 1353 legebatur
757 1314 868 1345 soluta.
924 1315 1009 1345 Sunt
1038 1316 1093 1355 qui

407 1364 416 1379 ⁴
430 1371 610 1393 muraenam
621 1361 630 1375 ’
644 1371 709 1393 nou
725 1362 895 1402 gravidam
910 1362 986 1394 ideo
998 1363 1093 1394 dete-

408 1412 530 1442 riorem
557 1411 764 1451 existimant,
793 1412 880 1452 quod
899 1413 991 1443 coire
1017 1422 1091 1443 cum

408 1459 618 1500 serpentibus
633 1461 811 1492 credatur:
835 1461 894 1491 sed
919 1461 982 1492 hoc
1005 1461 1093 1502 peri-

408 1508 517 1539 culum
546 1509 658 1548 potius
687 1508 829 1545 adferat,
857 1519 954 1549 quam
983 1509 1093 1549 sapori

409 1557 533 1597 aliquid
546 1557 712 1588 detrahat.
733 1558 862 1588 Plinius
873 1559 991 1589 scribit
1004 1560 1014 1577 ¹
1025 1569 1092 1589 mu-

407 1605 552 1635 raenam’
575 1613 780 1644 quocumque
796 1611 946 1645 tempore
964 1616 1094 1647 parere,

408 1663 482 1685 cum
497 1653 604 1684 ceteri
620 1653 727 1692 pisces
742 1657 832 1683 stato
848 1653 992 1692 pariant.
1017 1654 1092 1685 Tor-

407 1706 485 1733 rent.
531 1703 607 1733 Post
631 1701 772 1742 partum]
793 1702 952 1733 Deterior
981 1702 1093 1735 futura

409 1754 436 1784 si
450 1757 551 1793 capta
566 1758 655 1784 esset
671 1759 845 1794 postquam
862 1755 1060 1795 peperisset.

449 1805 491 1833 45
508 1802 572 1833 His
585 1802 709 1833 mistum
720 1802 775 1840 jus
788 1802 850 1842 est]
871 1803 1006 1843 Squillis
1028 1803 1092 1834 sci-

409 1852 508 1884 licet:
525 1861 723 1892 quamquam
737 1853 901 1883 incertum
911 1858 964 1883 est
976 1862 1016 1883 an
1029 1861 1094 1883 una

408 1901 593 1942 eademque
631 1901 663 1931 in
696 1901 812 1941 patina
843 1910 988 1932 muraena
1017 1911 1092 1932 cum

408 1950 536 1991 squillis
552 1950 707 1990 apposita
722 1948 835 1990 fuerit,
850 1958 892 1980 an
906 1959 1012 1980 secus.
1033 1950 1093 1980 Se-

407 1999 523 2040 quitur
536 2003 648 2030 antem
658 1998 743 2038 juris
758 1997 940 2038 descriptio
955 2008 974 2028 a
998 1998 1094 2029 Nasi-

408 2048 508 2078 dieno
531 2047 733 2088 excogitata,
755 2046 1030 2088 quemadmodum
1058 2051 1094 2078 et

410 2097 588 2138 Catiusjus
604 2107 698 2128 suum
720 2102 799 2128 ante
814 2097 1004 2136 descripsit,
1017 2097 1092 2128 Sat.

408 2154 456 2176 lv.
483 2146 624 2176 Torreat.
668 2146 731 2176 His
743 2145 867 2175 mistum
880 2145 950 2184 jus]
974 2145 1026 2174 Ex
1042 2145 1091 2174 liis

403 2194 462 2232 jus
479 2200 531 2224 est
547 2198 781 2237 temperatum,
798 2202 919 2230 nempe
935 2193 1023 2229 oleo,
1037 2201 1094 2230 ga·

409 2251 458 2276 ro,
482 2242 558 2272 vino
580 2241 798 2281 quinquenni,
823 2240 939 2278 pipere
960 2239 1036 2269 albo
1059 2243 1093 2268 et

409 2294 518 2321 aceto.
557 2289 645 2323 Quod
655 2288 756 2327 prima
778 2287 920 2327 Venafri]
938 2286 1036 2319 Quod
1050 2296 1092 2318 ex

410 2337 507 2368 olivis
522 2334 721 2367 Venasranis
737 2336 879 2376 primum
895 2339 947 2367 est
958 2344 1094 2376 expres-

411 2395 495 2417 sum.

450 2437 492 2465 46
521 2433 606 2464 Garo
627 2433 665 2464 de
688 2434 784 2464 succis
802 2433 897 2474 piscis
918 2433 1016 2472 Iberi]
1040 2434 1091 2464 De

411 2492 492 2523 garo
508 2482 556 2513 sic
568 2482 698 2513 Plinius
714 2490 818 2512 xxxi.
828 2484 860 2512 7.
871 2486 905 2513 et
919 2484 950 2512 8.
969 2481 1091 2512 ‘Aliud

410 2530 549 2571 liquoris
564 2529 721 2570 exquisiti
733 2538 848 2568 genus,
869 2529 958 2570 quod
974 2539 1090 2569 garum

410 2587 593 2618 vocavere3
610 2577 777 2608 intestinis
793 2577 944 2618 piscium,
956 2578 1092 2609 ceteris-

410 2638 474 2669 que
498 2637 572 2668 quae
595 2626 784 2666 abjicienda
796 2631 922 2662 essent,
937 2626 1004 2658 sale
1024 2637 1094 2658 ma-

413 2677 546 2715 ceratis,
561 2679 598 2707 ut
612 2675 656 2706 sit
676 2675 734 2706 illa
759 2675 1023 2715 putrescentium
1046 2685 1094 2707 sa-

412 2725 503 2755 nies:
528 2723 606 2754 olim
635 2723 765 2763 quidem
794 2731 836 2753 ex
861 2723 967 2762 pisce,
994 2732 1093 2764 quem

412 2774 526 2804 Graeci
539 2782 643 2813 garon
659 2772 836 2808 vocabant,
852 2782 940 2804 nunc
955 2781 973 2803 e
991 2782 1094 2803 scom-

859 294 997 324 No'rAE
1030 294 1291 326 VARIORUM
1329 297 1379 326 IN

1145 386 1216 418 bro.
1241 387 1512 419 ¹laudatissimum
1545 389 1577 420 iu
1613 389 1824 430 Carthagini·

1143 435 1324 474 Spartariae
1338 436 1484 471 cetariis,
1497 436 1583 477 quod
1597 438 1756 468 sociorum
1766 447 1824 478 ap·
1877 464 1882 468 .

1145 483 1309 522 pellatur!
1353 484 1416 514 Sed
1436 490 1470 515 et
1484 485 1493 502 ‘
1507 484 1624 525 apliyae
1637 485 1646 498 ’
1662 486 1827 525 pisciculi,

1145 531 1200 571 qui
1213 541 1253 562 ex
1269 533 1369 563 maris
1389 542 1507 573 spuma
1523 534 1751 566 incalescente
1762 534 1827 565 cria

1144 585 1257 616 untur,
1284 582 1371 612 unde
1393 588 1428 614 et
1455 591 1575 614 nomen
1599 583 1722 614 liabent
1743 586 1828 614 tam·

1145 638 1243 669 quam
1265 629 1380 671 ἀφυεῖς,
1395 631 1472 661 huic
1489 631 1655 672 liquamiui
1671 631 1828 663 conveni-

1146 683 1216 718 unt,
1244 679 1422 720 pluresque
1452 681 1506 710 alii
1523 690 1531 711 ε
1550 682 1562 698 “
1576 680 1712 721 tlryuni'
1736 689 1826 712 max—

1145 727 1223 766 ime,
1246 729 1302 758 sed
1330 729 1440 769 pusilli
1468 729 1588 768 adbuc,
1611 729 1752 760 diversis
1767 739 1827 770 ap·
1886 733 1890 742 ¹

1145 776 1262 816 pellati
1278 777 1486 815 nominibus;
1509 784 1657 808 ceterum
1683 777 1826 809 omniurn

1145 825 1288 863 optimus
1331 827 1341 843 ‘
1357 826 1531 864 scomber,'
1567 836 1663 867 quem
1702 826 1828 866 piscem

1144 873 1298 903 ‘Iberum
1311 873 1320 886 ’
1337 874 1486 905 nominat
1499 875 1673 915 Horatius,
1688 875 1776 916 quod
1792 876 1826 906 in

1147 921 1308 962 Hispania
1323 922 1363 952 ad
1381 931 1498 952 novam
1509 923 1745 963 Carthaginem
1756 922 1826 954 fre-

1145 980 1268 1012 queus;
1292 971 1409 1002 insulae
1426 972 1527 1002 etiam
1540 980 1606 1003 uon
1618 972 1732 1012 procul
1747 973 1826 1004 inde

1146 1020 1261 1059 positoe
1288 1019 1547 1051 ‘Scombrariae’
1569 1028 1688 1051 nomeu
1711 1019 1825 1051 dedit:

1144 1074 1260 1100 auctor
1275 1069 1410 1100 Strabo.
1427 1070 1566 1100 Torrent.
1613 1068 1831 1100 Gamalam·

1142 1117 1202 1158 cis]
1217 1117 1343 1149 Garum
1357 1121 1407 1148 est
1423 1127 1527 1158 genus
1543 1117 1659 1149 mnriae
1669 1127 1711 1148 ex
1722 1127 1828 1149 scom-

1146 1167 1212 1198 bris
1224 1167 1428 1198 confectum.

1185 1219 1225 1247 47
1251 1216 1340 1247 Citra
1354 1225 1436 1246 mare
1449 1215 1538 1255 nato]
1575 1215 1658 1247 Dum
1674 1216 1829 1258 coquitur

1138 1266 1309 1305 jusculum
1328 1266 1403 1296 vino
1418 1265 1552 1296 Italico·

1185 1316 1227 1344 48
1247 1313 1338 1344 Cocco
1355 1313 1480 1354 Chium]
1499 1312 1574 1344 Juri
1595 1317 1691 1345 cocto
1717 1313 1827 1345 vinum

1146 1363 1261 1394 Chium
1277 1367 1329 1393 est
1345 1362 1566 1401 aptissimum.

1187 1414 1228 1443 50
1255 1412 1344 1447 Quod
1357 1409 1610 1452 Methymnaeam]
1643 1410 1740 1444 Quod
1769 1419 1828 1442 suo

1147 1470 1244 1492 acore
1272 1465 1470 1500 corruperat
1499 1460 1608 1490 vinum
1638 1459 1762 1491 factum
1795 1459 1829 1490 in

1146 1510 1343 1550 Methymna
1369 1509 1468 1540 Lesbi
1492 1509 1628 1549 oppido.
1673 1509 1828 1550 Methym—

1145 1568 1244 1589 naeam
1257 1558 1333 1589 vitio
1348 1561 1519 1589 mutaverat
1531 1557 1634 1598 uvam]
1657 1558 1776 1590 Plures
1791 1559 1830 1588 li—

1147 1607 1198 1636 bri
1220 1607 1397 1637 mutaverit.
1451 1607 1562 1646 Supra
1581 1606 1654 1637 Sat.
1679 1615 1719 1637 n.
1751 1607 1761 1626 ‘
1777 1605 1828 1637 Ae

1148 1655 1209 1685 nisi
1239 1659 1402 1686 mutatum
1431 1655 1541 1694 parcit
1570 1653 1755 1694 defundere
1785 1655 1831 1684 vi-

1144 1703 1246 1734 num.’
1289 1704 1356 1734 Pro
1369 1703 1442 1732 vino
1452 1702 1523 1741 jam
1535 1705 1662 1732 mutato
1673 1711 1768 1742 paene
1780 1707 1831 1734 at-

1145 1760 1208 1792 que
1226 1751 1333 1783 acido.
1357 1751 1498 1781 Torrent-

1187 1803 1226 1831 51
1254 1801 1373 1831 Erue-as
1396 1797 1539 1838 vir-ideis]
1555 1799 1697 1830 Erucam
1713 1801 1828 1829 autem

1146 1850 1226 1881 satis
1247 1849 1400 1881 omnibus
1426 1850 1606 1889 cognitam,
1625 1856 1735 1889 neque
1756 1855 1830 1887 gra-

1147 1904 1214 1930 tam
1241 1899 1369 1939 palato,
1389 1906 1496 1938 neque
1523 1897 1692 1928 stomacho
1714 1895 1831 1928 utilem

1146 1957 1216 1978 esse
1232 1951 1380 1985 constat,
1395 1946 1499 1986 capiti
1511 1946 1611 1977 etiam
1625 1953 1766 1976 excessu
1775 1953 1832 1976 ca·

1146 1998 1224 2029 loris
1240 1997 1386 2033 noxiam,
1402 1995 1590 2036 praesertim
1607 1995 1635 2025 si
1659 1994 1730 2025 sola
1751 1992 1831 2024 eda·

1147 2052 1221 2077 tur:
1245 2045 1387 2085 ideoque
1411 2045 1562 2075 lactucas
1589 2042 1759 2074 addebant
1775 2051 1830 2072 ve·

1145 2100 1248 2134 teres,
1265 2098 1303 2125 nt
1329 2093 1430 2125 Plinii
1442 2098 1478 2123 et
1493 2092 1614 2124 Galeni
1631 2090 1831 2124 testimonii·

1143 2142 1367 2182 eognovimus.
1410 2141 1504 2172 Idem
1530 2140 1635 2172 ferme
1663 2139 1705 2170 de
1733 2139 1830 2174 inula.

1143 2201 1242 2230 quam
1271 2199 1358 2220 nunc
1388 2189 1508 2219 enatam
1534 2189 1687 2227 dicimus,
1715 2187 1828 2218 Graeci

1142 2238 1423 2280 {AfviouLPlinius
1450 2246 1529 2268 xrx.
1553 2242 1585 2268 5.
1611 2246 1685 2267 nam
1703 2240 1829 2276 praeter

1144 2286 1390 2323 austeritatem,
1422 2285 1465 2315 ob
1486 2294 1582 2325 quam
1605 2281 1726 2315 Hor'at.
1749 2283 1828 2315 alibi

1142 2333 1298 2375 ‘acidas,'
1325 2334 1378 2365 hic
1396 2342 1518 2364 amaras
1543 2337 1641 2364 vocat
1659 2332 1770 2371 inulas,
1791 2337 1829 2364 ut

1144 2384 1282 2415 ‘tristes
1295 2383 1304 2396 '
1326 2383 1523 2421 Columella,
1548 2382 1596 2412 ait
1616 2381 1720 2412 etiam
1734 2384 1745 2416 t
1759 2385 1827 2412 sto-

1144 2432 1259 2464 macho
1281 2430 1467 2462 inimicam’
1493 2439 1587 2462 esse:
1611 2429 1760 2471 pluribus
1778 2434 1828 2461 ta·

1144 2476 1347 2513 menmodis
1369 2481 1556 2515 mitescere,
1570 2484 1605 2511 et
1620 2479 1761 2519 gratiam
1777 2479 1830 2511 in-

1145 2531 1269 2562 venire.
1313 2531 1397 2563 Quae
1433 2538 1507 2560 cum
1537 2529 1585 2559 ita
1614 2528 1692 2564 sim,
1718 2531 1835 2561 arten-

1144 2579 1263 2611 herbas
1302 2579 1404 2609 hasce
1444 2576 1641 2618 incoqueudi
1669 2585 1706 2607 se
1734 2585 1827 2608 mon-

1143 2632 1266 2658 strasse
1282 2626 1421 2658 affirmat
1432 2626 1656 2658 Nasidienus:
1679 2634 1745 2656 non
1760 2633 1828 2656 una

1144 2679 1182 2707 ut
1204 2680 1447 2717 coquerentur;
1470 2675 1567 2716 (quid
1596 2674 1682 2706 enim
1711 2673 1827 2706 absm-

1144 2723 1217 2755 dius
1227 2724 1253 2764 ?)
1274 2723 1334 2754 sed
1355 2723 1408 2754 vel
1429 2723 1463 2753 iu
1479 2723 1558 2763 jure
1576 2722 1648 2763 illo,
1660 2722 1754 2763 cuijus
1768 2720 1825 2752 de-

1145 2772 1358 2812 scriptionem
1374 2775 1450 2802 ante
1464 2770 1616 2811 tradidit,
1631 2772 1682 2802 vel
1698 2771 1729 2802 in
1755 2779 1826 2802 mu·
