1916 3262
498 303 705 336 HORATn
741 302 1015 332 CARM1NUM
1054 290 1310 331 nuzl.32.

174 401 323 437 nummis*
345 410 389 433 ex
414 399 608 432 venditione
633 398 727 438 Syrae
753 384 875 426 mercis

177 450 355 490 confectis,
378 455 415 482 ut
441 459 483 480 ex
511 448 694 479 Francisco
717 446 876 477 Duareuo

176 501 363 532 Lambinus
387 502 550 531 annotat:
573 496 632 528 sed
651 502 811 537 tauquam
828 495 876 526 vi-

176 551 293 582 cissim
319 556 377 582 seu
405 549 548 580 invicem
577 552 712 588 parata,
735 551 773 577 ut
802 544 876 577 fieri

176 602 268 633 inter
293 603 526 642 permutantes
549 597 650 628 solet.
697 596 876 637 Utrimque

177 651 266 682 enim
285 654 423 692 paratur
439 646 566 689 aliquid
592 656 652 678 seu
680 646 878 687 acquiritur.

176 702 253 734 Nec
268 709 352 742 opus
369 705 420 730 est
436 697 648 730 circuitione.
692 697 772 737 Ipsa
789 698 877 727 enim

177 761 306 791 merce,
319 760 386 782 non
402 750 509 782 solum
525 750 645 780 mercis
662 750 786 789 pretio,
803 748 879 779 vina

177 801 288 842 parari
307 805 479 840 poteram.
517 799 526 815 ‘
543 797 710 830 Parandi'
731 806 878 838 namque

177 852 318 883 verbum
335 850 496 892 generale
512 855 579 889 est,
603 850 674 880 sive
703 859 764 889 per
787 858 879 888 emp-

176 901 316 936 tionem,
331 900 402 931 sive
418 909 478 941 per
494 900 796 941 permutationem,
808 899 879 930 sive

175 951 278 982 aliter
294 951 518 991 acquiramm.
541 950 670 981 Similia
684 948 791 980 ferme
802 954 880 980 sunt

174 1001 184 1018 ‘
197 999 350 1032 scribere
362 999 369 1011 ⁸
392 1005 427 1031 et
450 1004 458 1018 ⁸
474 999 686 1038 rescribere‚'
708 1001 718 1017 ‘
734 1007 860 1039 ponere
872 997 880 1009 ’

177 1054 214 1082 et
226 1051 236 1068 ⁸
251 1050 441 1092 reponere,’
461 1051 471 1068 ‘
486 1054 636 1082 tractare
650 1049 659 1063 '
677 1055 712 1081 et
729 1051 738 1066 ‘
753 1054 879 1080 retrac-

180 1100 278 1140 tare,'
302 1111 370 1142 quo
402 1100 506 1132 verbo
537 1102 717 1141 eleganter
746 1100 806 1132 lib.
834 1108 882 1133 iv.

180 1159 258 1182 unus
274 1155 326 1182 est
341 1151 540 1183 Lucretius:
559 1150 687 1182 ‘Ardet
706 1150 882 1182 abundans

181 1200 317 1232 Natura
345 1205 382 1231 et
398 1202 567 1232 Venerem
593 1202 776 1232 salientum
803 1202 884 1232 laeta

180 1250 374 1283 retractat!
398 1252 541 1283 Torrent-

224 1303 263 1332 13
276 1301 341 1332 Dis
349 1301 477 1342 charus]
490 1302 658 1333 Nimirum
670 1302 884 1342 moseum-is,

179 1352 312 1384 Castori
332 1358 368 1384 et
390 1353 538 1392 Polluci,
561 1352 786 1392 navigationis
810 1352 883 1382 Diis

178 1400 381 1441 ἀλεξικάκοις.
407 1403 503 1442 Cruq.
548 1401 628 1441 [Dis
642 1411 734 1432 carus
747 1402 834 1441 ipse.-
850 1411 881 1441 q.

177 1454 202 1483 t.
218 1454 274 1483 aut
287 1454 399 1492 quater
412 1451 645 1482 Schoenborn.
659 1450 707 1491 2.]

222 1503 264 1533 14
301 1501 514 1542 Atlanticum]
559 1501 658 1532 Mare
697 1500 882 1532 remotissi-

178 1560 284 1582 mum.

224 1603 263 1632 15
290 1600 435 1642 Impune]
473 1601 554 1633 Sine
584 1599 771 1639 naufragio,
801 1610 883 1641 ergo

179 1651 255 1682 Diis
269 1652 392 1683 charus
408 1656 463 1683 est
477 1655 659 1682 mercator.
683 1650 811 1691 [Codd.
826 1660 883 1692 ap.

177 1701 302 1734 Jaeck.
315 1705 458 1742 pascant,
475 1702 528 1732 vel
543 1700 713 1742 premant]

225 1755 266 1785 16
284 1752 450 1792 eichorea]
466 1751 583 1783 Graeci
594 1751 752 1792 κιχῶριον,
762 1760 885 1781 nomen

182 1812 257 1834 esse
274 1802 469 1843 AEgyptium
490 1802 622 1833 volunt.
666 1801 779 1832 Latini
801 1800 886 1840 inty-

182 1852 254 1883 bum
277 1857 314 1884 et
335 1851 526 1889 ambubeiam
544 1850 730 1891 appellant.
776 1849 887 1881 Horu·

183 1901 253 1932 tius
281 1901 337 1932 hic
381 1899 518 1940 poetica
547 1900 709 1931 libertate
742 1899 888 1940 penulti-

185 1960 274 1982 mam
299 1949 473 1990 produxit,
497 1951 682 1981 secundam
710 1950 887 1990 corripuit.

187 2002 330 2034 Torreat.
377 2000 544 2041 cichorea]
578 2000 700 2031 Herba
715 2006 768 2032 est
786 2001 888 2031 notis-

186 2053 284 2083 sima:
327 2051 486 2090 Leve-sque
499 2050 624 2091 mulcoe]
644 2050 767 2080 Mulvae
786 2050 889 2081 lubri-

185 2111 248 2142 ce,
265 2111 341 2143 quae
368 2106 518 2133 ventrem
543 2109 683 2140 gravem
709 2101 825 2132 levant
852 2105 889 2132 et

185 2151 352 2193 molliunr.

229 2203 267 2234 17
291 2199 442 2240 Parentis]
479 2199 528 2232 Iis
557 2210 632 2242 quae
664 2210 727 2241 ego
757 2200 887 2242 paravi.

184 2249 318 2293 valido]
340 2252 428 2283 Mihi
443 2261 536 2283 sano.

229 2306 270 2334 18
291 2302 392 2335 Loto&
403 2302 513 2344 dones]
553 2301 584 2332 0
604 2301 728 2342 Apollo
745 2302 888 2334 Latonae

184 2353 248 2385 fili.
291 2353 388 2386 Ordo
404 2357 478 2384 est:
505 2352 536 2384 O
561 2351 680 2392 Latois,
707 2362 830 2392 precor
851 2357 891 2384 ut

188 2403 295 2434 dones
320 2402 402 2433 mihi
426 2402 538 2436 valido
565 2401 630 2432 srui
658 2402 798 2442 paratis,
815 2412 890 2433 cum

187 2458 303 2483 mente
325 2452 472 2490 integra,
497 2456 532 2482 et
557 2452 662 2483 dones
688 2451 816 2491 degere
843 2461 893 2482 se-

189 2506 326 2533 nectam
342 2510 405 2532 nee
423 2506 570 2541 turpem,
599 2511 661 2532 nec
688 2496 821 2532 cithara
837 2511 891 2533 ca-

189 2556 337 2583 rentem.
382 2551 528 2590 Integra]
551 2551 635 2582 Cum
659 2557 774 2582 mente
797 2561 892 2584 sana.

191 2600 368 2634 Orandum
385 2609 478 2640 ergo,
502 2604 540 2630 ut
562 2600 607 2631 sit
630 2611 724 2632 meus
750 2611 833 2633 sana
859 2602 893 2632 in

191 2660 333 2692 corpore
350 2660 444 2682 sano.

235 2704 275 2733 19
301 2701 368 2732 Nec
396 2699 534 2741 turpem]
571 2698 649 2730 Non
680 2699 895 2741 delirantem,

190 2754 246 2784 vel
265 2751 498 2782 inhonoratam
510 2754 735 2785 senectutem,
747 2750 808 2781 sed
824 2751 894 2781 lau-

192 2803 354 2842 dabilem,
370 2800 616 2842 etjucundam.

194 2854 276 2886 ODE
299 2860 424 2884 xxxll.
446 2849 705 2892 Προσφωνητική.
741 2850 798 2882 AD
822 2851 893 2883 LY-

1514 291 1627 333 1385

967 401 1062 424 ΒΑΜ.
1109 392 1304 433 Alloquitur
1323 392 1458 432 Lyram,
1483 402 1626 435 eamque

970 442 1094 484 poscit,
1124 447 1163 473 ut
1187 441 1251 472 sibi
1274 440 1376 481 adsit,
1393 445 1429 472 et
1445 449 1558 472 secum
1575 452 1628 474 ca·

968 503 1051 524 nere
1068 502 1133 524 non
1150 492 1297 524 desinat.

972 548 987 576 1
1015 543 1191 583 Poscimus]
1215 542 1337 575 Bland.
1367 542 1442 574 cod.
1472 546 1543 573 tres
1573 542 1629 573 ha-

928 595 1011 627 hent
1038 595 1221 626 Poscimur:
1245 594 1307 625 hoc
1339 603 1461 625 sensu:
1497 592 1529 624 Ο
1557 593 1630 623 bar—

928 646 1019 677 bite:
1045 646 1216 687 poscimur
1247 655 1266 675 a
1288 645 1498 683 Maecenate,
1516 643 1548 674 id
1567 647 1632 682 est,

928 702 1088 738 precatur
1104 706 1165 727 nos
1182 696 1369 735 Maecenas,
1395 701 1430 725 nt
1456 695 1482 726 si
1500 694 1580 736 quid
1598 694 1631 724 in

928 748 1064 779 occulto
1090 747 1300 788 scripsimus,
1325 747 1356 777 in
1378 746 1515 786 publico
1532 754 1631 776 cana-

929 808 1014 828 mus.
1040 798 1135 838 Cruq.
1184 797 1337 828 Canterius
1368 796 1452 827 Nov.
1480 795 1570 827 Lect.
1597 803 1632 826 v.

929 850 983 879 ll.
1023 846 1202 887 Poscimus]
1227 847 1406 878 Poscimus
1432 851 1482 884 te,
1504 855 1524 876 ο
1546 846 1634 876 Bar-

932 899 1015 938 bite,
1045 898 1072 930 si
1102 897 1182 939 quid
1222 898 1383 928 memoria
1417 897 1558 937 dignum
1597 896 1632 926 in

930 950 1068 981 occulto
1086 958 1149 990 per
1169 949 1274 980 otium
1297 948 1508 988 scripsimus,
1534 952 1571 979 ut
1598 947 1633 978 id

930 1001 1126 1041 evulgetur,
1154 1005 1189 1031 et
1213 999 1246 1030 in
1269 999 1442 1040 publicum
1474 998 1631 1039 prodeat.

935 1051 1050 1091 ναῦταί]
1065 1051 1159 1082 Tunc
1173 1050 1303 1091 optime
1315 1050 1409 1082 canit
1421 1049 1546 1089 Poeta,
1557 1059 1634 1080 cum

932 1102 996 1134 hoc
1014 1102 1098 1143 agit,
1111 1112 1175 1133 nec
1193 1103 1267 1133 aliis
1292 1111 1367 1133 sese
1384 1101 1474 1132 curis
1490 1099 1635 1131 distrahi

934 1153 1079 1192 patitur.
1106 1153 1251 1183 Torrem.
1302 1151 1416 1191 Vacui]
1433 1151 1546 1182 Otiosi
1564 1154 1600 1182 et
1617 1160 1637 1181 a

933 1202 1083 1242 negotiis
1098 1202 1212 1233 liberi.

976 1255 996 1283 2
1019 1252 1183 1292 Lusimus]
1213 1251 1421 1284 Cet-inimus.
1468 1249 1637 1292 [Guelph.

934 1303 1015 1343 quod
1030 1303 1130 1334 adhuc
1145 1303 1178 1334 in
1193 1302 1338 1342 annum]

976 1355 996 1383 3
1018 1352 1182 1392 Latinum]
1205 1352 1310 1392 Cujus
1324 1361 1390 1391 ego
1411 1360 1484 1382 sum
1502 1349 1638 1389 author,

932 1406 969 1434 et
986 1403 1159 1442 princeps.

973 1454 995 1483 4
1018 1450 1169 1491 Barbiee]
1185 1450 1336 1489 Bar-bicos
1346 1449 1412 1480 dici
1427 1450 1638 1490 voluntqua-

933 1503 959 1534 si
985 1500 1167 1543 βαρύμιτος,
1184 1500 1274 1542 quod
1299 1500 1439 1532 cithara}
1465 1500 1638 1541 quoddam
1691 1515 1700 1523 ·

934 1562 1041 1593 genus
1057 1552 1115 1591 sit,
1132 1552 1323 1592 graviorem
1333 1560 1451 1582 sonum
1467 1550 1638 1581 emittens.

933 1603 964 1636 Α
987 1604 1062 1645 lyra
1082 1613 1163 1634 vero
1178 1603 1234 1634 vix
1253 1602 1468 1641 discrepasse
1493 1601 1640 1640 primum

933 1654 1165 1686 Anacreontis
1192 1662 1332 1685 carmen
1363 1651 1528 1683 ostendit.
1566 1652 1640 1683 Tor·

933 1708 1017 1737 rent.

978 1755 997 1785 ⁵
1013 1754 1124 1785 Lesbio
1138 1753 1289 1794 primum]
1308 1752 1376 1785 Qui
1391 1751 1533 1792 primum
1547 1761 1642 1782 usur—

938 1809 1038 1844 patus
1054 1813 1091 1834 es
1109 1803 1152 1833 ab
1171 1803 1289 1833 Alcaeo
1314 1801 1358 1832 ad
1378 1802 1549 1832 canendos
1567 1811 1643 1832 ver-

937 1863 993 1884 sus
1009 1853 1161 1894 Lyricos.
1196 1852 1290 1883 Nota
1305 1851 1395 1892 quod
1417 1851 1640 1892 Participium

937 1903 1044 1934 Verbi
1062 1902 1267 1942 deponentis
1280 1901 1419 1932 Passive
1434 1900 1644 1942 proferatur.

939 1953 1074 1993 [Lesboo
1104 1951 1206 1984 codd.
1240 1961 1295 1992 ap.
1331 1951 1455 1983 Jaeck.
1488 1951 1644 1983 modulare

939 2004 1107 2045 Guelph.]

980 2057 1001 2086 6
1027 2054 1092 2089 Qui
1109 2052 1224 2092 ferox]
1247 2051 1314 2084 Qui
1341 2051 1479 2093 quidem
1504 2050 1642 2082 Alcaeus

939 2105 992 2135 vir
1008 2104 1178 2143 militaris,
1192 2107 1228 2134 et
1240 2101 1433 2140 bellicosus,
1445 2106 1558 2133 tamen
1571 2102 1644 2132 sive

940 2155 1031 2186 bella
1046 2158 1194 2194 gereret,
1210 2153 1280 2183 sive
1297 2153 1329 2181 in
1347 2156 1449 2191 portu
1471 2161 1492 2182 a
1508 2151 1644 2190 naviga-

939 2205 1033 2236 tione
1046 2203 1319 2245 conquiesceret,
1334 2195 1475 2232 citharae
1488 2201 1645 2232 solatium

940 2260 975 2286 et
992 2254 1140 2285 studium
1157 2263 1223 2284 non
1242 2251 1364 2283 omisit.

972 2304 1007 2345 [8
1025 2303 1172 2344 Guelph.
1185 2303 1310 2343 aliique
1326 2301 1427 2335 codd.
1441 2302 1647 2343 quampluri-

941 2355 998 2390 mi,
1014 2354 1152 2395 nutem]

985 2409 1007 2437 9
1042 2404 1209 2444 Liberum]
1246 2402 1425 2442 Convivia,
1460 2412 1536 2443 quae
1567 2402 1645 2433 vino

942 2456 1131 2488 abundant.

986 2509 1027 2536 10
1051 2505 1106 2536 Illi
1133 2513 1253 2544 semper
1282 2501 1466 2541 hoerentem]
1487 2501 1544 2532 Sic
1568 2500 1643 2531 Cic.

945 2565 1007 2595 pro
1027 2554 1164 2591 Roscio,
1183 2554 1192 2570 ‘
1207 2553 1337 2582 haerere
1361 2549 1566 2590 gladiatori:
1585 2559 1644 2590 pro

944 2603 1080 2634 assiduo
1097 2602 1208 2643 sequi.
1253 2601 1387 2640 Cupido
1400 2605 1515 2630 autem
1531 2599 1644 2631 Vene-

945 2654 989 2684 ris
1007 2652 1161 2684 assiduus
1174 2660 1286 2682 comes
1300 2655 1364 2681 est.
1383 2649 1528 2681 Torrent.
1562 2649 1646 2680 Pue-

942 2703 1027 2743 rum]
1051 2702 1267 2742 Cupidinem.

987 2757 1025 2784 ll
1051 2750 1183 2793 Lycum]
1206 2751 1370 2790 Puerum,
1393 2758 1491 2790 quem
1508 2747 1644 2780 Aleaeus

945 2803 1094 2835 amabat.

989 2855 1029 2884 12
1054 2851 1164 2892 Crine]
1189 2849 1302 2882 Prisci
1318 2848 1550 2880 laudabantin
1565 2856 1646 2888 pue-
