1890 3230
389 279 495 319 1750

384 382 416 411 in
432 390 565 412 arenam
581 378 842 412 descendebant,
853 378 911 409 sed
927 384 1066 419 accepta

384 430 539 460 mercede
552 438 586 459 se
597 428 727 458 lanistae
740 427 780 458 ad
791 427 913 459 ferrum
928 428 1066 468 dabant,

383 479 487 510 instar
516 476 830 517 militum‚.proprie
856 477 1067 508 ‘auctorati'

383 527 606 557 dicebantur:
646 529 681 557 et
722 526 732 543 ‘
761 527 1065 557 auctoramentum’

385 581 450 605 tam
475 575 547 614 ipse
571 577 663 604 actus
686 573 754 609 ille,
769 583 867 614 quam
892 574 968 605 inde
991 578 1068 606 nata

386 625 560 663 obligatio,
577 635 615 656 ac
637 634 767 655 merces
791 625 889 656 etiam
916 635 979 666 qua
995 635 1068 656 con·

384 674 479 704 ducti
498 673 720 704 tenebantur:
746 675 835 705 varie
857 676 980 706 etenim
1006 675 1068 706 lioc

386 723 550 754 vocabulo
569 724 618 754 usi
641 729 719 755 sunt
742 728 918 762 auctores;
942 734 1006 755 non
1026 725 1068 756 de

383 770 624 810 gladiatoribus
649 775 789 806 tantum.
815 772 874 803 sed
901 772 1014 811 quavis
1037 781 1069 803 e·

386 821 466 850 tiam
481 820 544 850 alia
559 820 658 851 simili
679 821 846 860 pactione.
891 821 997 851 Erant
1012 830 1067 851 au-

386 874 454 899 tem
472 869 562 907 leges
584 868 780 907 durissimae,
795 874 832 900 ut
854 878 919 899 nou
943 878 985 900 ex
1008 869 1069 901 hoc

387 922 516 948 tantum
533 917 651 948 Poetae
667 917 854 956 nostri,sed
870 922 905 948 et
918 918 1070 949 Petronii

386 966 518 997 Arbitri
539 966 612 997 loco
628 967 788 1006 persimili
808 973 961 1007 apparet,
988 969 1072 1008 ‘uri,

387 1015 517 1050 vinciri,
543 1015 725 1049 verberari,
753 1015 845 1047 ferro
873 1016 1008 1052 necari‚'
1035 1022 1070 1048 et

386 1064 492 1104 siquid
522 1063 611 1094 aliud
638 1063 848 1104 adjiceretur.
891 1065 980 1096 Hinc
1008 1066 1068 1098 Ju-

387 1123 461 1145 ven.
490 1114 560 1144 Sat.
589 1122 640 1144 xr.
670 1114 889 1154 ‘Scripturas
917 1115 1007 1154 leges
1034 1119 1069 1146 et

386 1163 476 1201 regia
490 1163 589 1194 verba
602 1163 755 1194 lanistae?
798 1163 871 1194 Nec
886 1164 1002 1195 mirum
1019 1174 1070 1196 re-

386 1217 500 1251 pertos
514 1210 630 1250 fuisse,
645 1212 700 1250 qui
723 1212 755 1242 in
779 1215 907 1243 tantam
932 1214 1070 1244 servitu-

386 1265 454 1291 tem
469 1269 505 1291 se
523 1260 728 1293 venderent:
752 1261 880 1301 ingenti
894 1261 980 1292 enim
998 1271 1070 1302 pte-

387 1309 434 1340 tio
450 1316 541 1350 sae'pe
565 1309 859 1341 conducebantur:
885 1311 1070 1350 praesertim

387 1359 548 1398 notiores,
565 1363 599 1390 et
615 1359 752 1400 quijam
768 1359 849 1390 rude
871 1360 982 1391 donati
1000 1359 1070 1391 fue·

390 1413 488 1446 rant;
512 1409 560 1439 uti
576 1413 611 1439 et
634 1409 767 1443 milites,
784 1409 811 1439 si
829 1410 958 1440 emeriti
983 1409 1070 1441 forte

390 1458 666 1497 reposcebantur.
691 1459 830 1490 Tor-rent.

429 1509 470 1537 60
495 1504 562 1541 Quo
584 1507 629 1546 te]
652 1507 692 1537 In
718 1517 815 1547 quam
845 1516 966 1538 arcam.
992 1508 1075 1538 Con-

385 1555 462 1595 scia]
485 1555 627 1586 Ancilla.

427 1607 467 1634 61
504 1605 715 1644 Contractum]
760 1605 903 1636 Demisit
931 1611 964 1636 te
993 1615 1071 1636 con-

389 1657 546 1686 tractum.
585 1658 725 1692 propter
769 1662 856 1684 arcae
892 1655 1073 1693 angustias.

388 1701 485 1732 Estne
499 1701 609 1732 marito
624 1701 778 1732 Matronoe
795 1703 947 1742 peccantis
962 1704 994 1734 in
1009 1713 1072 1734 am-

387 1749 452 1789 bos]
485 1750 644 1781 Meliores
666 1750 742 1782 libri
763 1751 795 1782 in
817 1752 914 1792 ambo,
940 1759 976 1783 ut
1001 1753 1071 1784 Sat.

386 1809 443 1830 111.
477 1799 722 1840 ‘Jurejurando
735 1801 939 1841 obstringam
951 1802 1071 1834 ambo!

386 1848 492 1879 Totus
507 1854 618 1879 antem
634 1849 688 1880 hic
710 1849 802 1881 locus
818 1851 895 1881 mihi
911 1861 989 1882 sane
1005 1852 1068 1884 dif-

388 1898 482 1930 ficilis
508 1902 571 1930 est.
618 1899 662 1930 Et
685 1899 727 1930 de
749 1900 859 1931 mariti
881 1901 1013 1942 quidem
1038 1903 1070 1933 in

388 1947 613 1988 deprehensos
646 1948 815 1980 adulteros
849 1954 1016 1990 potestate
1047 1960 1069 1982 ι.

387 1997 494 2029 Sat-2.
513 1997 676 2028 diximus:
701 2007 812 2029 verum
825 2008 866 2030 ea
876 2000 1070 2040 qualiscum-

390 2056 453 2087 que
478 2045 580 2078 fuerit
603 2052 741 2079 narrato
761 2049 832 2088 jam
861 2050 1023 2090 periculo,
1038 2050 1070 2081 in

388 2105 452 2135 quo
488 2097 745 2136 superveniente
785 2098 904 2128 marito
939 2098 1072 2129 adulter

387 2143 508 2184 fuerat,
534 2150 640 2183 rogat,
663 2155 747 2176 anne
768 2146 831 2177 hoc
857 2147 972 2177 saltem
999 2147 1071 2186 ipse

386 2191 548 2231 fateatur,
573 2194 735 2233 aequalem
759 2199 816 2224 aut
842 2195 942 2224 etiam
971 2194 1072 2234 majo-

388 2251 457 2272 rem
477 2241 620 2282 (quanto
636 2241 767 2272 scilicet
790 2241 938 2272 deterius
955 2247 1073 2281 peccat

388 2289 580 2330 corruptor)
593 2290 732 2329 irrogari
752 2290 813 2320 sibi
831 2299 929 2330 posse
946 2290 1072 2330 legibus

389 2339 541 2379 poenam?
563 2347 627 2379 qno
646 2338 751 2369 veluti
766 2338 940 2371 confesso:
965 2340 1009 2370 Et
1024 2345 1071 2371 ta-

387 2397 465 2420 men
486 2388 616 2426 mulier,
630 2388 750 2428 iuquit.
773 2389 920 2428 quamvis
941 2388 1071 2420 facilius

389 2437 520 2468 veniam
543 2446 678 2477 sperare
703 2438 817 2477 possit,
837 2447 902 2468 non
925 2439 1013 2470 ultro
1036 2442 1070 2470 te

389 2486 510 2516 ambit:
537 2494 613 2524 non,
641 2495 704 2526 quo
734 2487 896 2517 occultius
920 2487 984 2517 tuis
1012 2496 1069 2527 po-

336 2560 342 2564 .
388 2536 493 2566 tiatur
521 2535 743 2574 amplexibus,
771 2540 829 2566 aut
855 2536 1071 2567 matronalem

389 2591 499 2617 mutat
512 2586 673 2623 habitum.
688 2590 745 2617 aut
762 2587 804 2617 ab
823 2587 950 2618 aedibus
965 2587 1072 2619 disce-

389 2635 451 2672 dit,
474 2640 530 2665 aut
548 2634 652 2665 veluti
675 2635 708 2665 iu
731 2634 863 2666 sublimi
886 2635 994 2675 posita
1014 2646 1072 2676 pa-

389 2684 455 2713 lam
478 2683 580 2713 etiam
605 2687 640 2714 et
666 2683 699 2714 in
725 2688 908 2724 conspectu
933 2689 1074 2725 peccat3

391 2740 466 2761 cum
490 2736 522 2762 te
548 2736 675 2763 metuat
701 2732 823 2773 potius,
849 2742 912 2763 nec
934 2732 1072 2774 fingenti

391 2777 479 2809 forte
508 2788 651 2810 amorem
680 2780 803 2820 optime
833 2779 936 2812 fidat:
959 2787 994 2812 at
1023 2786 1072 2821 tu,

833 288 969 316 NOTAE
1002 287 1260 318 VARIORUM
1295 288 1346 318 m

1117 378 1174 410 illa
1189 379 1410 420 insipientior,
1420 379 1528 411 sciens
1542 380 1723 422 vidensque
1733 391 1799 413 ser-

1118 429 1173 459 vili
1197 434 1230 459 te
1253 428 1418 468 supplicio
1446 428 1599 469 exponis,
1620 432 1656 460 et
1676 428 1801 461 furenti

1118 477 1261 513 domino,
1297 477 1361 508 hoc
1397 482 1462 517 est,
1493 478 1614 509 marito
1641 477 1800 518 (invicem

1118 526 1204 557 enim
1221 531 1229 544 ‘
1244 526 1393 557 dominos
1405 525 1413 539 ’
1430 536 1465 557 se
1492 527 1663 567 appellant
1689 529 1802 568 conju-

1119 573 1195 615 ges)
1208 579 1243 606 et
1265 584 1347 613 rem,
1367 578 1402 606 et
1418 575 1534 615 vitam,
1550 581 1597 614 et,
1614 576 1700 616 quod
1725 585 1800 617 gra-

1120 623 1282 654 vissimum
1311 629 1373 659 est,
1403 623 1522 655 famam
1552 634 1683 666 quoque
1713 634 1802 656 eom·

1120 673 1244 711 mittis3
1266 678 1302 704 et
1316 673 1444 714 quoties
1464 672 1552 704 forte
1573 674 1732 710 evaseris.
1753 678 1803 706 to·

1120 721 1183 753 ties
1200 721 1321 752 iterum
1336 721 1512 752 discrimen
1529 723 1690 754 incurres.
1713 723 1802 754 Torr.

1161 773 1202 802 62
1224 771 1262 802 Iu
1274 770 1389 811 ambos]
1413 771 1453 802 In
1466 771 1650 803 adulterum
1663 777 1698 804 et
1710 772 1802 803 adul·

1121 823 1238 850 teram.

1163 870 1203 898 63
1229 867 1266 898 In
1297 872 1498 908 corruptorem
1525 870 1573 900 vel
1597 869 1730 910 justior]
1761 869 1802 901 In

1122 916 1323 947 adulterum.

1163 967 1204 995 64
1227 965 1298 996 Non
1311 965 1432 1006 habitu]
1456 965 1518 997 Illa
1534 975 1598 997 non
1613 971 1719 998 mutat
1734 978 1802 1000 ma-

1123 1017 1228 1044 tronae
1254 1013 1416 1045 habitum.
1461 1015 1602 1046 Mutatve
1625 1015 1704 1056 loco]
1728 1016 1803 1048 Nec

1123 1072 1158 1093 se
1173 1067 1290 1098 mutat,
1306 1067 1344 1094 ut.
1368 1063 1407 1094 ad
1422 1063 1552 1094 domum
1575 1068 1664 1095 tuam
1681 1065 1804 1096 veniat.

1121 1112 1270 1143 Peccatve
1278 1112 1418 1152 superne]
1440 1112 1576 1152 Super-ne
1585 1123 1718 1154 peceare,
1727 1123 1802 1155 quae

1121 1161 1208 1193 haud
1233 1161 1332 1192 dubie
1355 1171 1511 1202 germana
1537 1163 1636 1194 lectio
1652 1167 1713 1200 est,
1728 1163 1803 1204 (ne-

1123 1221 1187 1252 que
1203 1212 1289 1242 enim
1313 1213 1478 1243 assentior
1492 1213 1564 1243 viro
1579 1213 1710 1244 erudito
1726 1213 1802 1245 Pet.

1125 1261 1258 1292 Naunio
1271 1261 1378 1302 supine
1391 1271 1450 1301 pro
1459 1271 1586 1302 superne
1596 1262 1805 1303 conjicienti)

1123 1320 1165 1341 ex
1187 1311 1332 1342 Turnebi
1355 1311 1521 1342 sententia
1542 1311 1748 1352 interpretor
1762 1320 1804 1343 ιι.

1125 1362 1176 1391 18.
1191 1365 1228 1391 ut
1248 1369 1376 1400 superne
1398 1364 1525 1401 partem
1542 1361 1691 1392 locumve
1707 1370 1804 1402 supe-

1122 1409 1242 1440 riorem
1272 1409 1456 1450 significet:
1481 1410 1690 1446 vocabulum,
1716 1411 1806 1442 inter

1117 1458 1199 1491 alios
1209 1463 1372 1499 auctores,
1383 1459 1539 1491 Vitruvio
1551 1459 1718 1501 frequens.
1742 1459 1808 1494 At·

1121 1516 1186 1546 que
1212 1508 1259 1538 ita
1286 1507 1341 1538 lib.
1358 1517 1398 1539 n.
1424 1508 1490 1540 Od.
1504 1511 1556 1540 20.
1571 1512 1622 1540 10.
1659 1514 1668 1528 ‘
1685 1509 1806 1540 Album

1121 1562 1231 1586 mutor
1254 1555 1286 1585 in
1303 1556 1416 1586 alitem
1438 1556 1614 1597 superne.'
1657 1559 1711 1594 Et,
1727 1559 1737 1576 ‘
1753 1567 1806 1589 su·

1122 1612 1260 1642 pernum
1275 1605 1477 1643 Tusculum,'
1502 1606 1573 1637 loco
1587 1605 1678 1637 edito
1692 1606 1804 1638 situm.

1123 1653 1263 1684 Torreat.
1307 1654 1457 1686 Peccatve
1477 1656 1619 1696 superne]
1645 1656 1719 1687 Non
1734 1657 1806 1688 vult

1123 1701 1282 1733 incubare
1313 1703 1374 1733 tibi
1405 1702 1594 1743 subjacenti
1608 1716 1617 1743 ;
1650 1704 1704 1735 vel
1739 1713 1806 1736 non

1123 1751 1231 1790 palam
1248 1751 1412 1790 peccabit,
1429 1755 1466 1782 ut
1489 1752 1559 1783 vult
1574 1753 1668 1783 Eras-
1691 1752 1805 1794 Super-

1122 1800 1175 1840 ne]
1200 1800 1304 1832 Quasi
1319 1799 1434 1831 levius.
1478 1801 1635 1832 Erasmus
1646 1805 1742 1842 putat
1755 1811 1806 1832 su-

1118 1859 1211 1889 perne
1223 1859 1283 1890 pro
1298 1853 1306 1868 ‘
1317 1850 1472 1881 externe’
1482 1851 1636 1891 positum,
1647 1852 1740 1892 qnasi
1756 1852 1806 1885 di-

1123 1903 1192 1934 cat,
1227 1908 1292 1930 non
1331 1904 1449 1939 peccat
1481 1900 1600 1940 palam.
1645 1900 1690 1931 Et
1725 1909 1806 1932 sane

1123 1948 1231 1979 Poeta
1259 1952 1400 1979 conatur
1429 1948 1607 1980 ostendere
1635 1949 1806 1981 mulierem

1123 1996 1364 2035 imbecillitate,
1386 2006 1450 2028 non
1466 1997 1579 2028 dedita
1599 2007 1703 2038 opera
1726 2007 1804 2039 pec-

1125 2055 1214 2078 care.
1241 2047 1389 2078 Glarean.
1412 2047 1563 2078 Peccatne
1573 2047 1714 2088 supme]
1739 2047 1805 2079 Ac-

1124 2094 1213 2134 cipio
1226 2105 1286 2135 pro
1303 2095 1536 2135 inverecunda,
1550 2104 1611 2126 nec
1625 2096 1717 2127 vultu
1732 2105 1805 2127 eru-

1125 2143 1295 2182 bescente,
1307 2148 1343 2174 ut
1359 2143 1594 2175 inverecundia
1609 2145 1714 2175 solet:
1730 2154 1804 2185 quae

1125 2199 1178 2221 res
1191 2191 1282 2221 bonae
1295 2191 1414 2221 indolis
1427 2197 1476 2222 est
1489 2192 1628 2232 signum.
1651 2192 1770 2224 Schott.

1166 2242 1206 2270 65
1230 2239 1371 2279 Amanti]
1395 2240 1514 2280 Neque
1536 2239 1654 2271 credat
1677 2241 1738 2272 tibi
1755 2241 1803 2272 di-

1125 2289 1227 2326 centi,
1243 2294 1278 2319 te
1293 2297 1365 2318 eam
1383 2297 1504 2319 amare.

1166 2341 1207 2370 66
1230 2338 1294 2369 Ibis
1307 2337 1506 2379 subfuream]
1537 2337 1696 2369 Consulto
1712 2337 1805 2370 dabis

1125 2392 1158 2419 te
1181 2388 1213 2418 in
1235 2387 1388 2418 miseram
1408 2392 1443 2418 et
1458 2387 1687 2418 detestandam
1703 2389 1806 2420 servi-

1123 2441 1240 2474 tutem,
1249 2435 1337 2477 quod
1349 2445 1444 2467 nemo
1456 2445 1624 2468 servorum
1634 2435 1730 2478 facit,
1739 2438 1804 2469 imo

1121 2495 1162 2517 ne
1175 2486 1391 2525 gladiatorum
1403 2485 1536 2526 quidem
1548 2487 1734 2527 quisquam,
1749 2487 1806 2528 qui

1122 2545 1186 2566 non
1204 2535 1295 2573 dato,
1310 2534 1367 2565 sed
1384 2539 1526 2575 accepto
1541 2536 1663 2575 pretio,
1675 2546 1711 2567 se
1726 2546 1805 2577 ope·

1123 2593 1259 2624 tamque
1275 2592 1366 2613 suam
1382 2583 1506 2614 addicit
1522 2585 1676 2624 emptori.
1711 2586 1806 2626 Cruq.

1124 2634 1190 2664 Ibis
1202 2632 1401 2672 subsurcam]
1417 2633 1518 2663 Feres
1531 2632 1657 2665 furcam
1674 2635 1706 2665 in
1718 2635 1805 2667 collo

1127 2688 1162 2713 ut
1187 2691 1321 2713 servus:
1345 2681 1432 2712 unde
1451 2681 1559 2712 dictus
1584 2687 1634 2713 est
1657 2682 1804 2723 furcifer,

1125 2732 1181 2772 qui
1197 2732 1295 2762 talem
1315 2730 1442 2762 furcam
1464 2731 1676 2764 circumtulit.
1720 2733 1804 2764 Pru-

1124 2781 1214 2821 dens]
1226 2781 1355 2814 Sciens.
1403 2780 1584 2827 pominoque
1591 2781 1728 2822 furenti]
1747 2781 1802 2813 ·m-
1847 2777 1850 2779 ’
