1916 3262
366 266 477 307 1416

822 279 960 309 No‘rAE
994 279 1251 310 VARlORUM
1287 280 1334 309 IN

367 369 571 400 eruditorum
597 378 758 401 consensu
790 371 964 402 ‘aureum'
1001 371 1046 401 illi
1101 370 1302 402 audiendum
1317 371 1371 400 illa
1385 370 1708 402 carminaCerberas
1721 371 1785 404 Or

366 418 576 457 ‘'plectrum
593 418 792 450 deferretur.
810 421 950 453 Tor-rent.
985 422 1049 452 Vel
1101 420 1130 451 ci
1153 425 1264 451 custos
1291 419 1502 460 stupefactus
1528 424 1617 451 atras
1641 420 1788 482 demittit

366 475 455 497 aureo
468 471 606 506 propter
620 466 812 499 libertatem
835 478 968 500 auream
991 478 1050 508 po-

366 515 451 555 puli,
478 526 573 557 quam
603 517 674 556 ipse
698 518 800 548 tutari
828 523 967 548 conatus
990 523 1051 549 est.

369 565 463 604 Cruq.

380 628 381 631 ¹
407 616 447 644 27
471 614 573 643 Alcoee
586 614 714 653 plectro]
733 614 809 643 Fuit
819 613 952 644 Alcaens
969 613 1052 644 Poe—

367 667 403 692 ta
427 663 566 701 Lyricus
595 663 630 692 in
659 662 846 702 eloquendo
872 663 994 700 brevis,
1017 667 1053 693 et

367 710 574 750 magnificus,
587 711 829 751 plurimumque
845 711 991 742 Homero
1010 713 1053 742 si-

367 761 466 791 milis.
492 760 626 795 Quintil.

410 812 451 841 28
475 810 573 849 Fugae
588 809 682 849 mula]
706 809 818 849 Exilii,
839 810 893 840 vel
919 808 1007 850 fugae
1031 820 1050 840 e

370 859 498 898 praelio.

410 909 452 938 29
478 906 659 947 Utrumque]
682 907 831 938 Alcaeum
849 913 885 938 et
906 908 1054 949 Sappho-

370 964 445 986 nem
458 956 620 986 mirantur
643 955 782 993 umbrae,
798 965 898 995 quum
922 966 974 987 res
1000 967 1055 987 ca-

369 1010 453 1035 nant
479 1005 728 1044 religiosissimo
765 1006 899 1036 silentio
930 1007 1055 1046 dignas.

369 1052 464 1083 Sacro
489 1053 584 1091 digna
612 1053 750 1093 silentio]
795 1054 949 1085 Carmina
981 1063 1054 1094 quae

370 1101 471 1140 digna
483 1107 598 1132 essent
613 1103 765 1133 sacrariis
786 1103 886 1134 Ditis.
931 1103 996 1134 Sed
1013 1104 1058 1134 lo-

370 1160 446 1182 cum
461 1151 502 1181 ab
519 1151 664 1183 Horatio
681 1153 759 1192 poni
776 1153 852 1183 dico
869 1162 928 1192 pro
950 1153 990 1183 iis
1002 1153 1057 1193 qui

369 1200 475 1239 ipsum
491 1201 654 1240 incolunt,
669 1204 706 1232 ut
731 1201 826 1231 Deos
851 1201 995 1232 infernos
1010 1203 1058 1233 in-

371 1249 574 1289 telligamus.
610 1250 679 1280 Cur
695 1259 772 1280 vero
787 1251 796 1266 ‘
809 1250 976 1280 silentium
987 1250 995 1264 '
1013 1252 1058 1282 lo-

371 1306 430 1328 cus
443 1298 499 1328 ille
517 1298 708 1338 appellatur
719 1299 731 1328 ?
748 1299 824 1339 quia
835 1308 910 1329 eum
922 1299 1059 1330 silentes

370 1345 531 1377 incolunt.
590 1347 658 1376 Cur
694 1347 703 1363 ‘
719 1346 871 1377 sacrum’
909 1347 1060 1378 addidit?

371 1394 447 1433 quia
460 1403 520 1434 per
535 1394 645 1425 locum
670 1395 741 1425 vult
755 1395 843 1435 ipsos
871 1395 975 1435 Deos,
1001 1397 1057 1435 qni

371 1451 463 1472 suam
479 1443 524 1473 ibi
540 1444 653 1474 sedem
668 1443 805 1483 habent,
818 1444 972 1484 intelligi.
994 1444 1059 1475 Mi-

372 1496 490 1522 remur
505 1501 584 1531 ergo
601 1492 902 1524 umbrae'Alcaeum
923 1498 959 1524 et
977 1494 1060 1533 Sap-

373 1540 516 1579 plionem
532 1541 647 1572 dicere
671 1551 744 1582 quae
760 1552 892 1573 suorum
911 1543 1061 1574 Deorum

373 1590 510 1620 auribus
534 1590 636 1630 digna
652 1596 740 1622 sunt.
762 1591 869 1632 Steph.
913 1593 978 1623 Vel
1001 1593 1063 1623 ‘si-

372 1638 534 1668 lentium’
558 1639 683 1670 dictum
709 1646 760 1671 est
789 1650 849 1680 pro
879 1641 1064 1672 silentibus.

378 1688 473 1727 Cruq.
528 1687 625 1718 Sucro
650 1690 789 1728 silentio]
827 1690 942 1720 Altum
966 1691 1063 1721 silen-

374 1737 457 1768 tium
474 1737 640 1778 intelligo,
656 1739 744 1778 quali
760 1748 882 1778 nempe
898 1738 1001 1769 sacris
1015 1739 1063 1769 in-

375 1787 462 1817 tenti
483 1795 555 1817 esse
572 1796 633 1827 per
648 1792 836 1827 praecouem
847 1787 1064 1828 jubebantur.

379 1835 521 1867 Turrem.
1021 1847 1025 1851 ⁴

418 1887 459 1915 30
481 1884 543 1915 Sed
556 1885 671 1925 magis]
704 1885 800 1917 Ordo
816 1890 887 1916 est:
912 1886 978 1917 Sed
996 1887 1065 1918 vul·

374 1941 435 1972 gns
457 1932 596 1963 densum
619 1933 764 1964 humeris
782 1934 866 1965 bibit
881 1943 959 1966 aure
982 1944 1064 1974 pug-

375 1990 447 2020 nas,
458 1987 493 2011 et
509 1987 646 2013 exactos
661 1987 830 2022 tyrannos,
841 1982 873 2013 id
889 1987 952 2020 est,
966 1983 1065 2013 turba

376 2029 567 2059 umbrarum
591 2029 819 2069 frequeus‚.et
841 2029 991 2061 conferta
1013 2035 1062 2060 at-

375 2077 502 2108 tentius
524 2078 619 2108 audit
642 2087 772 2118 pugnas
788 2083 823 2108 et
847 2083 1062 2118 tyrannorum

375 2126 582 2161 exactiones,
596 2136 694 2166 quam
711 2136 762 2157 res
780 2127 970 2158 amatorias.

419 2175 474 2215 [31
493 2175 746 2216 Vanderbourg.
761 2185 814 2216 ap.
829 2175 949 2215 beck,
965 2179 995 2206 et
1009 2186 1063 2207 εει·-

376 2227 459 2256 actos
473 2223 670 2264 triumphos]

419 2275 460 2304 22
482 2272 622 2304 Densum
646 2274 795 2314 humeris]
831 2274 923 2305 Dicit
948 2275 1064 2314 vulgus

378 2322 562 2354 animarum
585 2323 673 2362 apud
695 2322 824 2354 Inferos
841 2323 944 2363 ipsius
961 2323 1064 2354 Alcaei

375 2372 520 2403 humeris
537 2371 868 2413 densum‚frequens‚
884 2378 919 2404 et
933 2372 1066 2404 confer-

377 2428 447 2453 tum
463 2431 482 2451 a
494 2426 590 2461 tergo
606 2421 763 2452 audiendi
777 2422 939 2453 aviditate
955 2422 1066 2453 adhae-

377 2479 463 2502 rere.
487 2470 600 2502 Lubin.
645 2471 784 2512 Cruquii
799 2481 878 2503 vero
899 2473 1068 2512 expositio

378 2521 457 2551 mihi
473 2529 537 2551 uon
561 2521 685 2560 placet,
701 2521 758 2562 qui
780 2531 842 2562 per
863 2523 988 2553 densum
1010 2523 1066 2553 hu-

378 2569 640 2610 merisintelligit
656 2571 773 2609 vulgus
796 2570 987 2602 umbrarum
1013 2581 1064 2602 ro-

378 2616 580 2656 bustiorum,
600 2618 750 2649 alludens
765 2618 807 2649 ad
823 2619 956 2650 umbras
978 2619 1064 2650 viro-

380 2674 453 2695 rum
469 2667 673 2699 militarium.
699 2667 787 2698 Bibit
794 2668 882 2708 aure]
896 2667 1064 2700 Auditoris

378 2714 547 2753 ingentem
562 2716 756 2748 aviditatem
770 2717 947 2757 significat.

422 2763 463 2792 33
490 2762 551 2793 Ubi
563 2763 627 2794 illis
639 2765 840 2806 carminibus]
863 2766 1006 2801 Quando
1022 2767 1064 2798 ad

1102 478 1213 499 aures.

1145 521 1186 549 34
1213 518 1360 554 Demittit
1385 518 1488 558 aures]
1510 517 1670 550 Videmus
1699 518 1787 550 euim

1107 568 1138 597 in
1155 567 1375 598 animantibus
1393 577 1524 608 quoque
1539 567 1633 607 signa
1646 567 1787 606 laetitia,

1106 625 1180 646 cum
1197 615 1237 646 ad
1253 616 1360 647 lusum
1382 616 1537 655 gestiunt,
1553 625 1648 647 aures
1663 615 1790 647 demul-

1107 670 1198 703 cent,
1213 665 1330 696 rictum
1351 665 1564 703 contrahunt,
1580 663 1727 696 frontem
1741 673 1791 695 se-

1106 718 1235 744 renant.
1279 715 1389 746 Bellum
1403 714 1568 753 centiceps]
1588 714 1790 753 Serpentum

1106 762 1193 792 enim
1219 768 1360 794 turmam
1387 763 1551 803 adiungit,
1576 763 1664 793 unde
1688 767 1724 792 et
1744 761 1792 792 itti

1108 816 1158 842 tot
1174 813 1285 851 capita
1300 817 1414 844 noster
1429 813 1482 843 hic
1505 812 1605 852 poeta
1621 811 1790 852 appingit,

1107 869 1180 891 cum
1208 869 1267 900 per
1293 869 1329 892 se
1353 866 1484 892 tantum
1507 860 1698 902 τρικάρηνος,
1720 861 1790 891 sive

1109 911 1219 949 triceps
1234 909 1287 940 sit.
1312 910 1452 942 Turrem.
1498 909 1627 941 Turneb.
1642 918 1721 941 xxx.
1737 910 1791 940 22.

1108 958 1259 988 Demittit
1273 958 1376 998 aures]
1391 958 1526 989 Desinit
1538 958 1646 997 irasci,
1657 958 1792 988 borren—
1817 951 1822 954 ’

1108 1007 1219 1046 doque
1244 1007 1366 1037 latratu
1381 1016 1494 1037 manes
1515 1007 1685 1045 territare,
1706 1005 1794 1044 sopi-

1110 1062 1230 1096 turque
1246 1057 1327 1095 lyrae
1342 1056 1527 1087 dulcedine.
1552 1056 1644 1095 Cruq.
1688 1054 1796 1085 Centi-

1109 1105 1191 1144 σερε]
1216 1106 1383 1136 Numerus
1410 1104 1522 1135 finitus
1553 1113 1614 1143 pro
1643 1102 1794 1136 infinito:

1111 1155 1178 1192 vel,
1194 1154 1360 1185 Cerberus
1375 1153 1498 1184 dicitur
1513 1153 1684 1192 centiceps
1700 1161 1798 1192 prop-

1113 1207 1164 1233 ter
1191 1208 1324 1233 centum
1349 1211 1484 1241 angues,
1503 1201 1560 1241 qui
1580 1210 1599 1231 a
1617 1199 1729 1240 capite
1745 1199 1797 1239 ip-

1111 1252 1177 1282 sius
1193 1251 1334 1282 crinium
1349 1251 1422 1282 loco
1437 1249 1686 1290 dependebant.
1715 1248 1798 1289 [De-

1111 1301 1208 1332 mittit
1224 1311 1252 1331 α.
1269 1300 1298 1331 b.
1314 1300 1464 1332 Cerberus
1478 1298 1576 1330 codd.
1593 1307 1648 1340 ap.
1660 1296 1797 1337 Jaeck]

1124 1370 1126 1373 v
1153 1347 1207 1386 [3⁵
1232 1347 1338 1378 Codd.
1361 1357 1415 1387 ap.
1438 1348 1580 1377 eundem
1607 1345 1728 1381 Jaeck,
1749 1346 1798 1376 in-

1109 1397 1200 1427 tortis
1211 1395 1361 1435 capillis-J

1153 1449 1194 1476 36
1228 1443 1446 1484 Eumenidum]
1490 1443 1692 1475 Eumenides
1720 1447 1798 1474 sunt

1112 1498 1182 1525 tres
1213 1493 1322 1524 Furiae
1352 1492 1544 1532 infernales,
1567 1491 1699 1527 Alecto,
1723 1491 1798 1522 Me—

1114 1552 1216 1583 gaera,
1228 1541 1422 1581 Tisiphone,
1433 1540 1534 1572 caedis
1548 1544 1582 1571 et
1594 1538 1796 1579 flagitiorum

1115 1591 1262 1627 ultrices,
1292 1599 1430 1630 quarum
1472 1589 1602 1630 capillis
1629 1589 1799 1629 intorque-

1115 1640 1237 1670 bantur
1263 1648 1398 1679 angues.
1442 1638 1647 1678 Recreantur]
1674 1637 1798 1668 Delec-

1115 1693 1241 1719 tantur.

1122 1760 1126 1765 .
1157 1740 1197 1768 37
1227 1738 1267 1767 Et
1288 1737 1413 1777 Pelopis
1435 1735 1562 1776 parens]
1591 1737 1637 1767 Et
1661 1735 1799 1776 Pelopis

1118 1795 1237 1826 parens
1272 1786 1444 1824 Tantalus,
1477 1794 1544 1816 non
1579 1784 1721 1824 amplius
1757 1784 1799 1815 ab

1118 1836 1210 1876 aquis
1231 1839 1323 1866 retro
1344 1834 1564 1875 fngientibus,
1585 1833 1646 1864 sed
1668 1843 1689 1864 a
1710 1832 1801 1864 dulci

1118 1894 1199 1916 sono
1227 1889 1264 1916 et
1298 1883 1465 1915 cantilena
1496 1883 1540 1914 de
1567 1881 1736 1913 laboribus
1766 1885 1802 1912 et

1118 1935 1261 1974 egregiis
1277 1933 1375 1965 rebus
1389 1933 1492 1974 gestis
1505 1932 1611 1964 Alcaei
1623 1931 1806 1972 decipitur,

1117 1988 1153 2012 et
1174 1986 1332 2022 tanquam
1358 1991 1423 2012 non
1451 1981 1664 2012 excrucietur
1689 1990 1800 2020 paena·

1118 2041 1188 2061 rum
1200 2040 1334 2061 suarum
1345 2030 1564 2060 obliviscitur.
1577 2029 1688 2059 Lubin.
1722 2029 1802 2058 Pro-

1116 2078 1263 2117 metheus]
1287 2078 1386 2108 Hunc
1408 2077 1535 2108 Noster
1556 2076 1645 2116 apud
1668 2074 1800 2106 Inferos

1117 2127 1275 2158 collocat:
1294 2126 1348 2157 alii
1361 2126 1512 2156 Caucaso
1525 2124 1675 2164 alligant,
1687 2133 1800 2164 quam-

1119 2175 1166 2205 vis
1202 2175 1244 2205 ab
1272 2173 1422 2205 Hercule
1459 2177 1578 2212 postea
1611 2171 1799 2203 liberatum.

1120 2224 1259 2255 Torrent.
1290 2223 1412 2262 Pelopis
1423 2220 1549 2262 parens]
1559 2220 1718 2251 Tantalus
1730 2229 1802 2250 car·

1117 2272 1260 2303 minibus
1291 2270 1397 2302 Alcaei
1425 2269 1625 2308 delectatus,
1648 2267 1800 2299 laborum

1117 2321 1341 2359 obliviscitur,
1369 2328 1451 2360 quos
1479 2318 1514 2349 in
1540 2317 1612 2349 vita
1636 2316 1801 2350 sustinue-

1119 2375 1182 2402 rat.

1160 2422 1201 2450 38
1218 2419 1314 2450 Dulci
1324 2416 1474 2456 laborum]
1489 2415 1701 2456 Porphyrion
1713 2414 1804 2446 vide-

1120 2474 1175 2500 tur
1190 2469 1313 2508 legisse
1329 2467 1461 2498 laborem
1467 2476 1480 2503 ,·
1497 2470 1534 2497 ut
1549 2465 1648 2506 decipi
1657 2465 1802 2503 laborem,

1121 2519 1239 2550 audaci
1255 2516 1373 2557 figura,
1386 2515 1508 2547 dixerit
1518 2514 1640 2554 Poeta,
1655 2523 1730 2546 eum
1745 2514 1807 2555 qui.

1119 2569 1267 2599 laborem
1282 2567 1374 2598 dulci
1386 2566 1443 2596 illa
1459 2564 1566 2596 Alcaei
1577 2563 1803 2596 modulatione

1117 2616 1224 2656 fallat,
1237 2616 1306 2646 sive
1328 2614 1484 2654 decipiat.
1501 2617 1537 2644 ut
1551 2612 1650 2652 virg.
1663 2612 1674 2630 ‘
1688 2610 1801 2643 Infau-

1116 2667 1195 2698 dum
1220 2667 1247 2697 si
1269 2665 1387 2696 fallere
1410 2664 1514 2704 possit
1534 2661 1713 2695 amoremz'
1727 2669 1800 2701 pru,

1118 2715 1206 2747 aliud
1233 2714 1362 2754 agendo
1386 2710 1620 2751 subterfugere
1646 2718 1686 2740 ae
1710 2707 1800 2738 deci-

1118 2773 1211 2806 pere.
1244 2761 1431 2801 Turnebus,
1445 2760 1576 2792 laborem
1587 2757 1746 2796 retineas,
1758 2755 1801 2788 ad
