1916 3262
556 258 905 292 neisronARuM
940 258 1035 289 ms.
1066 256 1119 288 11.
1148 246 1190 287 2.

1480 246 1594 288 125⁷

154 359 351 402 Discedo
371 357 550 400 Alcaeus
569 358 738 409 puncto
758 353 901 395 illius:
931 353 1007 394 ille
1026 364 1124 394 meo
1145 350 1275 406 quis?

155 427 286 478 Quis,
306 425 390 467 nisi
409 421 735 466 Callimachus?
768 422 806 462 si
825 421 930 475 plus
950 421 1195 474 adposcere
1213 419 1354 468 visuS‚

1510 417 1592 459 100

155 494 230 535 Fit
250 493 547 541 MimnermuS,
567 493 613 531 et
631 490 785 543 optivo
805 488 1060 541 cognomine
1080 487 1253 529 crescit.

153 560 302 602 Multa
317 559 425 609 fero,
444 562 492 600 ut
510 557 683 612 placem
705 569 838 610 genus
852 555 1062 598 irritabile
1081 559 1246 604 vatum,

152 626 265 668 Cum
286 627 446 676 scribo,
461 630 507 667 et
524 625 717 678 supplex
740 624 896 678 populi
910 622 1120 676 suffragia
1139 626 1296 677 capto:

152 692 289 744 Idem,
308 693 444 735 finitis
465 693 643 742 studiis,
663 697 708 733 et
727 696 873 734 mente
893 695 1086 744 recepta,

154 759 369 802 Obturem
387 760 565 815 patulas
585 760 761 813 impune
779 759 1021 813 legentibus
1041 769 1187 799 aures.

1510 755 1596 797 105

154 826 369 869 Ridentur
386 827 507 869 mala
525 826 602 881 qui
622 830 887 881 componunt
905 825 1123 868 carmina:
1152 837 1301 865 verum

153 892 362 936 Gaudent
382 895 643 944 scribentes,
665 897 708 935 et
727 905 776 935 se
795 897 1070 943 venerantur,
1091 895 1133 933 et
1151 891 1281 941 ultro,

153 960 203 1002 Si
221 964 385 1013 taceas,
403 962 585 1003 laudant
602 959 815 1015 quicquid
837 959 1070 1014 scripsere,
1092 959 1224 1001 beati.

150 1027 216 1070 At
235 1029 313 1084 qui
330 1030 569 1084 legitimum
589 1030 740 1083 cupiet
757 1028 919 1070 fecisse
937 1026 1114 1082 poema,

150 1157 232 1183 ram.
246 1149 337 1189 quasi
351 1149 519 1182 Samnites.
564 1150 657 1182 Illius
679 1150 833 1181 sententia
853 1159 922 1181 sum
935 1149 1079 1181 Alcoeus:
1100 1147 1154 1179 ille
1168 1156 1235 1178 mea
1256 1146 1325 1187 quis
1347 1145 1430 1178 erit?
1452 1145 1520 1186 quis
1534 1145 1598 1176 nist*

154 1191 382 1223 Callimachus?
425 1192 464 1224 Si
493 1192 569 1233 quid
590 1192 722 1233 amplius
747 1195 851 1232 petere
873 1192 1027 1227 videatur,
1055 1191 1178 1222 dicetur
1204 1190 1421 1227 Mimnermus,
1445 1192 1476 1220 et
1505 1198 1596 1219 exor-

149 1233 277 1265 nabitur
304 1234 447 1266 vocabulo
479 1236 561 1276 quod
595 1234 763 1275 optaverit.
822 1234 928 1265 Malta
956 1234 1080 1274 quidem
1098 1232 1232 1274 perfero,
1260 1241 1299 1264 ne
1327 1231 1449 1262 irritem
1470 1230 1599 1269 Poetae,

150 1276 352 1315 utplurimum
365 1278 544 1316 iracundas,
558 1278 678 1317 quando
702 1277 861 1317 quidpiam
885 1286 1040 1316 compono,
1065 1279 1098 1307 et
1125 1275 1212 1313 vulgi
1225 1273 1477 1314 approbationem
1490 1273 1598 1304 enixis

146 1317 290 1357 precibus
303 1319 443 1359 flagito:
464 1323 498 1349 at
526 1322 596 1358 post
616 1318 717 1359 finita
743 1318 847 1348 studia
875 1327 943 1347 cum
969 1319 1010 1347 ad
1027 1320 1136 1347 memet
1163 1316 1256 1353 redii,
1286 1316 1352 1353 ipse
1379 1324 1471 1345 aures
1498 1315 1597 1345 occlu-

150 1360 221 1390 dam
246 1364 319 1391 ante
346 1363 472 1400 apertas
494 1362 607 1390 temere
647 1359 862 1389 recitantibus.
916 1358 1113 1389 Deridentur
1140 1357 1194 1396 qui
1232 1356 1372 1387 scribunt
1401 1356 1599 1386 inconcinnos

146 1409 267 1440 vm,
299 1402 354 1432 sed
374 1404 514 1432 auctores
533 1400 595 1440 ipsi
613 1399 676 1431 sibi
700 1401 824 1440 placent
846 1403 878 1431 et
897 1400 1101 1440 applaudunt,
1129 1408 1166 1430 ac
1186 1398 1300 1436 felices
1325 1398 1488 1429 venditant
1518 1400 1597 1438 quod

147 1447 391 1485 composuerunt,
405 1443 434 1475 si
447 1453 468 1475 a
483 1446 514 1475 te
528 1452 599 1486 *non
623 1443 800 1475 laudentur.
851 1442 967 1474 Verum
989 1440 1132 1483 quisquis
1155 1450 1280 1472 carmen
1301 1443 1445 1472 exactum
1464 1439 1599 1472 scribere

754 1537 930 1551 ‘NOOOOOD
934 1537 995 1551 ‘0‘

145 1613 255 1646 prona.
283 1603 559 1637 Schoenborn.2.
574 1603 692 1635 lumina
706 1604 807 1646 prima
820 1604 1078 1637 virorum—100
1100 1603 1181 1635 Vat.
1196 1603 1310 1634 Palat.
1327 1605 1360 1634 4.
1376 1603 1432 1633 sed
1452 1602 1525 1642 plus
1547 1603 1599 1633 de·

145 1656 279 1690 poscere.
315 1647 412 1678 Unus
429 1646 585 1688 Cruquii,
599 1647 628 1678 si
642 1647 710 1687 plus
719 1657 753 1678 se
767 1648 1030 1678 attollere.-101
1053 1647 1134 1678 Vat.
1148 1648 1201 1677 14.
1217 1651 1253 1677 et
1269 1645 1450 1676 Bar-beria.
1470 1648 1598 1675 crescet.

149 1690 273 1730 Margo
284 1688 364 1722 Ald.
379 1691 475 1720 1509.
489 1689 524 1720 iu
547 1688 712 1721 Bibliotb.
728 1689 1162 1721 Barberin.crescat.·-102
1186 1688 1333 1727 Cuniug.
1351 1686 1441 1726 conj.
1455 1685 1490 1716 iu
1505 1691 1599 1724 nota,

148 1733 355 1763 vatem—103
377 1731 606 1762 Schoenborn.
627 1731 666 1761 '3.
691 1731 778 1762 Dum
799 1731 909 1762 scribo.
953 1730 1182 1761 Schoenborn.
1210 1732 1239 1760 2.
1268 1728 1430 1770 suffragia
1454 1737 1600 1768 posco.—

150 1775 213 1804 1⁰5
239 1773 417 1804 Obtudam
432 1771 565 1804 Wakef.
580 1773 614 1803 in
630 1773 784 1803 Erratis:
808 1773 842 1804 in
861 1777 957 1804 textu
974 1781 1057 1803 vero
1071 1777 1108 1803 et
1122 1771 1214 1802 notis
1233 1771 1420 1802 Obtumiem.
1450 1770 1600 1800 Schoen-

150 1814 251 1846 born.
265 1818 297 1846 3.
312 1815 474 1854 optarem.
506 1813 760 1854 Interrogative
775 1815 863 1845 hunc
879 1823 1010 1846 versum
1026 1814 1111 1854 legit
1126 1813 1229 1845 Zach.
1244 1813 1497 1844 Pearce.-10⁷
1514 1811 1600 1842 Exc.

153 1857 233 1888 Sax.
247 1857 413 1897 scriptores
423 1857 490 1887 sed.
523 1856 605 1887 Vnt.
617 1859 669 1888 1-1.
684 1861 721 1887 et
733 1856 890 1888 Vallicel.
902 1858 933 1888 3.
957 1856 1124 1896 scriptores
1145 1865 1222 1886 sese.
1255 1854 1407 1887 Cbisian.
1423 1857 1456 1885 5.
1484 1853 1601 1892 etism,

151 1899 435 1940 scriptorem—108
457 1896 638 1930 Barberin.
653 1900 683 1930 1.
707 1907 728 1930 a
751 1907 798 1930 m.
820 1909 873 1941 pr.
898 1899 1038 1930 laudent.
1072 1897 1304 1930 schoenborn.
1328 1899 1361 1930 8.
1386 1895 1600 1938 scripsissem-—

799 1985 942 2018 NOTAE

150 2047 235 2080 iilud
258 2056 365 2090 genus
386 2048 610 2090 gladiatorum
636 2057 718 2091 quos
737 2048 779 2080 ab
795 2057 848 2080 ar·-

147 2102 284 2138 matura
305 2099 472 2131 Samnites
494 2099 666 2139 dicebant,
689 2097 848 2140 quodque

141 2135 368 2243 willae
378 2149 611 2190 spectaculum
625 2148 847 2188 adhibebant,

110 2220 112 2222 v
206 2239 208 2241 Ι
240 2198 304 2231 ’Ἱιο
316 2199 357 2231 ad
368 2199 590 2240 lumina,1ento
605 2199 708 2231 etiam
723 2199 824 2230 duello
835 2208 846 2230 .·

150 2247 279 2292 quippe
289 2258 357 2282 non
373 2249 494 2291 gladiis
508 2249 568 2281 sed
581 2248 718 2280 rudibus
728 2248 847 2280 decer-

149 2305 278 2340 tantes,
293 2309 413 2341 graves
428 2298 565 2341 quidem
585 2299 675 2331 ictus
699 2298 760 2331 sed
785 2298 847 2335 mi-

149 2349 242 2380 nime
255 2349 372 2390 plagas
390 2354 449 2381 aut
464 2357 583 2381 necem
597 2347 805 2380 inferebant.

194 2399 238 2429 99
259 2396 399 2439 Akoeus]
419 2397 475 2430 Ab
497 2407 539 2430 eo
561 2397 658 2429 dicor
679 2398 768 2429 alter
789 2397 848 2429 Al-

154 2455 258 2478 caeus.
299 2447 358 2478 De
373 2447 438 2479 hoc
452 2447 653 2489 Lyricorum
666 2447 851 2488 coryphaeo

155 2506 182 2529 1.
194 2496 266 2529 od.
278 2498 334 2528 82.
349 2500 386 2528 et
398 2505 441 2528 ιι.
455 2497 524 2531 Od.
541 2500 596 2530 13.

196 2545 337 2587 Puncta]
374 2545 554 2587 Examine,
572 2545 744 2590 suffragio,
760 2547 852 2589 Judi-

154 2605 222 2629 cio.

200 2649 263 2679 100
287 2643 510 2684 Callimachus]
549 2644 619 2677 Hic
653 2645 852 2688 Elegiogra-

154 2697 297 2739 phorum
307 2696 465 2738 princeps
474 2694 566 2736 apud
577 2694 733 2735 Graecos,
745 2696 853 2729 Quin-

155 2749 276 2781 tiliano
292 2748 394 2780 etiam
408 2751 509 2778 teste.
532 2746 667 2787 Cyrene
682 2746 718 2777 in
733 2745 854 2779 Africa

156 2797 331 2839 oriundus,
346 2796 463 2830 floruit
477 2795 539 2828 sub
551 2796 748 2829 Ptolemaeis
759 2796 852 2828 Phil-

900 2047 1048 2089 adelpho
1071 2052 1108 2080 et
1129 2047 1312 2088 Evergete,
1332 2045 1477 2087 plurima
1502 2049 1600 2077 certe

900 2097 1054 2130 carmina
1069 2097 1218 2138 scripsit,
1235 2096 1295 2128 sed
1311 2101 1542 2137 pervenerunt
1557 2095 1601 2127 ad

899 2157 961 2180 nos
975 2157 1086 2189 pauca
1097 2147 1267 2180 duntaxat
1281 2146 1551 2187 Epigrammata,
1565 2150 1602 2176 et

899 2198 1041 2240 Hymni.
1086 2199 1140 2231 Ex
1162 2206 1202 2229 eo
1228 2197 1385 2239 quaedam
1408 2196 1535 2228 imitari
1550 2196 1601 2227 in-

900 2249 1034 2282 terdum
1051 2252 1087 2281 et
1103 2247 1252 2290 praedari
1267 2246 1430 2279 studuere
1448 2246 1602 2279 Catullus

900 2303 1004 2342 atque
1026 2298 1238 2340 Propertius.
1285 2296 1386 2330 Quod
1413 2296 1537 2328 breves
1562 2297 1601 2328 li-

901 2349 982 2381 bros
997 2353 1131 2381 amaret
1152 2347 1392 2386 Callimachus,
1407 2346 1602 2378 insimulan-

901 2399 992 2431 tibus
1022 2399 1156 2431 aiebat:
1189 2398 1340 2439 ‘Ingens
1369 2396 1527 2428 volumen
1552 2395 1603 2427 in-

901 2459 983 2492 gens
995 2450 1143 2481 malum.’

946 2502 1006 2532 101
1030 2497 1254 2538 Mimnermus]
1288 2498 1346 2528 De
1376 2505 1417 2528 eo
1441 2494 1552 2527 Poeta
1578 2502 1603 2526 r.

901 2549 1016 2590 Epist.
1029 2552 1062 2580 6.
1078 2548 1120 2580 ad
1134 2547 1251 2581 finem.

946 2602 1007 2631 105
1033 2598 1185 2629 Obturem
1193 2597 1327 2637 patulas,
1340 2595 1410 2636 &ct-J
1422 2593 1601 2626 Interdum

900 2649 1050 2690 ineptias
1087 2647 1273 2688 legentium
1309 2650 1345 2676 et
1382 2644 1600 2676 recitantium

901 2698 995 2730 ferre
1011 2706 1132 2737 cogor:
1148 2701 1184 2728 at
1197 2701 1319 2738 postea
1333 2694 1500 2737 indignor,
1507 2702 1601 2726 aver-

907 2757 973 2789 sor,
988 2746 1166 2779 abhorreo.
