1930 3204
651 289 861 319 HORATH
898 289 1037 318 EPOD.
1073 289 1142 319 lX.

167 387 291 418 Franc.
316 384 446 416 Luisini
472 384 647 423 Parergon
665 390 707 413 ιι.
730 384 782 412 12.
829 381 864 411 Ιο

168 434 337 476 triioenphe]
380 435 455 465 Vox
472 437 526 465 est
539 431 733 474 exprimens
747 429 865 470 gandi-

169 494 224 515 um
241 483 396 523 militum,
411 483 467 524 qui
482 482 728 522 Imperatorem
753 478 866 510 trium-

167 535 329 575 phantem
344 532 648 574 prosequebantnr.
695 530 742 560 Tu
763 538 865 560 inora-

167 583 214 615 ris
227 583 350 624 aureos]
369 583 420 614 Tn
434 582 468 613 in
480 590 573 613 mora
587 590 622 612 es
636 579 792 611 curribus
807 579 867 610 tri-

166 633 397 675 umphalibus,
406 632 542 675 quijam
554 631 664 672 parati
677 635 768 661 sunt.
800 629 868 661 Au-

166 693 236 716 reo·
249 684 373 725 eume]
394 683 485 714 Vere
507 684 516 700 ‘
529 680 668 713 aureos’
683 680 791 711 fuisse
807 680 868 711 tri-

167 731 402 773 umphantium
429 739 562 771 currus,
581 730 726 761 maxime
754 729 867 761 Caesa-

166 790 255 822 rum,
281 781 426 822 probare
451 780 573 812 nititur
596 779 774 811 Turnebus
798 778 867 810 Ad-

165 838 258 862 vers.
285 839 339 862 ιι.
369 832 422 862 16.
449 829 604 861 Tibullus
636 834 751 861 tamen
779 838 806 861 1.
835 831 868 860 7.

165 879 330 912 Messalae
356 879 583 920 triumphanti
613 879 779 911 eburnnm
807 879 868 910 tri-

165 928 262 961 huit:
286 933 296 947 ‘
307 929 356 961 At
371 933 406 961 te
420 929 582 961 victrices
594 930 722 968 lauros,
735 928 869 959 Messa-

167 978 215 1018 la,
231 984 420 1020 gerentem,
437 978 607 1010 Portabat
629 978 736 1009 niveis
747 975 868 1009 currus

166 1028 316 1060 eburnus
345 1028 469 1070 equis!
508 1028 600 1061 Quid
631 1036 713 1068 ergo
735 1027 763 1058 si
789 1028 871 1058 ‘uu-

168 1086 246 1110 reos
256 1077 266 1092 ⁸
292 1087 356 1120 pro
376 1078 549 1119 fulgentes
565 1082 669 1120 atque
682 1078 807 1109 eximie
820 1087 872 1109 or-

167 1132 265 1160 natos
274 1128 482 1169 accipiamus
493 1129 505 1159 ?
517 1128 606 1160 Vide
615 1128 765 1161 Turneb.
773 1131 872 1160 ιι.16.

169 1177 383 1218 [Markland.
400 1187 455 1219 ap.
470 1178 596 1217 Jaeck,
611 1188 669 1210 cur
681 1179 845 1220 auraria]

211 1229 255 1259 22
278 1227 422 1259 Intactas
450 1227 554 1268 bouet]
590 1229 670 1260 Non
697 1229 786 1260 male
813 1238 871 1260 an-

173 1276 288 1318 tiquu·
333 1281 580 1309 commentator
599 1289 609 1310 :
654 1283 663 1296 ‘
678 1278 710 1310 A
754 1279 872 1310 trium-

167 1326 349 1367 phantibus
372 1325 449 1358 alba
476 1327 538 1358 bos
563 1333 600 1358 et
626 1328 793 1360 indomita
813 1329 872 1360 im-

166 1375 362 1408 molabatur
389 1376 424 1407 in
461 1376 659 1417 Capitolio!
714 1378 810 1410 Idem
835 1389 870 1410 e-

165 1425 238 1456 uim
275 1431 284 1444 ·
305 1425 502 1457 indomita’
547 1426 637 1467 qnod
683 1431 693 1445 ‘
711 1428 874 1464 intactae·

165 1475 257 1516 quod
286 1484 330 1507 ex
365 1475 511 1516 Virgilio
551 1476 771 1508 manifestum
805 1482 871 1516 est,

164 1531 246 1571 cum
266 1525 335 1557 ait:
368 1525 531 1556 ‘Intacta
557 1525 700 1557 totidem
732 1527 870 1560 cervice

159 1574 353 1616 juvencas!
397 1575 563 1616 Ideoque
593 1576 767 1617 ‘injuges'
791 1587 868 1617 pro—

164 1625 242 1666 prio
262 1624 527 1657 sacrificantium
556 1625 722 1657 vocabulo
749 1627 868 1667 appel-

164 1674 348 1707 labunturz
386 1675 505 1716 quales
544 1675 648 1706 etiam
685 1675 866 1716 Minervae,

167 1729 290 1766 utpote
317 1725 451 1765 virgini,
467 1725 634 1755 immolari
659 1725 770 1755 solere
783 1726 866 1765 legi·

169 1783 259 1812 mus,
283 1778 322 1805 et
350 1774 430 1814 qnia
455 1773 564 1804 virtus
584 1774 706 1813 jugum
732 1774 867 1812 nescit3

168 1824 219 1855 sic
247 1823 336 1854 enim
367 1823 582 1863 Fulgentius.
641 1822 716 1854 Nec
747 1823 868 1863 ignoro

169 1878 304 1906 tani-nm
334 1873 540 1914 peculiarem
566 1872 673 1904 fuisse
708 1873 869 1914 triumphi

169 1922 327 1959 hostiam,
350 1922 439 1953 unde
462 1923 471 1940 ‘
486 1923 633 1954 maxima
659 1927 776 1954 taurus
800 1924 869 1955 vic-

170 1971 264 2004 tima'
289 1971 468 2011 aVirgilio
497 1971 647 2004 dicitnr:
670 1973 729 2004 sed
754 1975 868 2014 plures

169 2022 306 2053 mnino
321 2022 440 2053 bestiae
454 2022 727 2062 immolabantur,
741 2033 781 2054 ac
797 2025 869 2064 plu-

168 2069 264 2102 ribus
278 2071 360 2110 diis3
371 2076 408 2103 et
419 2071 446 2102 si
459 2072 615 2103 masculis
622 2081 688 2103 non
701 2072 868 2112 litassent,

167 2120 384 2152 ntccidaneae
413 2125 512 2152 erant
533 2121 682 2153 feminae.
728 2123 870 2154 Intactas

167 2169 273 2211 boves]
293 2170 467 2203 ,iuveneas
490 2181 510 2202 a
538 2176 636 2202 tauro
658 2172 810 2211 integras
832 2177 868 2204 et

168 2224 307 2260 paratas
323 2219 365 2251 ad
378 2218 580 2251 sacrificium
597 2229 659 2260 pro
676 2220 831 2252 victoria.

209 2272 253 2302 a
291 2271 328 2302 Io
347 2271 516 2311 triumphe]
551 2271 682 2303 Iterum
714 2273 871 2304 hortatur

170 2319 378 2360 triumphum
395 2325 442 2351 ιη’
454 2321 637 2358 acceleret,
650 2325 688 2351 et
701 2320 870 2361 Augusto,

171 2376 240 2409 quo
253 2369 367 2400 nullus
393 2374 472 2399 ante
497 2369 567 2399 dux
589 2369 705 2409 major,
719 2371 871 2402 lauream

172 2416 334 2457 imponat.
374 2417 567 2458 [Jugurtheo
594 2427 701 2457 parem
725 2419 872 2451 Schoen-

173 2465 271 2496 born.
281 2465 331 2504 2]

217 2515 260 2544 24
287 2513 418 2553 Ducem]
440 2513 601 2553 Marium,
617 2516 674 2556 qni
689 2515 732 2547 de
747 2517 871 2558 Jugur-

175 2561 237 2594 tha
251 2560 412 2592 Afrorum
427 2561 514 2592 duce
533 2562 764 2603 triumphavit.

216 2614 258 2643 25
303 2611 412 2651 Neque
437 2610 604 2651 Africano]
641 2613 718 2644 Non
748 2612 871 2646 damno

175 2661 314 2703 quidem
337 2661 424 2692 hanc
450 2661 645 2700 lectionem,
669 2661 778 2694 sedin
796 2663 871 2703 plns

175 2710 295 2742 decem
317 2709 494 2742 codicibus
516 2711 654 2751 optimae
675 2717 766 2744 notae
781 2714 874 2752 Afri·

173 2770 284 2792 canum
299 2760 448 2801 repperi,
472 2764 509 2792 et
528 2760 609 2792 mibi
635 2771 713 2794 sane
737 2765 872 2805 perpla-

175 2813 252 2849 cet;
276 2819 352 2842 nam
367 2813 404 2841 et
426 2810 667 2852 ,iugurthinum
690 2812 873 2857 bellumjn

1506 280 1616 321 1557

921 380 1040 412 Africa
1063 384 1192 421 gestum
1213 382 1275 410 est·
1321 378 1430 418 Neque
1452 377 1619 421 Africano]

921 431 1045 472 Neque
1062 429 1225 461 Africano
1247 429 1348 460 bello.
1358 429 1543 469 reportasti
1558 430 1620 462 du.

919 490 994 512 cem
1009 480 1150 521 (nempe
1165 478 1376 520 Scipionem)
1393 477 1550 519 Augusto
1563 488 1622 519 pa—

921 539 1004 561 rem.
1051 530 1114 562 Cui
1134 539 1227 570 super
1245 528 1488 569 Carthaginem]
1512 530 1622 561 Locus

918 579 1100 620 obscurus,
1117 579 1150 610 in
1173 579 1272 620 cujus
1293 578 1528 620 explicatione
1551 578 1620 609 dis·

918 629 1072 661 sentiunt
1081 629 1261 661 'Pinnebus
1273 633 1310 660 et
1323 628 1519 660 Lambinus.
1544 627 1621 669 Ego

920 680 963 711 de
993 679 1159 711 Africano
1189 680 1324 719 Majore
1346 676 1506 709 Flaccum
1544 687 1623 710 nos-

919 733 1008 761 trum
1032 730 1126 770 loqui
1157 730 1337 768 existim03
1374 734 1503 769 quanto
1528 728 1620 760 enim

918 778 1054 819 gravior
1079 778 1186 809 bostis
1207 778 1369 818 Annibal,
1391 781 1520 819 quanto
1547 777 1622 809 diu-

920 828 1050 859 turnius
1068 827 1306 870 difficiliusque
1328 837 1404 859 cum
1421 835 1462 858 eo
1482 826 1620 862 bellum,

922 881 1021 909 tanto
1032 883 1068 909 et
1080 877 1268 918 speciosior
1279 877 1418 908 victoris
1431 876 1621 917 triumphus

923 927 1000 958 fuit.
1043 928 1168 958 Sensus
1191 936 1274 967 ergo
1294 927 1413 958 horum
1429 925 1623 962 verborum,

921 987 966 1009 ex
981 978 1144 1010 Glareani
1169 977 1355 1011 sententia.
1378 976 1432 1007 bic
1455 979 1532 1007 est:
1557 975 1622 1007 Cui

923 1027 1032 1058 virtus
1070 1027 1287 1067 sepulchrum
1331 1026 1486 1058 condidit
1521 1034 1623 1065 super

925 1076 1186 1118 Carthaginem:
1210 1076 1306 1118 qnasi
1327 1076 1457 1107 diutius
1483 1075 1623 1107 duratu-

927 1136 1011 1165 rum,
1054 1137 1153 1168 quam
1192 1127 1264 1167 ipsa
1309 1126 1494 1166 Carthago,
1530 1126 1622 1166 quod

925 1176 1029 1207 etiam
1051 1185 1166 1207 verum
1182 1180 1246 1208 est.
1291 1176 1357 1207 Vel
1381 1185 1445 1215 ego
1470 1175 1622 1216 Scipioni

926 1227 1088 1258 virtutem
1103 1227 1320 1267 sepulchrum
1336 1227 1530 1258 condidisse
1541 1232 1625 1267 puto

926 1286 1028 1316 ιιιψει·
1043 1277 1296 1317 Carthaginem,
1310 1276 1345 1307 id
1362 1281 1430 1314 est,
1451 1284 1556 1316 super
1570 1284 1625 1306 res

927 1326 1231 1365 Carthaginensem
1254 1331 1291 1357 et
1306 1325 1459 1365 intelligo
1474 1324 1623 1364 elogium

925 1377 959 1407 in
990 1377 1063 1416 ejus
1091 1377 1272 1416 sepulchro
1305 1376 1481 1415 scriptum.
1530 1373 1622 1404 Vide

926 1426 1054 1456 Luisini
1091 1425 1269 1466 Pan-ergon
1297 1433 1354 1456 ιιι.
1390 1427 1423 1455 8.
1468 1423 1621 1455 Turneb.

925 1483 1003 1507 xiv.
1019 1479 1072 1507 10.
1087 1479 1124 1506 et
1147 1483 1184 1506 x.
1199 1478 1252 1506 11.
1296 1476 1359 1506 Cui
1380 1483 1473 1514 super
1489 1473 1623 1504 Cartha·

919 1524 1043 1565 giam]
1065 1525 1218 1566 Scipioni
1242 1534 1302 1556 sua
1324 1525 1435 1556 virtus
1459 1527 1622 1555 aeternam

923 1576 1118 1607 memoriam
1137 1575 1286 1616 peperit,
1309 1578 1454 1616 propter
1479 1573 1624 1605 Cartha-

922 1626 1036 1666 ginem
1057 1625 1204 1670 deletam
1222 1631 1256 1656 et
1273 1634 1443 1664 eversam,
1457 1634 1535 1666 quae
1552 1625 1622 1655 vic-

921 1677 1012 1706 toria
1024 1676 1071 1706 illi
1084 1685 1220 1715 semper
1235 1676 1301 1706 erit
1318 1675 1394 1705 loco
1407 1674 1592 1714 sepulchri.

963 1727 1005 1755 27
1030 1725 1159 1763 Hostis,
1177 1725 1310 1765 Punico]
1333 1723 1503 1755 Antonius
1525 1724 1622 1762 lngu-

923 1772 985 1803 bre
1015 1773 1306 1813 paludamentum,
1336 1772 1371 1803 id
1395 1777 1461 1807 est,
1491 1777 1622 1803 vestem

922 1823 1077 1853 moeroris
1090 1822 1214 1862 induit,
1237 1831 1407 1862 purpureo
1423 1831 1503 1861 sago
1518 1821 1624 1862 depo-

921 1871 999 1903 sito.
1045 1872 1165 1903 Punico
1188 1872 1335 1911 Lugubre
1346 1871 1479 1902 mutavit
1496 1871 1625 1912 sagum]

922 1922 1042 1961 Sagum
1057 1921 1238 1952 amiculum
1252 1926 1326 1952 erat
1342 1921 1490 1952 militare
1504 1931 1512 1951 ε
1532 1921 1622 1952 unde

922 1976 961 2002 et
984 1971 1133 2011 ‘sagati'
1155 1971 1198 2002 ad
1216 1968 1444 2002 differentiam
1467 1971 1625 2010 ‘togato-

923 2019 1016 2051 rum'
1033 2020 1128 2051 dicti.
1173 2020 1384 2061 Quamquam
1401 2024 1437 2051 et
1460 2020 1494 2051 in
1514 2021 1623 2057 Urbe,

920 2072 1051 2111 majore
1063 2072 1178 2112 aliquo
1193 2075 1288 2102 motu
1305 2076 1364 2102 aut
1381 2072 1526 2102 tumultu
1543 2081 1624 2103 con-

922 2121 1040 2160 citato,
1055 2131 1135 2161 saga
1152 2130 1171 2151 a
1194 2121 1320 2161 populo
1335 2121 1571 2157 sumebantur,
1586 2127 1623 2153 et

923 2170 965 2201 ad
988 2179 1071 2210 saga
1094 2170 1145 2201 ire
1170 2174 1206 2200 et
1232 2171 1266 2200 in
1291 2170 1382 2210 sagis
1402 2180 1477 2202 esse
1500 2171 1622 2203 civitas

921 2219 1114 2251 dicebatur.
1151 2220 1313 2251 Ceterum
1327 2227 1623 2262 purpureaerant,

924 2278 982 2302 ant
993 2270 1168 2308 coccinea,
1192 2270 1314 2311 quibus
1330 2270 1412 2301 belli
1428 2270 1533 2302 duces
1548 2277 1625 2303 ute-

924 2319 1062 2359 bantur,
1081 2319 1217 2360 (Graeci
1230 2319 1398 2360 φοινικίδας
1416 2320 1568 2362 vocant)
1588 2326 1625 2352 ut

924 2379 992 2410 qno
1007 2370 1083 2399 loco
1103 2369 1296 2408 Imperator
1323 2375 1454 2410 ageret,
1479 2379 1624 2410 pra-ser·

927 2419 986 2449 tim
1012 2418 1045 2448 in
1077 2418 1162 2456 acie,
1190 2419 1461 2458 conspiceretur.
1516 2419 1625 2450 Plura

925 2467 1103 2499 Turnebus
1136 2475 1189 2498 xr.
1228 2470 1279 2500 16.
1322 2467 1402 2507 Sagi
1434 2467 1502 2498 duo
1525 2467 1623 2498 fuere

926 2525 1065 2558 genera,
1079 2517 1223 2547 alterum
1236 2525 1400 2553 crassum,
1413 2516 1518 2547 dense
1530 2516 1626 2547 villo-

925 2576 997 2598 sum
1026 2570 1062 2597 et
1084 2575 1275 2605 commune,
1291 2565 1383 2602 ἐσθὴς
1404 2565 1622 2606 στρατιωτική·

925 2617 1070 2647 alterum
1095 2614 1344 2654 tenuissimum,
1373 2615 1494 2655 molle,
1512 2615 1625 2656 Impe—

925 2669 1079 2697 ratorum
1095 2663 1457 2704 superindumentum:
1480 2666 1544 2696 hoc
1566 2674 1626 2696 au-

928 2720 996 2747 tem
1016 2715 1130 2755 ipsum
1145 2713 1292 2745 mutavit
1307 2713 1475 2746 Antonius
1491 2714 1525 2745 in
1539 2714 1623 2755 fuga

926 2773 1004 2796 cum
1027 2772 1108 2803 sago
1132 2762 1281 2803 lugubri,
1297 2763 1334 2794 id
1355 2768 1420 2800 est,
1443 2764 1623 2804 communi,

927 2813 1020 2856 qnod
1050 2812 1186 2854 quidem
1213 2812 1262 2843 illi
1286 2812 1428 2854 lugubre
1458 2811 1536 2848 suit,
1554 2822 1622 2844 non
