1916 3262
350 279 462 320 1274
831 291 873 327 Q.
905 288 1107 318 HoRA‘rn
1145 289 1312 318 macor

351 382 611 436 Delphinum
635 382 769 436 sylvis
791 381 1005 434 appingit„
1023 380 1224 423 fiuctibus
1247 394 1414 434 aprum.
1705 381 1762 421 30

348 448 401 488 In
420 449 570 488 vitium
591 448 712 488 ducit
730 447 869 499 culpae
888 447 1001 498 fuga,
1021 446 1058 486 si
1077 450 1193 487 caret
1213 450 1317 488 arte.

351 513 571 554 AEmilium
593 513 710 553 circa
729 512 878 552 ludum
897 511 1018 552 faber
1036 511 1149 551 imus
1170 515 1212 551 et
1231 524 1390 563 ungues

349 577 590 631 Exprimet‚
610 583 654 618 et
674 577 825 618 molles
846 576 1087 617 imitabitur
1105 588 1189 616 aere
1210 576 1406 628 capillos,

349 643 508 684 Infelix
527 644 669 695 operis
690 656 872 692 summa,
893 642 998 695 quia
1018 654 1177 694 ponere
1195 645 1331 682 totum

351 709 557 750 Nesciet:
585 709 697 748 hunc
716 721 794 761 ego
814 721 899 756 me,
916 708 954 747 si
973 707 1075 760 quid
1098 718 1357 759 componere
1377 718 1536 755 curem,
1705 705 1763 746 35

351 773 453 815 Non
473 774 610 826 magis
626 786 725 814 esse
745 774 893 822 velim,
915 785 1047 825 quam
1068 785 1203 826 pravo
1225 772 1369 812 vivere
1388 784 1510 820 naso,

351 839 641 892 Spectandum
662 839 791 891 nigris
811 839 951 880 oculis
969 839 1172 891 nigroque
1192 837 1366 890 capillo.

351 994 459 1033 sylvis,
478 1005 585 1035 aprum
605 996 684 1026 mari
708 995 859 1035 appingit.
903 996 941 1026 In
954 994 1063 1025 vitium
1079 994 1207 1033 impellit
1222 993 1381 1032 vitiifuga
1392 1003 1452 1024 mm
1472 994 1577 1025 solers.
1617 991 1767 1031 Ignobilis

351 1036 519 1067 statum-ius
532 1038 572 1067 ad
587 1036 787 1067 AEmilianum
803 1039 906 1067 ludum
925 1037 1064 1066 habitans
1079 1045 1194 1074 ungues
1209 1045 1244 1066 ac
1258 1038 1361 1066 tenues
1373 1035 1495 1074 capillos
1515 1043 1577 1065 ονε
1591 1033 1696 1075 finget
1714 1042 1764 1071 op-

351 1075 437 1114 time,
451 1087 524 1116 opus
537 1081 637 1107 tamen
650 1077 735 1108 dabit
749 1078 969 1117 inconcinnum,
982 1078 1053 1117 quia
1068 1080 1163 1107 totum
1175 1076 1320 1117 perficere
1333 1077 1448 1116 nequit.
1491 1076 1578 1106 Huic
1589 1084 1644 1114 ego
1657 1073 1767 1104 similis

350 1124 414 1147 exse
429 1118 584 1158 quidpiam
598 1119 730 1149 scribens
752 1122 814 1149 tam
835 1119 940 1159 nolim,
965 1128 1054 1158 quam
1068 1118 1168 1157 nigris
1182 1118 1274 1149 oculis
1288 1121 1319 1149 et
1330 1117 1451 1158 capillis
1465 1116 1614 1157 specium
1627 1116 1766 1146 indecoro

946 1232 1182 1246 ‘mutuom‘

351 1318 393 1346 30
409 1315 594 1355 Delphinum
608 1317 641 1347 in
654 1317 740 1347 silvis
756 1317 833 1348 Vat.
849 1318 943 1348 Rom.
959 1321 989 1348 9.
1006 1323 1039 1348 et
1059 1318 1154 1350 Harl.
1168 1321 1200 1350 7.
1222 1318 1361 1357 depingit
1374 1317 1452 1347 Vat.
1465 1316 1559 1347 Rom.
1573 1316 1604 1344 9.
1626 1313 1766 1353 appingit

351 1357 430 1387 Vat.
455 1360 486 1387 4.
515 1368 533 1387 a
559 1366 602 1388 m.
629 1361 778 1388 sem—31
802 1359 881 1389 Vat.
909 1361 960 1390 13.
991 1360 1087 1398 culpoe
1112 1359 1207 1389 ducit.
1249 1357 1473 1389 Schoenborn.
1494 1356 1592 1394 fulgo.
1615 1356 1767 1392 σαίρω--

351 1399 393 1427 32
415 1397 482 1427 Sex
506 1398 603 1428 codd.
631 1399 721 1438 Feae,
743 1399 967 1429 Schoenborn.
997 1402 1026 1430 l.
1051 1399 1104 1429 alii
1132 1399 1229 1429 codd.
1257 1408 1311 1437 ap.
1337 1397 1481 1428 Marcili.
1504 1395 1616 1426 Bentl.
1639 1395 1767 1426 Valart.

352 1438 478 1478 Acron,
505 1444 541 1469 et
565 1439 686 1470 Joann.
710 1439 870 1470 Sarisber.
894 1439 949 1470 lib.
967 1448 1016 1469 vr.
1045 1440 1078 1470 in
1106 1440 1240 1478 Prolog.
1263 1447 1361 1475 umas,⁸
1383 1437 1553 1468 revocavit
1578 1436 1611 1466 in
1638 1440 1766 1466 textum

351 1479 464 1510 Bentl.
490 1485 671 1520 sequuntur
696 1489 791 1511 anon.
811 1481 901 1519 Traj.
925 1481 966 1511 ad
993 1481 1096 1511 Rhen.
1113 1483 1205 1511 1713.
1230 1481 1370 1519 Cnning.
1385 1477 1507 1510 Sanad.
1522 1476 1656 1509 Mervil.
1673 1477 1765 1508 Batt.

353 1520 501 1560 Sandby‚
517 1521 641 1552 Valart.
656 1521 788 1552 Wakef.
809 1522 912 1552 Wetz.
930 1522 1075 1560 Schelle,
1090 1527 1124 1552 et
1138 1522 1239 1552 Kidd.
1273 1523 1282 1538 ‘
1298 1521 1477 1560 Vulgatum
1500 1519 1588 1555 imus,
1615 1519 1676 1548 hoc
1700 1523 1765 1556 est,

353 1567 390 1592 ut
406 1567 574 1600 exponunt
597 1563 695 1602 vulgo
710 1572 783 1593 curn
801 1563 973 1600 Lambini),
993 1562 1088 1593 faber
1109 1563 1255 1603 quidam,
1270 1563 1361 1602 cnjus
1381 1561 1520 1593 taberna
1546 1563 1599 1590 est
1622 1559 1764 1590 omnium

353 1602 475 1637 infima,
492 1608 528 1633 et
544 1608 728 1642 posti-emin
745 1609 802 1634 ant
818 1613 892 1634 cum
909 1605 1178 1635 Commentatore
1192 1604 1393 1644 Cruquiano,
1413 1603 1423 1619 ‘
1439 1601 1526 1642 qnod
1542 1601 1575 1631 in
1591 1599 1767 1638 ima‘parte

353 1644 441 1674 Circi
458 1643 628 1674 tabernam
646 1654 737 1674 suam
755 1645 919 1684 locasset,'
935 1645 1022 1675 inter
1039 1645 1241 1675 recentiores
1257 1645 1341 1674 male
1357 1642 1539 1674 defendunt
1551 1642 1651 1672 Baxt.
1662 1642 1765 1672 Gesn.

354 1685 494 1722 Combe,
510 1685 615 1716 Zeun.
630 1691 665 1715 et
681 1685 839 1716 Chishull.
857 1686 964 1716 Inscr.
980 1686 1050 1724 Sig.
1067 1695 1100 1724 p.
1117 1689 1168 1717 47.
1182 1686 1237 1726 qui
1254 1686 1428 1716 contendit
1439 1684 1566 1722 fabrum
1577 1683 1672 1714 imum
1685 1683 1767 1720 dici,

354 1725 597 1764 secundarium,
625 1728 696 1756 arte
718 1731 818 1766 atque
842 1727 957 1757 ordine
980 1726 1193 1757 inferiorem:
1219 1727 1348 1762 inscite,
1364 1732 1400 1756 ct
1416 1726 1513 1764 plane
1535 1729 1651 1754 contra
1679 1733 1768 1754 men-

354 1771 421 1796 tem
438 1766 567 1802 Poetae,
584 1768 639 1805 qui
653 1777 800 1797 summum
817 1767 980 1798 artificem
996 1767 1112 1797 laudat
1127 1768 1158 1797 in
1175 1773 1269 1806 parte
1284 1767 1394 1806 operis
1411 1765 1578 1803 statuarii,
1592 1764 1625 1794 in
1642 1765 1768 1806 reliqua

354 1807 510 1846 deplorat
524 1808 686 1844 infelicem.
730 1808 855 1838 Inscite
871 1813 981 1839 autem
1005 1808 1122 1838 scribit
1139 1808 1299 1847 Chishull,
1320 1812 1354 1838 et
1374 1816 1448 1838 cnm
1465 1816 1504 1836 eo
1519 1806 1698 1843 Gemerus,
1713 1808 1768 1844 qni

354 1849 474 1879 artium
490 1849 611 1888 ignari,
627 1849 741 1890 quanti
759 1852 890 1880 veteres
905 1848 1056 1880 facerent
1072 1849 1143 1880 illos
1160 1849 1317 1885 artifices,
1331 1849 1386 1889 qui
1398 1846 1606 1878 difficillimas
1621 1847 1768 1886 corporis

355 1895 468 1930 partes
483 1896 660 1926 extremas,
677 1890 826 1929 capillos,
852 1896 887 1920 et
903 1899 1041 1930 ungnes,
1065 1891 1117 1921 vel
1133 1900 1308 1928 marmore,
1323 1890 1374 1920 vel
1397 1898 1475 1924 ποτε,
1501 1889 1552 1919 vel
1569 1888 1698 1928 pictura
1713 1898 1768 1918 ex-

354 1931 550 1970 primebant,
565 1941 629 1962 non
643 1937 818 1963 noverunt.
852 1933 907 1963 De
925 1931 1164 1963 celebrioribus
1179 1932 1266 1962 Plin.
1283 1932 1327 1962 N.
1340 1931 1383 1962 Η.
1398 1938 1526 1961 xxxxv.
1541 1932 1572 1959 8.
1587 1928 1629 1959 de
1643 1929 1771 1969 Pytha-

355 1981 446 2011 gora,
463 1981 579 2004 xxxv,
595 1972 658 2003 10.¹
682 1973 755 2003 Fen.
800 1973 877 2003 vid.
896 1972 1070 2003 Drakeub.
1097 1973 1137 2003 ad
1163 1973 1220 2004 Sil.
1244 1973 1324 2003 Ital.
1347 1981 1406 2003 xv.
1429 1973 1586 2002 590.-33
1609 1970 1769 2010 Exprimit

355 2013 576 2044 Schoenborn.
594 2016 622 2043 1.
650 2014 728 2044 Vat.
746 2014 840 2043 Rom.
858 2016 909 2044 ll.
941 2014 1070 2044 Valart.
1086 2017 1116 2044 l.
1142 2023 1162 2043 a
1187 2023 1230 2044 m.
1257 2022 1323 2044 sec.
1347 2012 1500 2052 Angelic.
1515 2014 1547 2042 3.
1571 2016 1607 2042 et
1630 2011 1770 2042 Venett.

356 2057 450 2085 1492.
476 2057 652 2085 1514.-35
678 2055 805 2084 Nesciat
833 2054 1007 2094 Bamberg.
1034 2058 1068 2084 et
1093 2059 1233 2094 quatuor
1258 2053 1354 2084 codd.
1375 2063 1430 2091 ap.
1453 2053 1582 2084 Valart.
1626 2051 1770 2093 Nego-iret

354 2095 570 2126 Hellen—36
591 2095 770 2134 Bamberg.
787 2095 1010 2126 Schoenborn.
1025 2097 1056 2125 4.
1081 2095 1173 2126 Vatt.
1189 2098 1219 2126 9.
1237 2098 1286 2126 10.
1303 2097 1353 2124 18.
1385 2094 1465 2125 Vat.
1489 2094 1582 2124 Rom.
1596 2093 1626 2123 7.
1648 2097 1683 2122 et
1704 2092 1768 2123 Za—

355 2141 418 2167 rot.
439 2145 530 2175 pravo
554 2146 585 2166 v.
612 2145 705 2172 naso;
728 2141 761 2166 et
787 2136 863 2165 inde
890 2136 990 2167 lectio
1017 2136 1151 2175 vulgata
1176 2134 1246 2166 fere
1273 2135 1361 2174 apud
1386 2143 1511 2165 omnes.
1533 2142 1607 2164 naso
1623 2143 1653 2164 v.
1673 2143 1769 2172 pravo

354 2177 579 2208 Schoenborn.
592 2179 622 2207 3.
651 2177 745 2207 Harl.
765 2180 791 2207 1.
805 2179 836 2208 3.
851 2180 882 2207 4.
896 2180 927 2207 7.
960 2177 1052 2208 vatt.
1071 2180 1100 2207 1.
1116 2179 1146 2207 2.
1161 2179 1191 2207 3.
1206 2179 1237 2207 4.
1251 2180 1282 2207 5.
1299 2180 1330 2207 7.
1347 2178 1398 2206 14.
1416 2178 1465 2206 17.
1481 2177 1532 2206 22.
1547 2177 1600 2205 24.
1623 2174 1702 2205 Vnt.
1718 2177 1768 2205 19.

354 2229 373 2250 a
389 2228 431 2249 m.
447 2227 512 2249 sec.
548 2218 629 2249 Vat.
646 2218 741 2248 Rom.
755 2220 785 2248 2.
801 2220 831 2248 3.
846 2221 876 2249 6.
891 2221 922 2248 8.
938 2220 969 2248 9.
985 2220 1035 2248 10.
1071 2218 1149 2249 Vat.
1164 2218 1273 2248 Palat.
1295 2220 1324 2248 1.
1347 2219 1378 2247 3.
1400 2218 1431 2246 4.
1453 2219 1484 2246 6.
1522 2215 1668 2246 Chisian.
1685 2219 1715 2246 1.
1734 2219 1766 2247 ὅ.

355 2259 507 2299 Angelic.
522 2262 552 2290 l.
568 2262 599 2290 2.
614 2261 644 2290 3.
676 2259 828 2290 Vanicel.
846 2263 875 2290 1.
914 2259 1088 2290 Barberin.
1102 2262 1134 2289 2.
1157 2259 1214 2289 alii
1236 2259 1320 2289 Mss.
1337 2258 1424 2297 apud
1439 2257 1551 2288 Bentl.
1571 2256 1676 2288 Gesn.
1691 2257 1767 2287 Val.

355 2301 467 2332 Acron
493 2301 560 2332 Ms.
585 2301 661 2331 Vat.
678 2300 840 2331 Ottobon.
866 2303 901 2330 et
923 2300 1045 2338 editus,
1071 2300 1191 2332 Joann.
1214 2299 1447 2330 sarisberiens.
1470 2298 1526 2329 lib.
1545 2306 1592 2328 vr.
1617 2297 1650 2327 in
1676 2297 1769 2329 Prol.

355 2346 505 2373 notatum
520 2351 562 2372 ex
577 2342 643 2373 Ms.
660 2342 693 2372 in
709 2351 766 2372 ora
781 2341 861 2372 edit.
877 2341 954 2372 Aldi
972 2344 1063 2372 1509.
1097 2341 1187 2372 Bibl.
1209 2341 1309 2372 Barb.
1332 2340 1413 2371 edit.
1435 2339 1549 2370 Basill.
1566 2341 1659 2370 1527.
1675 2341 1768 2370 1581.

355 2383 471 2414 Lamb.
487 2383 634 2414 restituit
649 2383 760 2414 Bentl.
777 2383 831 2423 qui
849 2383 966 2413 asserit
987 2382 1019 2412 in
1046 2382 1197 2413 omnibus
1222 2382 1294 2412 aliis
1315 2382 1397 2412 Mss.
1422 2381 1488 2410 suis
1511 2383 1546 2410 et
1569 2379 1705 2410 aliorum
1721 2380 1769 2411 ita

355 2424 493 2462 haberi3
513 2430 694 2465 sequuntur
709 2433 889 2464 anonymus
905 2423 994 2463 Traj.
1010 2423 1050 2453 ad
1068 2424 1174 2455 Rhen.
1192 2426 1283 2454 1⁷13.
1306 2423 1390 2453 C-nn.
1404 2422 1483 2452 San.
1497 2421 1607 2452 Merv.
1619 2420 1769 2461 Sandby,

356 2465 493 2497 Wakef.
506 2467 612 2497 Wetz.
627 2466 772 2506 Schelle,
786 2465 889 2496 Kidd.
905 2465 983 2499 Fea,
999 2466 1121 2505 Bothe,
1135 2465 1156 2497 J
1161 2464 1254 2500 aeck,
1268 2469 1301 2495 et
1316 2464 1552 2503 Doering.--87
1570 2461 1724 2502 Angelie.
1737 2465 1768 2493 3.

993 2580 1023 2612 N
1029 2579 1130 2612 OTAE

356 2663 434 2694 fana
448 2662 608 2702 figmenta
625 2664 728 2695 sacris
743 2664 842 2696 rebus
857 2658 970 2705 inepte
986 2663 1033 2694 in·
1086 2663 1205 2695 torium
1224 2661 1354 2693 AEmilii.

355 2711 491 2742 terserit
505 2712 732 2744 Sannazarius.
1128 2715 1168 2743 37
1192 2711 1305 2749 Nigris
1329 2709 1433 2746 oculis,
1454 2707 1522 2749 lfa]
1561 2707 1607 2738 Hi
1632 2706 1710 2738 olim
1731 2707 1763 2738 in

397 2760 439 2789 32
461 2759 619 2790 AEmilium
629 2762 747 2801 ludum]
764 2761 890 2793 Lndum
908 2762 1033 2802 gladia·
1085 2759 1184 2792 laude
1199 2763 1306 2798 erant,
1322 2763 1360 2789 ut
1375 2757 1454 2788 alibi
1468 2756 1594 2787 dictum
1607 2760 1671 2786 ent.
