1916 3262
511 286 717 320 ΗοιιΑϊη
752 286 1029 318 οΑηΜιΝυΜ
1064 285 1162 318 ma.
1194 287 1227 318 1.
1258 277 1302 317 l.

155 375 298 414 'beatus
329 390 455 423 parvo:
492 387 531 413 nt
556 380 668 422 Epod.
695 390 736 412 n.
762 381 873 412 altero

170 433 280 471 dives,
297 435 432 474 qualem
458 431 540 463 alibi
566 431 709 471 opponit
730 431 871 463 Trasio:

172 482 237 514 hoc
266 487 320 514 est
345 481 435 524 qnod
458 482 501 513 de
528 482 639 513 Mario
666 482 874 514 Plutarchus

173 532 272 572 dicit,
316 533 459 564 πλοῦτον
508 531 660 573 ἀρκοῦντα
700 532 875 568 βασιλείαις

171 583 250 621 ὁμοῦ
259 584 394 615 πολλαῖς
407 582 603 622 κεκτημένος.
650 583 692 614 Id
709 584 799 615 enim
813 593 875 623 per

174 633 183 648 ‘
199 631 328 665 Africae
347 643 472 665 messes
485 632 494 647 ’
510 633 630 665 Poetae
648 634 778 664 volunt.
803 634 874 665 De-

173 684 254 716 inde
280 684 359 726 qnid
388 689 566 726 tantopere
590 684 780 716 mirandum
808 689 876 724 est,

172 735 200 766 si
217 735 358 777 quisque
374 735 551 767 immensas
566 745 648 776 opes
664 736 782 777 quiete
799 745 875 775 pos-

172 785 284 816 sidere
315 785 456 825 mavult,
483 795 583 827 quam
613 785 730 825 exigui
759 785 876 817 lucelli

171 842 293 865 caussa
321 834 425 866 infido
457 836 541 867 mari
570 846 606 867 se
636 836 877 867 committere?

173 884 325 924 Rucgere.
370 885 482 926 luam]
507 886 548 918 Id
572 891 624 918 est
646 887 749 918 alium
770 886 877 918 homi·

173 945 249 967 nem
280 937 338 978 qui
367 937 612 978 agriculturam
643 942 796 970 exercet.
841 937 878 969 Si

170 988 305 1028 proprio,
323 988 461 1020 condidit
482 989 606 1029 horreo]
643 989 680 1020 Si
700 984 812 1020 factus
836 987 879 1019 sit

174 1037 269 1068 dives
285 1043 322 1069 et
337 1039 494 1079 copiosus
511 1044 637 1070 arator.

217 1089 257 1118 to
273 1087 325 1119 De
334 1088 460 1130 Libycis
469 1089 621 1130 verritur]
640 1088 790 1122 Notatur
801 1098 878 1130 pro-

176 1137 297 1169 vinciae
322 1137 448 1171 Africae
476 1139 650 1171 fertilitas.
696 1140 773 1171 Nec
799 1150 879 1171 vero

177 1186 219 1218 ab
235 1197 302 1218 uno
317 1188 432 1229 aliquo
448 1190 535 1221 verri
553 1190 664 1222 omnia
678 1190 751 1222 vult
769 1189 880 1221 Hora-

178 1236 267 1276 tins;
291 1238 351 1268 sed
367 1238 508 1270 divitem
525 1239 624 1278 dicit,
636 1240 692 1270 cui
708 1249 751 1270 ex
767 1241 880 1280 singu-

178 1287 219 1318 lis
247 1298 323 1328 quta
346 1288 481 1329 profert
507 1290 616 1331 Libya
637 1290 772 1321 abunde
799 1291 881 1321 satis

176 1342 239 1369 est.
266 1338 406 1370 Torrent.
451 1340 560 1380 Areia]
583 1339 686 1379 Agris
703 1340 795 1378 latis,
809 1341 880 1380 pla-

177 1387 228 1418 nis
244 1393 279 1419 et
291 1389 430 1428 apricis.
456 1391 554 1429 Cruq.
599 1389 731 1429 Libycis
743 1389 882 1419 verritur

176 1437 273 1477 areis]
314 1438 485 1479 Quicquid
515 1439 690 1479 colligitur
719 1448 761 1470 ex
792 1439 882 1479 agris

176 1486 360 1526 fertilibus,
388 1488 578 1529 cujusmodi
604 1493 684 1520 aunt
709 1488 744 1520 in
771 1490 883 1531 Libya

177 1537 316 1578 regione
333 1536 495 1570 frumeuti
512 1538 732 1571 feracissima.

222 1589 260 1618 ll
295 1587 434 1619 Findere
458 1591 594 1632 sarculo]
630 1589 742 1631 Agros
770 1591 883 1632 ligone

179 1635 324 1676 fodere3
370 1639 438 1676 vel,
466 1649 566 1680 agros
594 1640 707 1672 colere
736 1641 884 1680 sarculo,

181 1687 271 1728 quod
291 1692 346 1720 est
361 1698 468 1729 genus
485 1689 601 1730 rastri,
624 1690 737 1722 Graeci
752 1688 791 1720 τὸ
806 1700 882 1722 σκα-

182 1737 346 1777 aaa-rimor
359 1739 548 1779 appellant.

225 1789 265 1819 12
279 1789 433 1820 Attalicis
440 1789 685 1829 conditionibus]
700 1791 884 1831 Nunquam

180 1847 258 1869 enm
273 1838 318 1869 de
333 1839 502 1870 sententia
517 1849 578 1870 sua
593 1839 754 1878 deducas,
769 1849 885 1880 quam-

183 1888 232 1918 vis
249 1888 360 1928 regias
375 1897 458 1928 opes
480 1888 512 1919 ei
533 1887 669 1928 offeras,
693 1888 884 1930 cujusmodi

181 1941 281 1969 erant
296 1937 405 1969 Attali
421 1938 509 1976 regia
524 1939 697 1980 Pergami.

227 1990 267 2018 13
291 1988 462 2028 Nunquam
495 1988 666 2029 dimoveas]
702 1990 884 2022 Lambinus

183 2041 304 2068 contra
329 2038 475 2069 omnium
502 2039 752 2079 exemplarium
781 2040 884 2072 fidem

180 2089 341 2118 demoveas
363 2088 492 2119 mavult
514 2088 652 2128 legere:
683 2099 759 2120 cum
785 2090 884 2121 dimo·

181 2147 254 2169 neas
269 2146 331 2178 pro
346 2137 388 2168 ad
406 2137 496 2168 aliud
515 2137 665 2169 studium
681 2138 886 2180 distrahere,

181 2187 354 2228 aptissime
378 2186 523 2219 dicatur.
565 2188 691 2219 Sensus
715 2189 804 2221 enim
820 2195 886 2230 est,

182 2237 272 2269 effici
299 2247 365 2269 non
387 2236 489 2269 facile
515 2247 630 2279 posse,
646 2243 698 2279 ut,
722 2239 778 2280 qui
795 2240 885 2280 agri-

183 2287 328 2319 culturae
351 2286 488 2318 deditus
511 2291 577 2323 est,
593 2287 636 2319 ad
658 2297 712 2320 res
730 2290 885 2321 nauticas

183 2347 221 2370 ae
235 2343 430 2370 convertat.
455 2338 599 2370 Tor-rent.
655 2339 790 2380 Cypria]
822 2340 887 2381 Cy-

185 2397 265 2428 prus
279 2388 370 2420 enim
395 2388 485 2420 omni
507 2388 655 2420 materia
677 2389 720 2420 ad
749 2390 886 2422 navium

186 2436 445 2468 aedificationem
471 2437 522 2468 sic
543 2437 752 2478 abundabat,
777 2444 815 2471 ut
843 2440 887 2471 ab

186 2486 254 2518 ima
275 2487 388 2518 carina
408 2486 451 2518 ad
472 2497 636 2519 summum
663 2489 887 2528 carchesium,

187 2538 261 2568 sine
285 2537 444 2568 subsidiis
465 2538 608 2569 aliarum
625 2541 815 2580 regionum,
836 2546 887 2572 to-

188 2594 256 2620 tam
270 2588 382 2619 navim
398 2588 604 2628 absolveret,
617 2595 654 2621 et
663 2591 818 2623 omnibus
834 2601 888 2622 ar—

187 2640 367 2671 mamentis
395 2649 470 2670 eam
493 2641 689 2673 instrueret.
735 2644 888 2677 Turneb.

189 2697 272 2720 vni.
291 2691 344 2720 15.
392 2689 524 2730 Cypria]
552 2690 650 2722 Nave
668 2701 709 2722 ex
735 2693 889 2726 trabibus

190 2739 327 2781 Cypriis
343 2745 532 2780 compacta,
549 2749 610 2780 pro
622 2741 739 2782 quavis
755 2752 854 2776 nave.

234 2791 274 2820 14
298 2789 460 2829 Myrtoum
477 2789 578 2830 mare]
614 2790 654 2821 ld
672 2800 765 2822 mare
781 2792 852 2824 sive
870 2803 890 2824 a

190 2838 330 2879 Myrtoo
342 2838 497 2869 OEnomai
510 2839 639 2879 auriga,
654 2840 686 2871 iu
703 2840 784 2872 illud
804 2851 890 2883 prm-

1512 275 1626 321 1337

922 381 1082 422 cipitata,
1125 381 1198 412 sive
1234 390 1255 411 a
1290 380 1436 420 Myrtilo
1466 383 1624 422 quodam,

922 432 994 462 sive
1010 441 1031 462 a
1045 431 1188 462 muliere
1204 431 1381 473 Myrtone,
1395 431 1483 471 qnod
1498 432 1627 464 Pausa-

922 482 994 513 nias
1011 481 1152 520 mavult,
1168 481 1213 512 sit
1232 480 1458 522 appellatum,
1475 491 1552 522 pars
1576 488 1628 513 est

922 534 1032 574 AEgaei
1063 532 1187 572 maris;
1224 532 1276 564 uti
1303 528 1338 564 e't
1367 532 1560 570 ‘Icarium,'
1587 534 1628 564 ab

922 584 1024 616 Icaro
1040 584 1086 616 ibi
1103 584 1292 617 submerso.
1328 583 1475 614 Tor-rene.
1529 582 1630 613 Pavi-

922 636 981 666 dus
994 634 1106 675 nauta]
1129 633 1256 675 Aptum
1270 634 1335 664 hoc
1349 634 1425 664 loco
1440 632 1629 674 epitheton.

926 686 1015 717 Nam
1039 685 1096 726 qui
1123 689 1268 723 mutato,
1291 693 1356 724 quo
1378 687 1503 714 natura
1528 683 1631 714 trahi-

925 740 994 775 tur,
1020 735 1146 775 studio,
1168 743 1260 766 mare
1282 735 1455 775 ingressus
1478 738 1546 775 est,
1562 743 1630 765 non

926 790 1041 827 potest
1057 794 1124 816 non
1140 792 1382 825 expavescere.
1420 782 1558 824 Alioqui
1573 793 1631 814 au-

927 836 1028 867 daces
1052 841 1088 866 et
1111 834 1276 875 intrepidi
1299 837 1378 865 sunt
1399 833 1455 875 qni
1475 842 1631 864 assueve-

927 890 1008 918 runt
1023 886 1119 917 mari.
1135 885 1236 916 Idem.
1283 884 1426 915 Pauidus
1440 887 1522 915 secet
1531 883 1632 923 mare]

927 936 1079 976 Propter
1094 935 1266 975 naufragii
1284 939 1423 966 metum.

972 990 1011 1018 15
1035 986 1223 1018 Luctantem
1238 984 1529 1027 Icariisfluctibrae]
1544 985 1634 1017 Con-

927 1036 1103 1079 fligentem
1119 1047 1197 1068 cum
1219 1035 1380 1068 fluctibns
1397 1036 1527 1067 Icariis.
1573 1035 1633 1066 Sic

929 1087 1045 1119 Graeci
1060 1086 1182 1118 παλαίω
1194 1097 1255 1118 σοι.
1301 1085 1462 1125 Asi-icum]
1487 1085 1556 1118 Qui
1572 1084 1635 1116 flat

930 1137 974 1168 ab
990 1147 1116 1168 occasu
1133 1137 1296 1178 hyberno.
1342 1137 1451 1168 Recte
1463 1145 1546 1176 ergo
1559 1135 1636 1166 Vir-

931 1188 989 1228 gil.
1013 1188 1022 1205 ‘
1036 1187 1234 1228 Creberqne
1255 1186 1413 1226 procellis
1429 1183 1591 1216 Africus!

975 1240 1016 1269 16
1055 1237 1167 1268 Otium
1196 1239 1227 1268 et
1253 1236 1376 1277 oppidi]
1417 1235 1494 1267 Non
1526 1235 1634 1266 otium

931 1288 982 1318 sui
998 1287 1131 1328 oppidi,
1147 1287 1205 1318 ubi
1225 1287 1352 1317 nullum
1370 1290 1425 1316 est
1439 1286 1559 1323 otium,
1574 1284 1635 1316 sed

931 1338 1012 1368 nillil
1027 1347 1126 1378 quam
1141 1336 1314 1376 negotium
1332 1341 1368 1367 et
1383 1336 1453 1366 vita
1466 1335 1614 1366 sollicita
1628 1344 1638 1372 ς

931 1388 990 1418 sed
1017 1387 1124 1417 otium
1150 1391 1186 1417 et
1211 1395 1290 1416 rura
1304 1385 1354 1415 sui
1371 1384 1503 1424 oppidi,
1520 1383 1552 1414 id
1569 1390 1638 1420 est,

930 1436 1037 1467 otium
1063 1435 1244 1474 rusticum,
1275 1435 1380 1466 vitam
1408 1433 1639 1475 tranquillam,

931 1493 966 1519 et
983 1487 1025 1519 ab
1040 1487 1131 1518 omni
1149 1487 1297 1518 tumultu
1311 1490 1491 1517 remotam.
1517 1485 1614 1526 Craq.

975 1541 1018 1570 18
1042 1538 1154 1569 Rateis
1177 1537 1320 1578 quassas]
1361 1537 1476 1568 Naves
1494 1536 1638 1568 laceras.

933 1588 1085 1620 Indocilis
1096 1587 1288 1628 pauperiem]
1314 1587 1558 1626 Hellenismus,
1576 1596 1638 1627 pro

933 1638 1088 1670 indocilis
1104 1639 1146 1669 ad
1163 1639 1373 1679 patiendum.
1419 1638 1484 1668 Vel
1501 1638 1559 1679 qui
1578 1637 1639 1668 do-

933 1689 1005 1721 ceri
1022 1698 1088 1719 uon
1106 1693 1220 1729 potest
1236 1688 1436 1730 pauperiem
1454 1688 1539 1727 pati.

978 1742 1020 1770 19
1047 1739 1104 1769 Est
1123 1738 1178 1778 qui
1196 1748 1251 1769 nec
1274 1739 1390 1770 veteris
1411 1737 1536 1778 pocula]
1576 1737 1640 1768 Est

936 1788 1026 1819 aliud
1051 1797 1157 1828 genus
1180 1788 1365 1826 hominum,
1382 1788 1440 1828 qui
1464 1787 1564 1826 genio
1588 1787 1640 1818 in-

935 1838 1091 1878 dulgent.
1137 1833 1287 1878 M‘assici]
1324 1838 1394 1868 Pro
1420 1837 1540 1878 quovis
1560 1837 1640 1868 vino

936 1896 1122 1928 generoso:
1160 1888 1309 1918 nascitur
1332 1892 1446 1919 autem
1468 1888 1502 1918 in
1518 1887 1643 1919 Massi-

935 1938 984 1969 cis
1000 1938 1181 1978 montibus,
1206 1938 1263 1979 qni
1287 1938 1417 1970 suntin
1439 1938 1640 1979 Campania.

935 1988 1046 2020 Lamb-

978 2041 1021 2070 20
1045 2039 1114 2070 Nec
1126 2042 1248 2079 partem
1262 2037 1371 2077 solido,
1384 2037 1454 2078 850]
1493 2038 1570 2070 Hoc
1586 2041 1642 2072 est

935 2089 1024 2120 diem
1051 2088 1220 2128 frangere.
1268 2088 1403 2120 Solidus
1428 2093 1541 2119 autem
1566 2088 1640 2119 dies

937 2144 1031 2172 totus
1053 2145 1108 2171 est
1131 2145 1167 2171 et
1191 2140 1341 2179 integer,
1363 2139 1641 2171 administrandis

937 2189 1010 2221 sine
1049 2189 1302 2220 intermissione
1346 2190 1448 2220 rebus
1493 2189 1641 2221 dicatus.

937 2240 1072 2272 Demere
1088 2250 1171 2280 ergo
1182 2244 1304 2280 partem
1317 2241 1355 2272 de
1368 2241 1431 2279 die,
1445 2245 1497 2272 est
1513 2241 1643 2281 aliquot

934 2290 1035 2322 horas
1058 2290 1100 2322 ab
1124 2290 1265 2331 agendis
1289 2291 1404 2330 rebus,
1422 2290 1519 2332 quasi
1546 2290 1641 2322 furto

936 2342 1100 2379 sublatas,
1124 2342 1208 2374 dare
1235 2342 1416 2383 voluptati.
1463 2342 1641 2373 Demimus

937 2394 1024 2424 enim
1041 2397 1174 2434 partem
1195 2392 1238 2424 de
1255 2397 1350 2430 toto;
1384 2391 1444 2423 sed
1463 2391 1641 2422 adimimus

937 2447 1046 2474 totum
1071 2443 1194 2483 ipsum.
1219 2443 1315 2482 Cruq.
1360 2442 1493 2473 Demere
1514 2442 1553 2472 de
1575 2439 1642 2479 die]

937 2493 1112 2532 Frangere
1135 2491 1226 2522 diem
1260 2491 1522 2522 intermittendo
1549 2490 1643 2520 labo-

938 2551 1023 2580 rem,
1039 2541 1234 2581 pabuloque
1249 2550 1372 2580 corpus
1390 2539 1584 2570 reficiendo.

973 2593 1014 2622 21
1028 2590 1172 2621 Membra
1184 2589 1240 2620 sub
1250 2588 1376 2627 arbuto]
1391 2589 1532 2619 Habens
1539 2597 1644 2618 mem-

938 2641 1001 2672 bra
1016 2645 1122 2670 strata
1148 2639 1210 2669 sub
1237 2639 1360 2669 arbuto
1375 2637 1492 2675 viridi,
1516 2637 1549 2668 id
1574 2643 1642 2677 est,

938 2691 1001 2723 sub
1025 2690 1149 2721 arbuto
1172 2698 1304 2719 amoena
1326 2692 1362 2719 et
1383 2688 1548 2719 conviviis
1570 2688 1644 2719 ido-

939 2750 1016 2772 nea.

981 2793 1024 2821 22
1048 2789 1100 2821 Aa
1114 2799 1204 2830 aquoe
1214 2788 1323 2829 capul]
1340 2787 1452 2828 Caput
1468 2797 1640 2829 vocamus,

941 2840 998 2872 ubi
1015 2840 1159 2881 primum
1175 2843 1359 2880 erumpunt
1382 2837 1509 2878 fontes,
1532 2844 1566 2871 ct
1587 2849 1644 2870 eo-
