1930 3204
693 281 903 312 HoRATtt
940 282 1081 312 EPOD.
1116 281 1160 310 V.

197 380 326 422 [Codd.
368 380 519 412 nonnulli
556 389 611 420 ap.
639 375 760 412 Jaeek,
790 380 840 407 ter
867 376 895 406 si

195 430 331 471 vocata]

237 485 260 513 ὃ
282 481 404 513 Lucina
417 480 515 520 aeris]
541 479 651 511 Diana
666 487 687 509 a
701 475 892 518 parturien-

196 530 287 562 tibus
312 530 544 567 invocabatur,
559 527 648 570 quod
670 526 893 559 nascentibus

199 590 300 621 opem
316 579 408 612 ferre
424 579 621 620 putabatur.
642 577 747 617 Veris]
788 577 892 609 Recte

195 631 322 664 vetusti
352 631 480 662 codicis
504 629 646 669 margini
673 628 895 668 adscriptum,

194 682 204 698 ‘
220 680 431 713 Adulter-iuis
445 681 534 712 enim
551 679 714 720 partubus
730 678 894 719 dedigna-

195 737 253 764 tur
265 732 386 764 adesse
403 729 540 763 Diana!
561 730 688 760 Sensus
713 729 837 769 igitur:
855 729 893 760 Si

193 791 275 814 vere
290 786 402 813 mater
416 790 464 816 es,
481 785 519 811 ut
531 788 606 810 esse
619 779 807 816 credo,&c.

236 835 256 863 7
285 831 416 864 Pon-1000
434 830 542 872 inane]
565 830 613 861 Te
631 839 712 870 rogo
729 838 792 869 per
807 829 894 860 lianc

192 886 399 922 proetextam
436 889 640 922 purpuream
686 878 893 920 (nobilitatis

192 930 359 973 indicem)
374 941 450 973 quae
474 931 555 962 milii
571 936 686 961 tamen
712 930 794 960 nihil
818 938 893 969 pro-

191 981 284 1014 derit
300 982 343 1014 ad
356 981 600 1014 crudelitatem
618 984 768 1011 vestram
785 979 894 1010 minu-

191 1031 325 1073 eudaut.
336 1031 586 1070 Inoenepurpuroe
593 1029 700 1069 decus]
723 1027 751 1059 A
758 1028 777 1058 b
789 1032 894 1059 aetate

192 1081 523 1113 conliniaerationem
546 1084 674 1116 movet,
695 1089 759 1110 nec
782 1079 892 1110 minus

192 1140 213 1160 a
229 1130 426 1163 conditione
449 1139 533 1161 sita:
556 1130 565 1145 ‘
580 1133 751 1169 praetexta
765 1127 772 1141 ’
802 1128 891 1159 enim

191 1181 350 1222 pueritiae
366 1184 599 1213 ornamentum
617 1184 702 1216 erat,
730 1187 793 1210 nec
818 1178 893 1209 aliis

193 1230 464 1269 concedebatur,
479 1239 579 1271 quam
597 1229 769 1270 Romanis,
791 1233 893 1269 atque

191 1280 360 1322 ingenuis.
404 1281 460 1312 Dc
475 1280 546 1320 ejus
564 1289 625 1310 usu
642 1284 746 1319 atque
763 1278 894 1318 origine

191 1330 298 1362 multa
308 1330 476 1372 praectare
485 1329 640 1360 Macrob.
649 1328 820 1360 Saturnal.
832 1330 892 1358 ιδ.

190 1381 291 1413 Inmie
301 1385 415 1413 autem
424 1381 516 1410 decus
528 1377 738 1419 vocat,quod
755 1377 893 1407 videbat

190 1430 273 1462 nibil
289 1430 354 1462 sibi
371 1428 598 1470 profuturum.

230 1483 252 1512 8
268 1481 335 1512 Per
349 1479 596 1521 improbaturum
611 1478 678 1508 haec
691 1475 818 1515 Jovem]
841 1475 890 1506 Te

190 1540 272 1572 rogo
285 1539 350 1572 per
363 1523 488 1562 J'ovem
506 1528 579 1559 liaec
597 1525 766 1558 maleficia
782 1525 890 1556 vindi-

191 1586 358 1612 catorum.

233 1634 273 1664 to
298 1630 406 1663 Petita
426 1629 533 1671 ferro]
568 1629 618 1661 Ut
648 1627 760 1660 bellua
799 1625 888 1658 ferro

187 1682 353 1717 sauciata.

231 1735 270 1765 n
284 1733 333 1764 Ue
345 1732 412 1763 hoec
423 1728 582 1768 trementi]
600 1729 788 1766 Postquam
803 1735 889 1766 puer

187 1781 262 1813 baec
277 1781 422 1812 tremula
431 1788 515 1810 voce
525 1782 677 1819 questus,
691 1775 791 1806 finem
806 1784 888 1815 que-

190 1829 287 1863 rendi
310 1828 412 1868 fecit,
434 1830 496 1860 διε.
543 1825 670 1866 [Codd.
696 1835 754 1865 ap.
778 1824 890 1856 Jaeck

186 1879 316 1912 habent
333 1879 399 1919 vel,
421 1881 465 1910 At
486 1879 551 1909 ltaec
565 1876 732 1913 tremenli;
760 1875 828 1916 vel,
846 1875 890 1906 Et

188 1927 440 1968 hecti-emenia]

232 1982 273 2012 12
281 1979 467 2018 Insignibus
475 1976 590 2018 raptis]
613 1977 693 2008 Duo
706 1984 888 2016 puerorum

186 2029 351 2070 insignia:
376 2030 386 2047 ‘
403 2027 598 2070 praetexta,’
617 2031 653 2058 ut
667 2036 709 2057 ex
727 2035 887 2066 purpurae

188 2079 323 2119 rubore,
344 2078 565 2118 ingenuitatis
580 2076 709 2117 pudore
725 2085 888 2116 regeren-

186 2135 264 2169 tur;
280 2134 316 2162 et
328 2130 362 2161 in
373 2129 487 2160 cordis
503 2127 642 2168 figuram
659 2126 669 2142 ‘
685 2126 773 2156 bulla
784 2125 793 2139 '
808 2130 887 2156 ante

183 2185 320 2221 pectus,
330 2189 429 2221 quam
443 2178 676 2218 inspicientes,
686 2178 735 2208 ita
750 2176 885 2207 denium

185 2241 222 2263 se
235 2230 388 2263 homines
403 2230 611 2270 cogitarent,
633 2228 660 2259 si
676 2227 780 2259 corde
797 2237 884 2268 prae-

185 2285 331 2313 starent.
373 2280 432 2312 Sic
455 2279 663 2312 Macrobius.
711 2279 887 2318 De‘prae-

187 2334 284 2362 texta
298 2329 391 2371 'jam
407 2329 571 2367 diximus3
594 2329 636 2359 de
662 2333 671 2347 ‘
687 2327 797 2359 bulla’
822 2328 885 2359 lioc

185 2379 299 2412 obiter
313 2378 586 2416 dicenduni‚non
598 2377 736 2408 obstare
750 2377 886 2408 Macro-

185 2428 320 2470 bio‚qui
332 2427 445 2458 cordis
456 2427 487 2457 ei
498 2426 641 2467 figuram
654 2425 787 2465 tribuit,
796 2426 885 2467 quod

187 2478 280 2511 Ptut.
292 2486 366 2509 eam
377 2476 478 2508 butue
489 2486 532 2507 ex
544 2486 632 2517 aqua
643 2475 783 2517 inflatae,
797 2477 886 2508 unde

188 2533 224 2560 et
240 2537 365 2561 nomen
379 2527 518 2567 habeat,
536 2527 679 2558 similem
697 2526 801 2558 fuisse
817 2533 886 2559 tra-

187 2577 298 2609 didit:
314 2577 395 2618 quid
406 2577 498 2608 enim
512 2581 607 2608 vetat
619 2577 732 2608 cordis
744 2576 886 2617 figuram

189 2627 292 2660 bullat
319 2628 428 2660 instar
452 2635 643 2667 assurgere,
665 2631 701 2658 et
719 2637 739 2658 a
754 2631 886 2660 tumore

186 2678 277 2710 idem
292 2687 415 2710 nomen
432 2677 634 2717 acquirere?
679 2677 770 2708 Hinc
787 2677 886 2709 bullae

185 2729 331 2761 militum
348 2727 427 2758 olim
452 2726 575 2758 balteis
593 2727 807 2768 cingulisque
822 2737 886 2760 ceu

186 2782 362 2813 clavorum
379 2779 496 2820 capita
517 2778 766 2810 inserebantur.
812 2779 885 2811 Vir-

187 2832 247 2872 gil.
270 2831 344 2863 AEn.
372 2838 424 2861 ix,
446 2835 454 2847 ⁸
469 2829 633 2860 Phaleras
657 2829 887 2870 eramanefis,

1541 272 1653 313 1543

945 380 983 408 et
1014 386 1118 408 aurea
1148 375 1249 407 bullis
1276 373 1446 414 Cingula-³
1493 376 1650 417 Denique

945 426 1207 466 triumphantes,
1218 424 1322 456 bullae
1339 433 1440 465 quam
1458 424 1655 465 gestabant,

944 475 1099 507 remedia
1122 475 1277 516 qtiaedam
1301 474 1479 505 includere
1503 483 1650 505 consue-

946 525 1072 563 verint,
1095 535 1171 566 quae
1198 524 1385 556 credebant
1410 524 1572 555 adversus
1602 524 1657 554 in-

945 576 1071 607 vidiam
1093 577 1231 614 valere;
1255 579 1291 606 et
1316 575 1408 605 bulla
1435 583 1542 605 aurea
1565 574 1655 611 inge-

945 627 1068 658 nuitati
1091 632 1226 658 tantum
1251 625 1420 666 permissa
1443 624 1528 656 fuit:
1554 624 1657 655 liber-

943 677 1026 709 tinae
1072 676 1280 708 conditionis
1325 675 1439 716 pueris
1469 674 1514 716 (si
1551 674 1656 714 justis

945 732 1059 758 tamen
1087 726 1218 768 nuptiis
1249 726 1322 756 nati
1352 723 1515 765 fuissent)
1546 725 1654 755 lorum

944 782 1078 809 tantum
1095 778 1166 808 sive
1190 781 1359 808 seon-team
1385 775 1511 806 bullam
1529 773 1658 814 praefe-

945 827 1110 858 rentibus.
1155 826 1344 866 Insignibus
1355 825 1457 864 raptis
1469 823 1562 865 puer]
1586 823 1654 854 Or-

943 877 1110 909 namentis
1121 877 1196 917 ejus
1214 876 1333 917 raptis,
1347 875 1480 906 scilicet
1499 879 1648 915 praetex-

944 933 980 959 ta
1009 932 1044 959 et
1072 927 1164 958 bulla
1188 937 1264 968 qua·
1293 930 1394 957 erant
1417 925 1648 956 Patriciorum

943 977 1102 1018 insignia.
1148 977 1247 1015 Puer,
1260 975 1388 1016 Impube
1400 975 1524 1015 corpus]
1550 975 1653 1006 Liber

943 1027 1092 1068 optimus
1114 1026 1206 1068 pueri
1229 1026 1326 1067 legit,
1357 1025 1654 1065 adscriptumque,

941 1078 1054 1118 ‘pueri
1084 1077 1207 1118 impube
1238 1085 1362 1115 corpus,
1385 1085 1448 1115 pro
1473 1073 1653 1114 ‘impubes

943 1127 1073 1168 puer.'’
1118 1127 1146 1158 A
1165 1137 1234 1168 qua
1255 1126 1404 1157 lectione
1430 1134 1496 1156 non
1519 1133 1574 1155 me
1595 1124 1654 1155 de-

945 1183 1052 1209 terret
1069 1177 1208 1218 syllabae
1228 1177 1329 1211 ratio,
1352 1177 1431 1214 (cur
1445 1175 1536 1206 enirn
1558 1174 1653 1215 pueri

943 1238 1008 1259 nou
1027 1238 1122 1269 aeque
1146 1227 1354 1268 dissyllalion
1379 1235 1454 1257 esse
1477 1231 1584 1267 queat
1601 1234 1650 1256 ac

945 1279 1072 1317 ‘fidei‚'
1112 1278 1282 1319 Pompeii,
1319 1283 1356 1309 et
1382 1276 1504 1307 similia
1516 1275 1548 1316 ?)
1589 1275 1647 1306 sed

942 1330 1111 1371 praecedit
1123 1333 1260 1370 questus.
1300 1329 1426 1358 Lector
1452 1327 1586 1366 cogitet
1606 1335 1648 1355 an

943 1380 1127 1411 verisimile
1143 1379 1188 1410 sit
1209 1377 1353 1409 Poe'tatn
1371 1380 1470 1407 tanta
1486 1385 1580 1405 usitin
1597 1374 1652 1406 su-

942 1430 1008 1461 isse
1023 1429 1178 1461 audacia.
1214 1427 1356 1467 Figulus
1370 1425 1648 1466 Porpltyrionem

940 1481 1140 1519 impressum
1168 1482 1319 1516 secutus,
1343 1480 1382 1507 ut
1407 1475 1564 1516 conjicit,
1593 1475 1647 1505 liic

941 1530 1037 1571 ponit
1052 1527 1250 1569 ἐπεξήγησιν,
1264 1535 1389 1567 nempe
1403 1535 1490 1567 puer
1505 1525 1644 1566 impube

945 1591 1083 1622 corpus.
1109 1582 1208 1623 Cruq.

986 1635 1025 1663 13
1042 1631 1169 1672 Impube
1185 1641 1306 1671 corpus,
1319 1629 1387 1670 fisa]
1405 1629 1566 1660 Existens
1578 1629 1648 1660 tale

940 1681 1077 1720 impube
1093 1689 1228 1720 corpus,
1245 1680 1358 1720 quale,
1374 1681 1440 1709 &c-

985 1733 1024 1762 14
1053 1731 1206 1761 Thracum
1232 1729 1374 1770 pectora]
1400 1729 1550 1759 Pectora
1570 1737 1646 1759 cru-

941 1779 1067 1812 delium
1085 1785 1121 1812 et
1135 1781 1360 1812 barbarorum
1379 1780 1560 1810 hominum.

987 1834 1024 1861 1⁵
1049 1830 1206 1862 Brevibus
1228 1830 1388 1870 implicatu
1402 1829 1532 1869 viperis]
1555 1829 1646 1861 Qua-

940 1881 990 1911 les
1007 1889 1129 1920 nempe
1153 1889 1227 1911 essc
1251 1879 1414 1910 convenit
1429 1878 1580 1910 crinibus
1596 1879 1647 1909 in-

940 1935 1060 1969 sertas,
1077 1939 1196 1972 quaeve
1218 1930 1451 1970 capillamenti
1481 1929 1555 1960 loco
1577 1929 1643 1960 Fu-

940 1980 1065 2011 riarum
1087 1979 1206 2020 capiti,
1223 1985 1260 2011 ut
1284 1979 1317 2010 in
1334 1979 1484 2020 antiquis
1501 1987 1645 2011 marmo-

940 2030 1034 2062 ribus
1071 2029 1256 2069 cernimus,
1291 2030 1450 2069 implexae
1479 2030 1644 2061 inerrent.

939 2080 1115 2112 Canidiam
1147 2089 1228 2110 vero
1257 2084 1352 2110 recte
1382 2085 1545 2121 tanquam
1578 2080 1644 2110 Fu-

939 2130 1019 2161 riam
1059 2129 1240 2168 describit,
1273 2139 1350 2170 quae
1387 2135 1440 2160 tot
1475 2130 1643 2162 instructa

938 2180 1080 2211 venenis
1106 2189 1149 2211 ex
1181 2179 1266 2211 Orci
1298 2178 1454 2211 faucibus
1485 2179 1644 2220 profecta

938 2231 1043 2261 videri
1059 2230 1179 2271 possit.
1224 2230 1410 2271 Implicata
1421 2239 1504 2271 ergo
1518 2231 1645 2270 crines,

936 2281 999 2312 lioc
1021 2286 1090 2320 est,
1112 2280 1239 2313 liabens
1261 2286 1368 2321 caput
1392 2280 1578 2312 incomtum
1605 2286 1642 2312 et

936 2331 1097 2363 brevibus
1123 2332 1251 2372 viperis
1277 2331 1496 2371 implicitum,
1525 2332 1642 2362 Furia-

935 2390 1010 2411 rum
1041 2381 1159 2412 instar.
1186 2382 1282 2421 Cruq.
1327 2381 1407 2413 vid.
1435 2381 1540 2412 Turn.
1566 2390 1643 2412 xlv.

936 2433 967 2461 9.
1013 2430 1307 2471 [Nonnullicodd.
1325 2442 1380 2472 ap.
1392 2431 1518 2472 Jaeck,
1533 2432 1640 2470 illiga-

937 2484 972 2511 ta
987 2479 1133 2521 viperis-J

983 2534 1023 2563 16
1048 2531 1161 2562 Crines
1175 2534 1204 2561 et
1227 2529 1544 2570 incomptum-eaput]
1568 2529 1641 2561 Ha-

937 2582 1022 2614 bens
1038 2582 1150 2612 crines
1168 2581 1293 2621 viperis
1309 2580 1498 2620 implicatos
1524 2580 1549 2610 F
1551 2580 1642 2611 uria-

937 2642 1010 2664 rum
1024 2632 1142 2663 instar.

981 2684 1020 2712 17
1042 2681 1140 2712 Jubet
1155 2677 1344 2720 sepulchris]
1361 2678 1471 2711 Jubet
1485 2679 1639 2711 adhiberi

937 2730 1117 2772 caprificos
1133 2728 1296 2761 infaustas
1316 2733 1352 2760 et
1375 2730 1564 2770 sepulchris
1576 2741 1638 2762 ex-

938 2786 1079 2820 tractas,
1095 2782 1190 2822 quasi
1204 2781 1283 2812 Diis
1298 2779 1416 2812 inferis
1429 2780 1639 2812 sacrificatu-

935 2841 984 2864 ra.
1032 2830 1220 2872 Caprifioos]
1245 2829 1433 2872 caprificus
1460 2830 1525 2872 (sic
1541 2831 1630 2873 enim
