1930 3204
407 279 518 320 1602

443 383 481 412 ⁶1
506 380 656 421 Munifico
669 388 732 409 esse
746 378 833 418 licet]
855 378 948 410 Guil.
964 378 1087 409 Cante-

399 439 456 462 rus
483 429 610 460 Novar.
635 429 731 459 Lect.
751 436 804 459 ιν.
830 431 880 459 12.
903 427 1086 469 Μαηιζίὶοιιηι

399 489 462 511 esse
476 479 557 510 licet.

441 530 483 558 52
506 526 591 557 Satis
604 528 695 565 esset,
710 534 766 556 nec
776 524 835 556 sibi
845 523 969 564 damno]
992 524 1087 555 Intra

401 575 548 607 modum.

441 626 482 654 63
506 622 576 653 Hoc
590 632 622 653 se
635 623 829 662 amplectitur
843 622 916 662 uno]
947 622 1022 653 Hoc
1037 632 1088 653 so-

399 674 431 704 lo
447 672 508 703 sibi
527 671 652 712 placet,
672 672 706 702 id
735 677 799 713 est,
825 681 935 702 amore
959 672 1089 703 liberti-

399 729 532 751 narum.

441 773 482 800 55
505 768 637 799 Amator
663 768 822 808 Originis]
855 768 942 798 Talis
964 767 1089 799 Arbus-

401 819 490 857 cula,
508 818 582 849 talis
595 818 731 848 Locoris
743 819 799 848 illa
811 818 901 849 Galli
913 817 1040 855 Poetae,
1054 821 1090 848 et

402 868 560 898 Cithaeris
577 867 715 898 Antonii
739 867 918 906 triumviri,
933 877 1006 898 cum
1025 876 1091 907 qua

405 925 479 947 eum
489 916 619 956 junctis
637 916 679 946 ad
695 925 829 946 currum
846 916 996 947 leonibus
1015 925 1091 946 vec-

403 968 475 994 tum
502 963 606 994 fuisse
634 963 750 995 scribit
778 964 907 994 Plinius
931 973 1012 995 vm.
1039 966 1091 995 16.

402 1013 491 1043 unde
514 1018 549 1044 et
579 1012 820 1043 ‘Cithoerium'
851 1018 948 1043 vocat
974 1013 1093 1043 Cicero

405 1061 547 1102 quadam
565 1061 606 1092 ad
625 1061 779 1092 Atticum
804 1061 970 1100 Epistola.
1015 1061 1093 1092 vid.

402 1110 548 1141 Turneb.
573 1118 675 1141 xxiv.
702 1112 752 1141 11.
780 1110 920 1140 Torrent.
965 1109 1095 1140 Amator

406 1158 567 1198 Originis]
590 1159 729 1190 Amator
739 1159 858 1189 nobilis
874 1159 1073 1189 meretricis.

447 1211 490 1239 56
506 1207 616 1238 Mimae
628 1209 733 1242 donat,
741 1207 946 1247 fundumque]
960 1207 1095 1247 Origini

406 1256 587 1287 meretrici.
631 1257 728 1296 [Vat.
748 1257 843 1288 Rom.
859 1259 891 1287 9.
921 1257 1014 1287 donat
1038 1257 1095 1287 mi-

405 1305 492 1345 moe.]

447 1356 489 1384 57
522 1353 642 1394 Inquit,
676 1363 746 1384 cum
772 1354 920 1385 uxoribus
946 1353 1095 1394 unquam]

407 1402 573 1434 Marsaeus
596 1403 718 1443 inquit,
734 1412 825 1434 suam
848 1403 1018 1434 libidinem
1039 1413 1095 1434 ex-

408 1456 563 1482 tenuans.

449 1502 491 1531 58
517 1500 628 1531 Verum
651 1503 695 1531 est
716 1509 783 1531 cum
805 1499 920 1539 mimis]
945 1499 1096 1540 Respon-

410 1549 470 1579 det
487 1548 660 1579 Horatius.

452 1600 494 1628 59
516 1597 615 1628 Fama
639 1597 751 1627 malum
776 1597 920 1636 gravius]
945 1596 1021 1626 Hoc
1043 1601 1097 1627 est

410 1646 499 1686 quod
523 1646 698 1685 probrum,
713 1654 779 1675 non
799 1650 962 1684 stuprum,
984 1645 1017 1675 in
1038 1646 1097 1675 has

410 1694 573 1725 committi
602 1693 745 1724 diximus
772 1702 814 1723 ex
835 1692 1099 1724 Jurisconsulto·

413 1752 484 1774 rum
501 1742 679 1773 sententia.
698 1742 838 1772 rom-ent.
878 1741 974 1771 Fama
987 1742 1099 1771 malum

409 1791 553 1831 gravius]
575 1791 649 1821 Tua
665 1790 878 1829 existimatio.
923 1790 1023 1825 Quam
1037 1789 1100 1828 res]

413 1842 522 1874 Quam
539 1850 593 1871 res
609 1840 792 1871 familiaris.

452 1891 495 1919 60
518 1888 686 1918 Personam
710 1886 803 1926 satis]
827 1887 1009 1918 Personam
1033 1895 1099 1916 ma·

412 1943 519 1968 tronae
566 1937 719 1967 evitare?
786 1935 938 1975 Quicquid
973 1934 1097 1974 ubique]

411 1985 579 2024 Quicquid
603 1994 647 2015 ex
671 1984 722 2014 sui
745 1988 867 2014 natura
886 1983 1008 2013 malurn
1035 1987 1098 2012 est.

412 2033 528 2064 Qualis
553 2037 606 2063 est
626 2033 726 2063 mima
752 2035 787 2062 et
807 2031 967 2062 libertina
994 2039 1099 2061 mere—

411 2081 490 2111 trix.

454 2130 495 2158 62
520 2127 690 2166 oolimare]
713 2127 782 2157 Pro
803 2127 972 2157 deterere.
1013 2126 1099 2156 Tur-

412 2176 490 2206 neb.
503 2183 603 2206 xxtx.
614 2177 666 2206 34.
702 2174 872 2213 Oblimare]
885 2174 1098 2204 Consumere.

414 2225 499 2259 Quid
523 2223 668 2262 interest]
691 2223 837 2254 Multum
860 2219 993 2263 quidem
1014 2222 1098 2252 inte-

413 2278 496 2309 rest,
509 2275 596 2314 quod
613 2273 653 2304 ad
669 2273 754 2312 legis
769 2282 896 2312 poenam
912 2276 947 2302 et
958 2272 1026 2301 laesi
1040 2281 1100 2311 per

412 2323 615 2354 adulterium
626 2321 736 2352 mariti
750 2320 953 2351 iracundiam
968 2319 1100 2358 attinet,

413 2371 472 2402 sed
490 2371 576 2412 quod
600 2371 642 2401 ad
662 2369 821 2410 nequitiae
850 2368 983 2407 famam,
998 2367 1099 2398 bono-

414 2429 555 2461 rumque
571 2419 862 2460 dilapidationem,
874 2417 966 2448 nihil.
990 2417 1077 2447 Torr.

453 2472 496 2500 63
522 2468 655 2508 Togata]
679 2467 917 2499 Admonendus
939 2470 991 2497 est
1017 2466 1100 2496 Lec-

413 2523 479 2554 tor,
494 2519 560 2549 alio
578 2518 666 2559 apud
692 2518 856 2548 Romanos
881 2516 1003 2546 vestitu
1025 2524 1098 2555 pro-

411 2568 535 2600 cedere
549 2568 655 2598 solere
672 2567 828 2608 virgines,
845 2571 1099 2605 matronasque;

412 2619 476 2649 alio
492 2618 641 2658 ancillas,
658 2626 696 2647 ac
717 2617 927 2647 meretrices.
969 2615 1099 2646 Probat

412 2665 474 2696 hoc
491 2666 706 2706 gravissimus
721 2670 839 2696 auctor
851 2665 1026 2704 Ulpianus,
1041 2663 1098 2694 lib.

414 2722 474 2744 xv.
501 2715 543 2745 de
569 2715 714 2755 1njuriis,
738 2725 813 2746 cum
835 2716 940 2745 minus
957 2723 1097 2754 peccare

411 2771 488 2793 eum
518 2763 612 2803 dicit,
651 2764 708 2804 qui
747 2764 909 2803 virginem
947 2762 1097 2794 ancillari

851 287 987 318 No'l'AE
1020 286 1278 318 VARIORUM
1312 287 1363 318 IN

1138 382 1232 410 veste
1246 377 1481 419 appellaverit,
1491 381 1548 408 ant
1560 379 1742 408 matronam
1751 386 1818 409 me·

1137 428 1274 458 retricia
1285 426 1551 466 indutam,quam
1560 426 1586 456 si
1595 425 1661 456 suis
1672 425 1821 457 vestibus

1139 479 1327 506 uterentur.
1362 476 1503 506 Constat
1521 475 1637 515 igitur,
1651 474 1823 505 damnatas

1137 525 1211 563 lege
1225 525 1316 556 Julia
1330 525 1372 554 de
1386 523 1571 554 Adulteriis
1585 532 1650 554 una
1665 532 1738 554 eum
1757 532 1825 554 ma-

1138 574 1258 604 tronali
1284 573 1446 612 dignitate
1467 573 1524 612 jus
1546 573 1638 603 stoiae
1653 572 1730 603 olim
1746 581 1823 612 per-

1139 622 1276 658 didisse,
1291 623 1430 663 ejusque
1456 622 1530 652 loco
1553 620 1641 652 aliud
1666 621 1824 652 sumsisse

1140 671 1331 710 amiculum,
1351 671 1439 712 quod
1463 676 1574 711 togam
1598 669 1825 710 appellabant,

1140 730 1159 750 a
1175 719 1277 750 virilis
1291 729 1410 760 nempe
1428 723 1515 759 togae
1531 718 1751 749 similitudine
1764 717 1823 748 ati-

1140 777 1215 808 qua.
1262 770 1334 800 Nec
1362 769 1533 808 discrepat
1558 767 1649 808 quod
1675 766 1826 798 Isidorus

1142 819 1200 858 ait,
1214 819 1389 849 amiculum
1414 828 1488 850 esse
1510 818 1739 849 meretricium
1755 818 1825 857 pal-

1141 866 1218 896 lium
1235 867 1370 906 lineum,
1388 876 1451 906 quo
1467 871 1627 896 matronae
1645 866 1677 896 in
1695 865 1826 896 adulte-

1143 915 1191 945 rio
1206 915 1425 954 deprehensas
1444 916 1681 953 induebantur,
1697 914 1826 945 addens

1142 963 1205 993 hoc
1235 963 1342 1002 ipsum
1371 963 1470 992 fuisse
1497 963 1696 993 meretriciae
1722 963 1826 993 vestis

1142 1012 1281 1051 signum.
1327 1011 1469 1042 Constat
1489 1014 1600 1040 autem
1621 1010 1779 1041 Romanis
1792 1010 1827 1040 id

1143 1060 1248 1091 fuisse
1273 1059 1432 1099 ‘togam,'
1457 1059 1547 1099 quod
1575 1057 1707 1090 Graecis
1736 1058 1829 1098 ‘pal-

1142 1109 1246 1140 lium.’
1289 1109 1363 1140 Nec
1389 1109 1523 1140 silentio
1547 1106 1830 1148 praetereundum,-

1145 1158 1233 1199 quod
1250 1158 1351 1198 prisci
1365 1157 1484 1188 Poetae
1497 1157 1602 1188 nostri
1618 1156 1831 1196 interpretes,

1145 1213 1255 1248 togam
1271 1207 1435 1238 damnatae
1451 1206 1586 1237 moechae
1600 1215 1620 1236 a
1635 1209 1714 1245 toga
1727 1213 1832 1236 mere-

1145 1258 1240 1289 tricia
1254 1259 1366 1289 colore
1383 1261 1514 1288 tantum
1529 1255 1692 1295 distingui
1715 1255 1829 1296 aiunt:

1144 1317 1219 1338 nam
1237 1308 1375 1338 moecliae
1400 1306 1496 1345 albis,
1519 1304 1711 1336 meretrices
1731 1303 1830 1344 pullis

1146 1357 1338 1387 utebantur.
1385 1355 1448 1386 His
1471 1354 1557 1386 adde
1576 1353 1663 1395 qnod
1679 1353 1831 1385 succinc-

1145 1406 1232 1436 tiore
1262 1409 1354 1435 veste
1383 1403 1606 1434 meretricula
1639 1401 1831 1438 utebantur,

1145 1459 1234 1484 teste
1250 1453 1380 1490 Nonio;
1407 1461 1483 1482 cum
1503 1455 1664 1481 matronae
1683 1449 1771 1480 illam
1787 1448 1830 1479 ad

1146 1502 1231 1532 talos
1268 1510 1372 1541 usque
1415 1501 1646 1530 demitterent.
1693 1497 1831 1528 Torreat.

1148 1549 1282 1589 Togata]
1302 1548 1341 1579 In
1358 1548 1534 1578 meretrice
1550 1547 1649 1586 vulgo
1664 1546 1832 1586 exposita,
1884 1577 1886 1579 ,

1147 1608 1222 1638 quae
1252 1603 1329 1637 toga
1359 1597 1530 1634 utebatur,
1558 1599 1596 1626 ut
1626 1605 1646 1625 a
1673 1594 1831 1625 matronis

1147 1647 1277 1676 stolatis
1293 1645 1568 1684 distingueretur.
1612 1643 1689 1684 [Est
1710 1653 1751 1675 an
1768 1653 1832 1674 ma·

1147 1697 1237 1723 crona
1252 1693 1332 1723 Vat.
1351 1692 1447 1722 Rom.
1461 1693 1496 1722 9.
1516 1692 1595 1723 Vnt.
1611 1691 1720 1723 Palat.
1739 1694 1772 1722 6.
1797 1695 1833 1722 et

1149 1742 1234 1772 Dan.
1251 1740 1386 1780 Heium]

1189 1792 1231 1821 64
1252 1789 1377 1829 Villius]
1390 1789 1481 1820 Gens
1494 1788 1593 1819 Villia
1607 1788 1758 1819 Romana
1771 1792 1835 1828 est,

1149 1848 1190 1870 ex
1207 1847 1312 1878 eaque
1327 1838 1368 1868 P.
1386 1838 1503 1868 Villius
1523 1836 1677 1868 triumvir
1699 1840 1835 1867 noctur-

1149 1897 1210 1918 nus
1246 1886 1336 1927 apud
1368 1886 1538 1917 Valerium
1567 1885 1662 1917 Max.
1695 1893 1778 1916 vm.
1804 1888 1836 1917 1.

1150 1935 1227 1966 Fuit
1261 1936 1366 1975 igitur
1397 1935 1485 1965 iuter
1518 1935 1652 1965 Faustae
1688 1933 1835 1965 moechos

1148 1985 1250 2015 etiam
1281 1984 1399 2015 Villius
1430 1993 1471 2014 eo
1501 1993 1536 2014 se
1565 1983 1713 2023 jactans,
1745 1983 1835 2022 quod

1148 2033 1248 2063 Sullae
1261 2032 1483 2072 potentissimi
1494 2032 1718 2063 Romanorum
1730 2039 1836 2071 gener

1148 2080 1390 2121 quodammodo
1408 2079 1517 2110 factus
1532 2085 1632 2110 esset.
1671 2079 1763 2110 Nihil
1777 2078 1837 2117 igi·

1150 2134 1204 2158 tur
1231 2128 1284 2157 liic
1310 2127 1353 2157 de
1380 2127 1490 2157 Annio
1518 2127 1657 2164 Milone,
1685 2130 1724 2157 ut
1749 2124 1834 2156 falso

1147 2175 1290 2205 credunt
1304 2174 1525 2214 interpretes:
1550 2173 1629 2213 quin
1651 2173 1721 2213 ipse
1737 2173 1833 2212 Milo,

1147 2228 1184 2253 ut
1201 2227 1280 2254 ante
1295 2223 1452 2261 diximus,
1468 2221 1660 2253 Sallustium
1677 2222 1833 2252 verbera·

1149 2272 1206 2302 vit.
1240 2273 1353 2304 Quare
1369 2271 1394 2301 si
1409 2270 1497 2302 fictis
1512 2271 1566 2301 hic
1581 2271 1630 2301 uti
1646 2270 1834 2302 nominibus

1151 2319 1292 2351 Poiitam
1318 2321 1479 2355 volumus.
1494 2320 1586 2349 Villii
1611 2319 1743 2350 nomine
1761 2320 1834 2351 Sal·

1148 2370 1266 2401 lustius
1298 2369 1409 2410 potius
1435 2368 1664 2408 significetur;
1684 2373 1722 2399 ut
1739 2368 1836 2399 Lon-

1148 2420 1263 2459 gareni
1288 2419 1383 2450 Milo.
1428 2419 1582 2449 Faustam
1599 2417 1835 2449 certe-Miloni

1147 2474 1286 2509 nuptam
1313 2467 1414 2499 fuisse
1449 2467 1565 2498 volunt
1601 2466 1834 2506 Interpretes;

1147 2517 1234 2558 quod
1259 2525 1377 2548 nomen
1401 2521 1468 2547 tam
1490 2515 1677 2556 speciosum
1700 2519 1835 2546 secutus

1147 2566 1267 2597 Villius
1279 2566 1440 2606 deceptus
1458 2565 1512 2596 sit.
1549 2564 1660 2596 Villius
1674 2564 1707 2596 in
1718 2565 1835 2596 Fausta

1148 2614 1243 2656 Sylloe
1261 2623 1369 2654 gener,
1386 2613 1440 2645 hoc
1459 2614 1552 2645 miser
1568 2623 1626 2644 ano
1636 2613 1770 2644 Nomine
1782 2613 1834 2643 de·

1147 2664 1266 2704 ceptus]
1282 2663 1424 2695 Nomine
1437 2663 1566 2694 scilicet
1578 2663 1831 2702 Faustoe,quam

1146 2712 1290 2744 faustam
1308 2713 1368 2744 sibi
1386 2717 1582 2744 eventuram
1596 2710 1831 2747 bariolabatur,

1148 2763 1300 2804 prosperi
1313 2762 1453 2794 nominis
1460 2762 1569 2793 omine
1580 2759 1745 2793 blanditus
1755 2757 1834 2795 sibit
