1904 3216
466 286 679 317 HoRA'rn
711 285 990 317 SERMONUM
1026 286 1122 316 Lm.
1152 285 1184 316 1.
1214 275 1256 316 S·

131 381 189 412 Sic
206 381 250 412 de
266 385 359 412 terra
374 381 477 412 Lucr.
495 381 506 398 ‘
524 380 763 422 omniparens,
778 388 834 409 ea-

134 432 212 463 dem
248 440 360 462 terum
398 436 578 463 commune
618 429 831 471 sepulcrum!

134 482 264 522 Insigni
290 486 406 513 autem
429 485 582 513 veterum
602 481 636 512 in
650 479 832 511 defiinctos

134 532 268 572 pietate
287 531 416 563 factum
437 535 504 571 est,
519 536 571 568 ut,
585 531 642 572 qui
659 539 727 571 quo
742 539 833 561 mor-

137 587 231 612 tuum
245 590 265 612 e
280 581 347 612 ruis
357 581 503 622 aliquem
516 581 681 612 inferrent
698 589 764 612 non
777 581 832 612 ha-

135 630 261 663 bebant
278 631 401 671 locum,
415 631 550 672 publico
560 631 601 662 ad
613 630 647 661 id
659 630 835 663 destinato

133 690 211 713 eum
227 682 373 723 sepelire
390 686 546 723 possent:
563 690 630 723 qua
641 681 685 713 de
698 691 734 713 re
746 682 834 713 Var-

132 741 170 763 ro
185 732 326 774 Liugnae
346 733 424 764 Lat.
444 732 504 763 lib.
521 741 563 764 n.
574 767 578 772 ¹
589 733 599 749 ⁴
615 732 740 773 ltaque
754 742 832 764 eum

131 782 244 813 locum
276 780 436 813 Afranius
459 782 636 813 Putilucos
666 782 832 822 appellat,

131 832 222 872 quod
248 832 327 863 inde
355 831 547 873 suspiciunt
584 835 755 873 perpetuo
785 833 833 863 lu-

129 890 210 913 men
221 881 244 913 τ’
258 890 326 914 non
338 886 470 914 tantum
484 882 529 914 ob
541 882 714 914 bustorum
727 883 832 922 ignes,

130 935 169 962 nt
184 941 248 971 ego
262 931 423 973 arbitror,
441 933 501 964 sed
517 933 606 974 quod
626 934 768 964 mortuis
784 934 832 964 lu-

131 980 222 1012 mina
249 980 505 1022 preferrentur.
559 982 660 1013 Unde
687 986 723 1014 et
748 983 833 1014 Per-

131 1031 224 1063 sius:
257 1033 268 1049 ‘
285 1032 376 1064 Hine
408 1033 502 1072 tuba,
530 1032 710 1064 candelae!
753 1034 833 1064 vid.

130 1081 278 1113 Turneb.
295 1091 330 1114 v.
348 1086 400 1116 16.
437 1083 533 1115 Talia
547 1088 661 1116 autem
681 1085 756 1115 loca
771 1084 833 1115 eti-

133 1140 187 1162 am
203 1141 293 1164 nunc
316 1133 431 1165 Roma
454 1138 575 1165 extant
596 1134 638 1165 ad
662 1135 770 1166 aedem
790 1135 834 1165 D.

133 1181 308 1214 Pancratii
332 1188 368 1215 et
395 1184 600 1223 Sebastiani,
615 1185 739 1225 quibus
759 1194 834 1216 suo-

132 1240 267 1264 cessere
276 1233 542 1275 Cbristianorum
551 1235 756 1273 caemeteria,
764 1235 835 1266 dic-

134 1285 172 1314 ta
184 1281 248 1314 ἀπὸ
261 1284 319 1315 τοῦ
329 1285 452 1325 nomin,
462 1284 554 1326 quod
567 1285 717 1316 dormire
733 1286 834 1326 signi-

131 1331 228 1372 fient,
239 1343 359 1375 magna
375 1341 554 1375 parentum
573 1340 766 1368 nostrornm
783 1346 834 1368 re-

131 1381 258 1423 ligione
271 1387 321 1416 tot
331 1385 404 1425 jam
418 1386 550 1416 saeculis
562 1386 669 1424 culta,
681 1386 725 1417 ob
738 1396 833 1426 spem

133 1433 404 1465 resurrectionis.
431 1435 572 1466 Tea-rene.
618 1436 715 1476 [Vat.
737 1437 832 1470 Rom.

131 1484 164 1513 7.
179 1491 199 1513 a
214 1491 257 1515 m.
276 1493 328 1523 pr.
343 1488 380 1515 et
396 1485 474 1517 Vat.
491 1485 605 1517 Palat.
620 1489 651 1517 3.
668 1495 687 1517 a
705 1497 747 1517 m.
764 1497 832 1519 sec.

131 1532 232 1574 vilia]

139 1599 141 1602 ⁴
175 1584 214 1614 11
239 1583 430 1624 Pantolabo]
462 1584 589 1626 Aptum
621 1595 746 1616 scurrae
773 1595 831 1618 no-

130 1641 219 1668 mon.
235 1633 290 1674 qui
314 1635 426 1665 omnia
451 1635 495 1665 ab
520 1635 675 1667 omuibus
697 1637 830 1677 accipe·

132 1687 198 1723 ret,
219 1689 398 1724 postquam
421 1684 510 1716 bona
535 1695 594 1716 sua
622 1687 695 1726 ipse
720 1697 830 1718 come-

131 1732 258 1765 disset:
287 1733 336 1765 sie
362 1735 450 1765 enim
480 1735 583 1775 prisci
610 1737 832 1776 interpretes,

132 1784 192 1826 qui
206 1789 244 1816 et
257 1785 267 1802 ‘
281 1784 393 1816 Mallii
405 1787 414 1800 ³
430 1785 462 1815 ei
477 1794 601 1815 nomeu
617 1786 710 1817 dant.
740 1787 831 1817 Tor-r.

134 1833 306 1865 Pantolabo
320 1834 452 1874 seurrae]
474 1834 685 1866 Pantolabus
700 1836 832 1866 nniver-

133 1892 207 1914 ιιι-ι
227 1884 466 1924 patrimonium
489 1885 722 1919 abligurierat.
768 1887 833 1918 Ne-

130 1933 216 1974 poti]
240 1934 440 1970 Luxurioso,
461 1935 516 1975 qni
540 1945 610 1966 rem
627 1945 721 1968 suam
738 1936 835 1968 fami·

133 1983 251 2015 liorem
269 1985 419 2024 turpiter
433 1992 704 2026 consumpserat.

179 2036 220 2065 12
245 2034 336 2066 Mille
347 2033 455 2074 pedes]
478 2035 640 2067 Ostendit
662 2036 727 2067 loci
750 2037 832 2077 pub-

134 2083 190 2115 lici
215 2083 485 2124 amplitudinem,
509 2091 544 2116 et
566 2086 701 2130 quidem
729 2092 833 2118 testa-

133 2139 248 2166 mento
272 2134 385 2166 relicti
408 2134 451 2166 ab
473 2135 597 2177 aliquo,
613 2137 669 2177 qui
691 2138 833 2168 mortuis

133 2193 268 2225 quoque
285 2184 444 2225 opitulari
461 2186 608 2218 volebat.
648 2187 747 2219 Quod
765 2197 831 2219 ma-

133 2233 167 2275 gi
183 2233 314 2275 justum
331 2244 418 2273 esse,
434 2245 534 2276 quam
551 2236 635 2267 vivis
657 2247 831 2269 succurre-

134 2283 351 2319 remstendit
366 2283 472 2316 Arist.
488 2285 606 2316 Probi.
623 2295 676 2318 rx.
690 2289 744 2318 3⁰.
765 2288 830 2319 vivi

133 2333 222 2364 euim
243 2333 307 2365 sibi
328 2334 391 2374 ipsi
409 2335 570 2374 praesidio
587 2346 659 2367 esse
678 2344 831 2378 possunt,

132 2382 286 2414 defuncti
301 2393 370 2414 non
386 2383 446 2414 ita.
479 2385 559 2414 Pet.
575 2385 750 2416 Victorius
766 2387 834 2418 Va.

135 2433 215 2464 riar.
234 2434 330 2464 Leet.
346 2441 424 2463 xiv.
440 2435 494 2464 21.
520 2434 662 2464 Tamne.
702 2435 739 2466 In
745 2435 834 2472 fron-

135 2485 178 2521 te,
188 2483 355 2523 trecentos]
380 2482 420 2513 [n
436 2483 662 2514 latitudinem.
701 2486 834 2528 Cippus]

137 2531 268 2571 Cippus
283 2535 335 2562 est
361 2531 445 2571 lapis
472 2532 506 2562 in
529 2542 612 2572 agro
633 2539 785 2576 erectus,
801 2537 835 2568 iu

137 2589 207 2621 quo
231 2580 341 2611 incisa
365 2585 441 2612 erat
465 2580 609 2612 formula
643 2585 836 2624 verborum,

138 2630 258 2671 quibus
274 2634 459 2662 testatores
472 2631 703 2670 declarabant,
716 2644 753 2666 se
763 2645 836 2666 cer-

138 2687 209 2712 tum
221 2681 288 2712 loci
300 2682 446 2722 spatium
457 2691 476 2712 e
487 2683 555 2713 suis
566 2684 655 2723 agris
667 2685 838 2726 excipere,

139 2730 228 2771 quod
243 2731 296 2762 vel
308 2731 407 2762 alicui
421 2732 475 2762 vel
489 2732 574 2772 reip.
591 2733 725 2765 familiae
737 2736 837 2767 relin-

139 2786 299 2822 querent.
331 2781 372 2812 In
384 2783 512 2823 ugr-m]
526 2781 566 2813 In
582 2783 837 2824 longitudinem.

183 2834 223 2864 1³
248 2831 313 2862 Hic
334 2831 447 2871 debat]
482 2831 522 2863 ln
552 2832 712 2874 Esquiliis
742 2834 837 2868 datos

1469 273 1582 316 1653

883 379 1111 420 significabat.
1165 380 1316 412 Heredes
1337 379 1582 419 monumentum]

886 429 972 461 Haec
994 431 1100 462 verba
1125 431 1228 471 cippo
1252 429 1417 470 inscripta
1441 428 1582 460 demon-

884 480 1042 512 strabant
1057 482 1119 512 hoc
1139 481 1206 513 ioci
1221 481 1366 522 spatium
1385 479 1581 511 heredibus

884 539 958 561 esse
974 530 1183 572 ademptum.
1219 529 1420 572 δαιμονίων]
1441 530 1499 562 Ita
1510 539 1581 561 om-

884 580 964 611 nino
990 580 1170 621 legendum
1195 585 1262 620 est,
1278 589 1346 611 non
1366 582 1579 620 sequerentur,

884 635 921 660 ut
938 631 971 660 in
986 631 1159 672 plerisque
1176 631 1260 662 Mss.
1283 630 1363 662 vid.
1378 629 1531 662 Turneb.
1545 639 1582 661 v.

885 683 936 711 16.
981 681 1072 719 Hoc,
1098 681 1219 722 inquit.
1239 685 1494 712 monumentum
1515 689 1584 711 non

883 736 936 760 est
951 729 1139 769 haeredum,
1155 730 1216 761 sed
1233 731 1403 761 hominum
1420 729 1585 769 tenuium,

883 784 919 811 et
954 780 1080 810 nullum
1119 779 1338 810 lirerediolum
1373 778 1583 818 habentium,

882 829 1077 871 nullamque
1119 829 1361 871 decempedam
1410 829 1584 870 possiden-

884 881 980 912 tium.

925 934 966 963 14
989 931 1143 972 Esquiliis
1158 930 1317 970 habitare]
1341 931 1382 962 In
1399 940 1465 972 quo
1481 931 1583 969 colle,

882 982 962 1014 olim
992 983 1197 1023 sepulcreto,
1236 981 1411 1012 Maecenas
1446 980 1584 1011 domum

884 1033 1057 1073 pulchram
1080 1032 1151 1072 jam
1175 1037 1386 1066 extruxerat,
1402 1030 1586 1070 hortosque

883 1092 1032 1113 animnos
1049 1082 1263 1123 adjunxerat.
1292 1080 1489 1121 salubribus]
1506 1080 1584 1111 Non

883 1134 1074 1163 oscitanter
1091 1131 1343 1166 transeundum,
1360 1130 1451 1171 quod
1474 1130 1484 1147 ‘
1498 1130 1586 1161 salu-

886 1183 963 1214 bres
974 1182 982 1195 '
999 1187 1098 1214 vocat
1111 1187 1119 1200 ¹
1138 1180 1328 1223 Esquilias.’
1358 1181 1446 1211 Nam
1463 1184 1499 1211 et
1514 1178 1585 1211 Au-

885 1238 1002 1273 gustus
1019 1233 1091 1264 illic
1102 1242 1204 1273 oeger,
1220 1241 1342 1272 nempe
1364 1232 1398 1262 iu
1415 1231 1586 1262 Maecena-

885 1284 929 1314 tis
945 1283 1059 1321 domo,
1074 1283 1200 1313 cubare
1217 1282 1336 1313 solitus
1350 1292 1359 1320 ;
1384 1286 1419 1312 et
1435 1281 1476 1312 ad
1490 1281 1585 1321 quie-

886 1338 953 1364 tem
970 1342 1005 1364 se
1022 1332 1200 1364 conferens
1225 1332 1384 1363 Tiberius
1407 1340 1428 1363 e
1451 1330 1586 1363 Carinis

885 1393 924 1414 ac
953 1383 1163 1423 Pompeiana
1197 1383 1298 1413 domo
1338 1381 1519 1422 Esquilias,
1550 1380 1586 1411 in

885 1434 998 1464 hortos
1026 1433 1305 1470 Maecenatianos,
1336 1429 1585 1469 commigravit.

884 1484 1001 1515 Antea
1016 1493 1096 1514 vero
1113 1483 1216 1514 etiam
1239 1481 1400 1522 supplicii
1423 1482 1517 1512 locus
1532 1478 1586 1510 fu-

883 1538 980 1564 erat:
1006 1542 1073 1574 quo
1090 1538 1251 1573 spectant
1277 1542 1318 1562 ea
1338 1541 1412 1573 quae
1438 1539 1585 1572 sequun-

885 1590 951 1615 tur.
977 1584 1123 1615 Torreat.
1180 1581 1364 1614 Salubribus
1390 1581 1498 1622 atque]
1525 1581 1586 1612 Se-

885 1635 1015 1675 pulcris
1029 1633 1180 1665 remotis.

928 1688 967 1716 15
984 1684 1112 1723 Aggere
1126 1685 1160 1713 in
1175 1683 1280 1722 aprico
1294 1680 1441 1722 spatiari]
1458 1682 1499 1713 In
1516 1682 1585 1713 col·

885 1734 915 1763 le
930 1739 1051 1772 aperto
1064 1732 1293 1762 deambulare.
1327 1732 1396 1766 Quo
1413 1732 1499 1762 modo
1510 1731 1585 1762 tris·

884 1782 946 1822 tes]
963 1782 1003 1812 In
1020 1792 1085 1822 quo
1101 1790 1209 1821 nuper
1226 1782 1346 1812 tristes
1361 1781 1524 1812 homines.

931 1836 970 1864 16
999 1830 1182 1870 Insormem]
1218 1829 1430 1862 Deformem.
1487 1831 1583 1872 [Vata

888 1883 997 1914 Putat.
1013 1885 1044 1913 3.
1058 1881 1253 1920 deformem]

931 1935 969 1964 17
995 1932 1098 1968 Quum
1119 1931 1196 1962 mihi
1217 1930 1295 1970 nou]
1318 1929 1524 1971 Regreditur
1540 1930 1582 1961 ad

885 1983 1133 2024 expositionem
1160 1981 1211 2011 sui
1238 1980 1384 2011 muneris
1408 1979 1451 2011 de
1473 1985 1584 2012 custo-

884 2033 1019 2064 diendis
1034 2031 1152 2070 hortis,
1168 2039 1378 2071 conquerens
1395 2030 1460 2060 sibi
1477 2029 1585 2060 multo

884 2083 1096 2114 molestiores
1123 2090 1197 2111 esse
1219 2090 1315 2120 sagas
1342 2081 1374 2110 in
1394 2080 1526 2110 ossibus
1547 2085 1585 2110 et.

883 2133 996 2164 herbis
1011 2131 1220 2171 colligendis,
1236 2131 1280 2161 ad
1299 2129 1451 2160 homines
1468 2129 1584 2160 incau-

885 2181 1044 2214 ramentis
1068 2180 1280 2218 vinciendos,
1296 2188 1396 2221 quam
1414 2178 1519 2217 fures,
1535 2178 1585 2210 fe-

883 2242 948 2270 ras,
963 2237 998 2263 et
1014 2240 1107 2263 aves.
1125 2231 1222 2270 Cruq.
1260 2231 1333 2262 Non
1346 2228 1484 2269 tantum]
1503 2229 1582 2261 Non

883 2290 951 2316 tam
967 2283 1074 2322 fures,
1088 2286 1154 2314 ἃς.
1178 2292 1288 2324 quam.
1322 2282 1419 2323 [Vat.
1434 2284 1466 2313 7.
1482 2282 1582 2319 sere-

881 2344 939 2373 que
954 2333 1091 2372 solutam]

925 2385 982 2424 [18
1006 2384 1088 2414 Vat.
1106 2385 1139 2414 3.
1161 2387 1198 2414 et
1219 2383 1300 2414 Vat.
1323 2382 1437 2413 Patet.
1454 2383 1484 2413 3.
1499 2391 1582 2412 cura

882 2433 976 2473 sinn]

929 2486 969 2514 19
998 2481 1147 2521 Ver-sont]
1171 2481 1370 2512 Immutant.

927 2538 969 2566 20
988 2533 1079 2572 Hos]
1094 2531 1285 2563 veneficas.
1320 2531 1502 2572 [Humanas
1514 2531 1584 2563 ‹mi-

883 2597 949 2618 mos
972 2586 1051 2616 Vat.
1065 2584 1112 2624 7.]

927 2639 967 2667 21
988 2631 1138 2672 Simulac]
1161 2632 1360 2671 Postquam.
1411 2630 1501 2670 Vaga
1517 2631 1582 2662 Lu-

883 2686 940 2726 na]
962 2685 1020 2716 Sic
1047 2683 1144 2723 Virg.
1171 2682 1180 2698 ‘
1200 2681 1268 2711 Hie
1291 2681 1384 2711 cauit
1411 2686 1582 2712 errantem

884 2734 1019 2768 lnnam.'
1049 2738 1085 2764 et
1112 2731 1288 2772 Papinius,
1311 2732 1321 2748 ⁴
1338 2731 1435 2772 Vaga
1459 2731 1583 2763 lumine

886 2784 1019 2818 noctis!
1065 2784 1161 2814 Luna
1176 2785 1304 2820 autem,
1319 2781 1439 2812 eadem
1455 2791 1530 2823 quae
1542 2786 1582 2813 ‚et

887 2836 1021 2867 Hecate
1037 2838 1072 2864 et
1088 2832 1214 2872 Diana,
1229 2835 1266 2862 ut
1285 2831 1390 2872 nocti,
1408 2831 1457 2863 sic
1481 2841 1582 2864 vene.-
