1916 3262
392 306 504 348 1462

391 410 428 440 in
441 413 532 440 tuum
546 409 713 441 honorem.

433 460 453 489 8
469 458 594 489 Lasciva·
607 459 720 489 soboles
728 457 851 498 gregis]
865 457 987 498 Gregis
999 459 1073 490 lux·

390 507 518 546 uriosi3
550 513 602 538 est
627 508 714 538 enim
738 516 840 547 capra
862 507 982 539 animal
1007 509 1073 540 las-

392 556 512 588 civum.

431 607 452 635 9
475 604 577 635 Atrox
591 603 665 633 hora
684 603 853 644 c'aniculae]
867 604 974 635 Vocat
995 604 1072 635 ‘ito-

390 661 459 683 ram
491 651 684 686 Caniculae,'
709 656 815 683 totum
842 653 904 684 hoc
929 657 1073 692 tempus,

390 710 455 740 quo
469 700 558 731 sidus
580 700 662 730 iilud
685 709 786 740 grave
807 700 999 732 mortalibus
1022 701 1071 731 in-

391 749 541 780 cumbit:
571 753 606 779 ut
639 749 750 788 Epist.
781 749 822 780 ad
851 750 1044 782 Quinctium
1061 759 1070 780 :

389 799 398 816 ‘
417 799 622 829 Incolumem
645 799 705 829 tibi
729 807 779 829 me
803 802 968 838 praestant
988 799 1071 838 Sep-

390 847 575 879 tembribus
602 847 713 878 horis.'
744 848 754 865 ‘
773 847 986 888 Septembres
1014 846 1072 877 ito-

390 905 445 927 ras
456 895 466 909 ’
489 905 549 935 pro
569 905 682 927 mense
697 895 782 935 ipso,
797 901 898 937 atque
913 896 996 926 adeo
1013 904 1072 934 pro

390 944 552 976 Autumni
569 950 771 985 tempestate
789 946 910 985 posuit.
954 944 1074 975 Oritur

389 998 501 1024 etitem
523 994 624 1026 Canis
649 1003 727 1025 xvr.
750 994 827 1024 Kal.
841 993 995 1033 Augusti,
1017 1001 1072 1023 oc-

390 1042 506 1073 cidens
527 1047 605 1082 post
629 1042 701 1072 dies
714 1044 767 1072 40.
786 1042 842 1082 qui
857 1046 893 1072 et
906 1042 915 1058 ‘
928 1041 1073 1072 Canicu-

389 1091 478 1121 lares
494 1090 503 1103 ’
528 1090 607 1121 inde
622 1091 857 1130 appellantur:
883 1090 916 1120 in
932 1089 1072 1129 ejusque

389 1143 465 1170 ortu
494 1138 580 1168 Solis
608 1147 748 1177 vapores
778 1137 1012 1173 incenduntur,
1037 1141 1073 1168 et

390 1198 488 1219 canes
510 1185 588 1218 toto*
603 1197 644 1219 eo
670 1188 778 1228 spatio
799 1188 943 1218 maxime
966 1187 1000 1217 in
1022 1196 1073 1217 ra-

392 1237 480 1268 biem
496 1242 653 1276 aguntur,
675 1236 816 1276 perinde
837 1236 966 1267 scilicet
983 1245 1023 1266 ac
1045 1236 1072 1266 si

388 1286 530 1316 nominis
547 1285 632 1316 ratio
649 1285 812 1325 quandam
827 1284 946 1315 sideris
971 1289 1073 1325 atque

390 1333 542 1364 animalis
556 1331 743 1371 συμπάθειαν
755 1333 906 1363 inducat.
931 1332 1072 1364 Torreat.

392 1381 563 1421 Caniculae]
589 1381 756 1412 Caniculae
782 1385 919 1411 exortus
934 1379 1073 1420 quinde-

389 1430 454 1461 cim
477 1429 548 1460 dies
573 1434 653 1460 ante
676 1429 840 1461 Calendas
866 1429 1009 1469 Augusti
1026 1429 1072 1459 in-

392 1483 510 1520 gentes
523 1479 649 1510 calores
664 1478 778 1509 infert.

432 1530 471 1558 to
495 1528 601 1558 Nescit
616 1527 757 1567 tangere]
783 1525 910 1567 Nequit
929 1529 1071 1565 tangere

389 1581 528 1617 propter
542 1575 690 1610 frondes,
708 1584 782 1615 quae
804 1575 883 1606 solis
902 1575 988 1605 ictus
1014 1575 1072 1606 abs

390 1630 423 1656 te
451 1625 646 1655 excludunt.
688 1625 805 1663 Frigus
827 1624 971 1664 amabile]
1001 1628 1072 1654 Δια-

390 1673 501 1709 στολή.
531 1673 592 1703 Est
606 1673 695 1703 enim
710 1672 843 1712 aliquod
857 1672 963 1712 frigus
979 1678 1073 1703 natu-

389 1731 435 1753 rae
452 1721 618 1752 inimicum
633 1725 669 1751 et
685 1719 907 1751 mortiferum.
949 1720 1074 1752 Praebes

387 1780 467 1811 ergo
475 1770 585 1809 frigus
596 1769 708 1809 pecori,
723 1769 817 1809 quasi
831 1768 979 1799 diceret:
1004 1770 1074 1800 De-

386 1819 496 1851 fendis
519 1822 671 1850 aestatem
694 1818 804 1857 pecori
835 1826 932 1858 vago,
953 1827 1074 1858 nempe

388 1869 504 1901 ovibus
519 1873 554 1899 et
577 1868 726 1909 capellis.
761 1867 900 1900 [anubin.
951 1868 1077 1908 [Nescis

389 1917 553 1958 Gueiph.]

431 1969 472 1998 12
493 1966 633 2004 Proebes,
647 1969 678 1996 et
690 1965 806 2005 pecori]
819 1965 869 1996 Tu
879 1964 985 2006 frigus
995 1975 1074 2005 sup-

388 2015 520 2055 peditas
544 2014 656 2054 pecori
679 2014 847 2044 sitibundo
861 2013 1076 2054 delectabile,

387 2067 527 2103 propter
541 2071 635 2102 aquae
651 2067 775 2100 potum.

431 2114 471 2142 18
494 2111 570 2142 Fies
582 2109 742 2149 nobilium]
772 2111 822 2141 Tu
842 2120 974 2151 quoque
989 2120 1073 2142 unus

389 2159 542 2192 efficieris
571 2167 613 2189 ex
639 2158 805 2189 nobilibus
834 2158 994 2197 fontibus,
1021 2168 1073 2190 me

389 2213 532 2243 canente
544 2207 651 2238 ilicem
663 2206 756 2236 cavis
772 2206 960 2246 impositam
973 2207 1074 2247 saxis,

389 2267 408 2290 e
422 2257 543 2300 quibus
569 2255 753 2286 decurrunt
773 2255 918 2295 lymphae
942 2261 1009 2286 tuae
1027 2256 1073 2286 lo·

388 2316 526 2349 quaees,
542 2305 575 2336 id
594 2308 659 2343 est,
681 2312 756 2334 cum
773 2313 939 2334 murmure
955 2313 1074 2335 sonan-

387 2361 451 2388 tes.

430 2407 471 2435 14
488 2401 581 2434 Canis
595 2400 766 2440 impositam
779 2399 897 2439 ilicem]
913 2398 997 2430 Haec
1011 2401 1074 2431 sci-

387 2453 471 2484 licet
495 2459 612 2482 caussa
637 2453 688 2479 est
714 2447 860 2488 frigoris,
883 2448 971 2488 quod
995 2454 1074 2480 ante

388 2504 485 2542 dixit,
501 2507 535 2533 et
552 2501 595 2532 ob
611 2499 675 2531 ioci
691 2499 803 2536 situm,
824 2503 859 2529 et
880 2499 923 2530 ob
946 2499 1073 2540 impen-

387 2555 522 2585 dentem
538 2550 622 2581 ilicis
636 2547 798 2579 umbram.
820 2548 959 2579 Tor-rent.

431 2604 468 2632 15
492 2597 662 2639 Loquuces]
686 2597 740 2627 Ob
750 2596 940 2635 strepitum,
950 2606 989 2628 ac
999 2606 1072 2638 gra.

389 2655 459 2680 tum
473 2648 555 2679 iliud
571 2654 730 2684 murmur,
749 2653 814 2685 quo
832 2645 913 2676 mire
929 2645 1074 2676 delecta-

389 2706 474 2734 mur,
490 2705 599 2736 neque
615 2695 712 2725 aliter
726 2702 824 2734 quam
844 2698 946 2725 cantu
961 2693 1073 2735 aliquo

323 2772 331 2778 ,
390 2743 627 2784 symphoniaco
653 2740 826 2773 afficimur.
880 2741 1073 2783 Eademque

390 2793 516 2824 ratione
532 2791 639 2831 poetae
655 2790 789 2821 arbores
812 2790 914 2822 etiam
935 2800 974 2823 ac
995 2800 1074 2823 ven-

845 318 982 348 NO'PAE
1015 318 1271 351 VARIORUM
1304 320 1355 351 IN

1123 416 1174 443 tos
1197 412 1354 453 loquaces
1382 409 1529 443 faciunt:
1564 410 1659 452 virg¹
1685 410 1800 455 Belou,

1120 468 1185 492 vn.
1219 461 1230 478 ⁴
1243 460 1476 500 Argutumque
1497 469 1625 496 nemus,
1642 461 1802 503 pinosque

1121 508 1319 549 loquentes!
1343 508 1482 538 Tor-rent.

1123 556 1203 588 oon
1232 565 1309 588 xlv.
1344 555 1553 596 Παραινετική.
1574 578 1577 580 Δ
1595 556 1653 588 An
1682 557 1802 590 Poru-

1163 613 1236 636 Lum
1260 606 1460 637 Romnum.
1496 605 1581 637 Haec
1595 605 1673 637 Ode
1687 606 1803 638 laudes

1162 655 1311 686 continet
1332 655 1476 695 Augusti
1498 665 1540 686 ex
1563 655 1729 695 Hispanis
1744 655 1804 687 de-

1162 702 1259 733 victis
1275 703 1451 734 Cantabris
1468 703 1680 735 revertentis.

1164 753 1177 781 l
1205 751 1350 782 Herculis
1363 751 1445 792 m‘tu]
1479 752 1554 782 Duo
1570 755 1701 782 tuntum
1717 751 1804 783 bella

1120 802 1271 837 externa,
1280 800 1308 830 si
1322 801 1484 831 Suetonio
1498 800 1678 842 credimus,
1692 809 1754 841 per
1764 809 1803 832 se

1121 848 1222 886 gessit
1244 847 1438 889 Augustus3
1474 849 1698 880 Dalmaticum
1723 848 1804 880 ado·

1121 895 1248 926 lescens
1277 897 1395 936 adhuc,
1423 902 1459 929 et
1487 897 1632 929 Antonio
1667 897 1802 930 devicto

1122 944 1370 976 Cantabricum.
1421 946 1526 986 Cujus
1554 945 1634 977 belli
1661 946 1803 987 gerundi

1122 1001 1237 1023 caussa
1262 993 1430 1032 profectus
1450 994 1483 1024 iu
1504 994 1710 1034 Hispaniam,
1723 994 1804 1026 Tar-

1122 1049 1244 1071 racone
1263 1040 1320 1072 diu
1340 1041 1532 1080 aegrotavit‚
1554 1046 1656 1082 atque
1678 1041 1803 1073 ibidem

1121 1087 1163 1119 A.
1179 1088 1222 1120 U.
1239 1089 1276 1120 C.
1293 1091 1367 1120 ⁷3⁷.
1389 1098 1428 1120 ac
1450 1090 1604 1130 sequenti
1629 1089 1712 1120 dnos
1727 1099 1804 1121 con-

1122 1136 1246 1167 sulatus
1262 1137 1359 1175 iniit3
1380 1146 1449 1168 rem
1472 1137 1602 1168 interea
1623 1146 1685 1178 per
1702 1138 1805 1169 duces

1122 1194 1199 1216 suos
1225 1190 1326 1226 atque
1347 1186 1475 1226 legatos
1497 1185 1646 1218 feliciter
1671 1195 1804 1227 gerens.

1122 1234 1206 1265 Inde
1222 1235 1326 1274 igitur
1340 1243 1415 1266 cum
1434 1239 1673 1274 reverteretur,
1688 1235 1805 1266 carmi·

1122 1292 1164 1314 ne
1188 1284 1251 1314 hoc
1278 1283 1439 1324 populum
1466 1284 1562 1314 Rom.
1587 1282 1630 1314 ad
1653 1283 1804 1315 letitiam

1121 1331 1278 1363 invitavit
1294 1331 1468 1363 Horatius.
1502 1332 1642 1364 Torreat.
1683 1332 1808 1364 Hem-

1121 1380 1158 1410 lis
1171 1380 1252 1420 ritu]
1275 1381 1371 1411 Ordo
1393 1384 1468 1411 est:
1496 1380 1528 1411 Ο
1551 1380 1659 1420 plebs,
1677 1381 1805 1420 Cessat,

1121 1427 1230 1458 dictus
1242 1427 1378 1467 petiisse
1387 1428 1513 1458 laurum
1522 1428 1673 1458 venalem
1685 1432 1804 1467 morte,

1120 1475 1219 1506 modo
1244 1476 1352 1506 victor
1366 1475 1410 1506 ab
1434 1475 1586 1516 Hispana
1604 1485 1662 1508 ora
1678 1478 1806 1518 repetit

1119 1529 1260 1564 penates
1277 1524 1433 1555 Herculis
1452 1524 1530 1565 ritu,
1545 1524 1578 1555 id
1593 1530 1660 1565 est,
1674 1530 1710 1556 ut
1724 1525 1803 1556 olim

1119 1572 1295 1612 Hercules,
1317 1573 1468 1604 extincto
1497 1573 1666 1613 Geryone.
1710 1574 1805 1605 Modo

1118 1621 1233 1661 dictus]
1265 1622 1305 1652 Id
1329 1626 1390 1661 est,
1407 1623 1463 1662 qui
1485 1622 1595 1653 dictus
1621 1626 1673 1653 est
1688 1623 1729 1654 ab
1745 1623 1805 1653 ali-

1120 1670 1239 1710 quibus
1274 1669 1317 1700 ad
1351 1670 1507 1701 Herculis
1544 1671 1804 1707 aemulationem,

1120 1718 1176 1758 qui
1186 1718 1378 1758 Geryonem
1390 1718 1515 1750 cecidit
1525 1719 1713 1756 innocuum,
1724 1730 1805 1761 qus-

1122 1768 1150 1798 si
1164 1768 1248 1798 alter
1263 1768 1440 1809 Hercules,
1453 1777 1512 1809 spe
1523 1769 1646 1809 praedoe
1658 1770 1805 1801 insontes

1123 1816 1209 1847 velle
1224 1817 1402 1857 lacessere,
1417 1826 1478 1848 nec
1495 1818 1560 1849 tale
1578 1817 1658 1859 quid
1672 1826 1805 1858 protue-

1123 1865 1202 1896 ritos
1215 1865 1416 1897 Cantabros.
1439 1865 1535 1906 Cruq.

1164 1917 1184 1945 2
1213 1914 1354 1945 Venalem
1365 1914 1504 1954 petiisse]
1527 1913 1708 1946 Victoriam
1719 1921 1806 1946 mor-

1122 1963 1165 1994 tis
1179 1967 1378 2004 contemptu
1392 1963 1587 1996 emendam:
1609 1963 1702 1995 lauro
1717 1964 1804 1995 enim

1120 2012 1365 2043 coronabantur
1379 2012 1535 2043 victores.

1163 2062 1181 2090 8
1205 2060 1330 2098 Repetit
1339 2059 1480 2098 penates]
1508 2060 1650 2090 Domum
1665 2059 1763 2090 redit.

1163 2110 1181 2137 5
1209 2107 1305 2137 Unico
1319 2108 1459 2145 gaudens
1479 2106 1601 2146 mulier]
1637 2107 1802 2139 Matronae

1121 2154 1335 2195 periphrasis,
1352 2155 1492 2186 maxime
1518 2155 1620 2186 Livioe
1646 2156 1804 2188 Drusinae

1121 2203 1292 2242 Augustae,
1306 2203 1398 2243 cujus
1412 2203 1546 2234 laudata
1561 2204 1594 2235 in
1611 2204 1725 2244 primis
1746 2214 1804 2245 pu·

1121 2252 1250 2293 dicitis,
1265 2254 1416 2294 quamvis
1433 2259 1469 2285 et
1493 2253 1728 2285 formosissima
1753 2263 1803 2285 es-

1120 2306 1184 2340 set,
1213 2306 1249 2332 et
1277 2302 1388 2333 mariti
1416 2312 1562 2334 amorum
1592 2312 1658 2334 non
1681 2303 1805 2343 ignara.

1122 2351 1235 2383 Quare
1252 2355 1368 2390 rogata
1383 2360 1446 2391 qua
1467 2352 1594 2382 ratione
1617 2351 1803 2391 Augustum

1121 2400 1184 2430 sibi
1199 2400 1248 2430 ita
1263 2400 1441 2431 obnoxium
1462 2399 1612 2440 fecisset,
1631 2399 1804 2432 Pudicitia

1121 2448 1296 2489 respondit.
1318 2454 1420 2490 atque
1443 2449 1612 2489 obsequio,
1634 2453 1732 2490 atque
1753 2459 1804 2481 res

1120 2498 1192 2538 ejus
1219 2498 1392 2529 Venereas
1419 2506 1482 2529 nec
1506 2498 1714 2538 inquirendo,
1741 2508 1805 2530 nec

1121 2547 1362 2587 persequendo.
1404 2547 1531 2577 Eadem
1568 2546 1672 2577 nudos
1709 2555 1804 2587 quos-

1121 2596 1197 2626 dam
1218 2595 1280 2626 sibi
1297 2596 1424 2636 obvios,
1439 2605 1512 2626 cum
1533 2595 1637 2626 veluti
1653 2596 1804 2636 majesta-

1122 2645 1164 2676 tis
1195 2654 1267 2676 reos
1295 2644 1479 2683 periclitari
1512 2649 1681 2684 cerneret,
1706 2644 1802 2674 morti

1120 2693 1261 2733 eripuit;
1284 2692 1374 2734 quod
1389 2692 1518 2724 diceret
1539 2692 1628 2732 apud
1648 2692 1801 2723 mulieres

1121 2741 1274 2782 pudicas,
1299 2741 1403 2772 nudos
1430 2741 1504 2772 illos
1533 2740 1612 2771 nibil
1637 2750 1657 2771 a
1678 2740 1800 2771 statuis

1120 2790 1266 2822 differre.
1296 2790 1421 2821 Auctor
1434 2789 1502 2821 Dio
1517 2788 1572 2820 lib.
1587 2796 1688 2819 svnt.
1715 2787 1799 2819 Sunt
