1930 3204
518 298 727 330 HORATll
762 299 1035 329 οΑιῑΜιΝυΜ
1072 298 1165 328 mu.
1196 299 1260 328 lv.
1290 287 1332 329 8.

184 390 297 423 Vand.
313 400 369 433 ap.
383 391 525 431 Bothe.]

226 443 248 471 9
270 440 332 472 Sed
345 451 406 472 non
421 442 486 472 haec
507 441 571 481 vie]
595 439 750 471 Honesta
774 447 877 469 excu-

183 490 286 530 satio,
298 501 318 522 a
333 491 501 522 tenuitate
515 489 674 521 fortunae.
704 486 776 527 Vis]
794 487 880 518 Haec

183 538 333 572 facultas
345 541 426 571 mihi
443 549 510 571 non
521 543 584 571 est.

227 594 268 623 10
295 592 358 623 Res
375 592 438 632 est]
462 592 530 622 Res
550 588 741 620 familiaris.
761 586 880 619 Abun-

185 642 244 674 das
261 646 298 674 tu
314 642 451 684 quidem
465 640 588 672 talibus
598 639 730 670 deliciis
745 647 821 669 cum
833 647 882 676 re,

183 695 255 724 tum
268 692 390 724 animo.
427 688 634 728 Deliciarum]
658 689 744 721 Quae
762 688 882 728 vulgus

181 742 286 773 habet
301 742 335 773 in
352 741 496 773 deliciis.
541 738 668 780 [Codd.
686 748 742 779 ap.
760 736 883 773 Jaeck,

182 791 392 831 divitiarum]

226 844 268 873 12
290 841 435 872 Pretium
449 840 550 871 dicere
578 838 714 878 muneri]
739 838 886 879 Elegan-

183 890 251 922 tius
273 900 372 932 quam
396 890 542 922 muneris.
587 889 742 920 Pretium
770 894 884 920 autem

184 939 296 981 ponit,
325 943 386 971 aut
407 939 493 971 dicit
517 939 648 971 muneri
672 947 732 969 suo
756 937 887 978 Poeta5

183 998 261 1021 cum
292 989 405 1021 verbis
449 989 532 1020 illud
563 987 730 1026 ornando,
764 988 885 1029 quanti

183 1037 379 1070 faciendum
405 1039 461 1078 sit,
489 1037 660 1076 ostendit;
689 1038 887 1070 immortali-

187 1090 296 1119 tatem
313 1089 416 1119 etiam
432 1088 575 1119 nominis
588 1087 662 1127 ejus
679 1097 778 1128 quem
795 1088 885 1119 cele-

185 1137 265 1170 brat
282 1139 486 1179 pollicendo.
505 1139 595 1169 Torr.
620 1139 768 1169 Pretium
785 1139 888 1171 dicere

185 1187 323 1228 muneri]
356 1188 436 1219 Non
459 1188 532 1219 vult
556 1197 615 1218 sua
639 1189 788 1219 carmina
811 1198 887 1219 esse

184 1247 307 1269 munus
330 1237 482 1279 aliquod,
497 1247 574 1278 quae
597 1237 726 1268 donare
752 1242 886 1278 potest:

189 1297 307 1319 verum
323 1288 436 1319 dicere
460 1287 591 1318 illorum
617 1287 776 1327 pretium,
799 1288 890 1318 aesti-

186 1337 370 1368 mationem
385 1347 395 1375 ;
444 1345 566 1376 nempe
608 1336 699 1376 quod
745 1337 887 1376 amplius

186 1390 352 1426 prestare
396 1386 539 1425 possint,
579 1394 678 1425 quiam
706 1394 799 1424 saxa,
829 1390 889 1416 aut

185 1443 354 1466 marmora
369 1434 459 1465 notis
476 1434 595 1472 incisa,
613 1435 676 1464 &m
698 1434 795 1474 Cruq.
844 1435 888 1465 Et

183 1485 321 1526 pretium
332 1483 449 1524 dicere]
466 1483 649 1514 Possumus
662 1483 775 1514 dicere
784 1493 886 1525 quam

187 1534 376 1576 pretiosum
385 1535 428 1565 sit
439 1543 557 1565 munus
570 1543 718 1574 carmen,
725 1539 760 1565 et
769 1534 888 1576 quanti

188 1583 434 1616 aestimandum.

232 1636 272 1665 1³
285 1634 360 1666 Non
369 1634 470 1665 ineisa
479 1635 575 1669 noeis,
587 1634 658 1675 Qun]
669 1634 797 1666 Sensus
810 1633 887 1665 talis

187 1686 262 1714 est:
287 1683 461 1714 Marmora
484 1683 630 1723 publicis
657 1684 745 1715 notis
770 1683 889 1722 incisa,

188 1737 226 1763 et
256 1735 403 1770 stetnae3
425 1737 496 1763 tum
527 1732 687 1771 picturae,
710 1733 743 1763 in
769 1733 888 1773 quibus

188 1779 274 1821 fuga
303 1779 484 1812 Annibalis
507 1786 543 1812 et
566 1782 725 1812 incendia
748 1782 890 1813 Cartha·

190 1830 280 1870 ginis
297 1839 458 1871 expressa
474 1834 564 1866 sunt,
579 1839 646 1861 nou
662 1831 786 1862 clarius
803 1832 890 1863 indi-

191 1879 320 1911 cabunt
347 1878 467 1910 laudes
497 1879 570 1919 ejus
610 1880 792 1920 Scipionis,
834 1882 891 1922 qui

192 1938 380 1970 cognomen
391 1927 544 1960 Africani
558 1929 704 1970 adeptus
715 1935 780 1969 est,
789 1941 890 1972 quam

193 1978 351 2011 Calabra
369 1979 536 2010 Pierides.
582 1979 687 2010 Incisa
702 1981 784 2012 notis
791 1982 892 2021 publi-

191 2028 254 2069 oie]
298 2028 461 2059 Marmora
474 2028 556 2059 notis
567 2028 700 2068 publicis
720 2030 820 2062 incisa
835 2041 892 2062 vo-

191 2082 261 2118 cat,
270 2077 497 2119 quae'publice
511 2079 683 2118 proposita
693 2089 893 2121 magnorum

192 2127 340 2160 virorum
355 2137 410 2159 res
426 2132 541 2168 gestas
557 2130 758 2169 compendio
783 2131 892 2162 conti-

191 2178 332 2210 nebant.
376 2179 492 2212 Quare
506 2178 516 2195 ‘
529 2183 627 2210 notas
639 2178 647 2192 '
664 2180 775 2219 potius
793 2190 892 2221 quam

190 2227 200 2246 ‘
211 2227 361 2260 litteras’
376 2229 546 2269 appellat:
564 2229 629 2260 loci
642 2230 730 2261 enim
744 2231 893 2271 angusti,

192 2277 316 2310 sivein
332 2287 471 2310 arcuum
490 2278 742 2319 triumphalium
765 2279 892 2320 fronte,

194 2328 314 2359 sivein
337 2332 528 2359 statuarum
549 2327 633 2366 basi,
660 2328 793 2368 integre
817 2340 894 2370 per·

195 2376 345 2408 scribere
362 2377 474 2406 omnia
493 2386 560 2406 non
576 2377 746 2408 sinebant.
792 2379 894 2410 Notis

196 2434 279 2465 ergo
294 2424 368 2456 fere
385 2424 583 2457 utebantur.
606 2425 705 2457 Quod
723 2435 804 2458 vero
816 2427 895 2467 pub-

196 2474 267 2506 licis
295 2473 466 2515 adjungit,
497 2473 532 2504 id
562 2483 603 2505 eo
631 2475 734 2506 etiam
765 2475 895 2507 referre

197 2523 318 2565 possit,
330 2523 422 2564 qnod
439 2532 506 2554 non
522 2523 587 2554 nisi
601 2523 740 2563 publica
753 2525 896 2556 Senatus

200 2582 241 2605 ac
256 2573 374 2614 populi
389 2573 487 2603 Rom.
509 2576 548 2603 ut
562 2577 682 2612 postea
704 2574 896 2615 principum

199 2622 419 2659 auctoritate,
429 2622 488 2662 jus
505 2626 630 2653 statuae
646 2632 809 2663 usurpare
822 2633 897 2664 per-

199 2671 414 2704 mittebatur.
431 2672 573 2703 Torreat.
609 2672 682 2703 Non
691 2673 790 2704 incisa
800 2674 898 2715 notis]

201 2721 335 2754 Statuae
365 2731 562 2754 marmoreae
587 2722 695 2752 titulis
718 2731 737 2752 a
764 2723 899 2764 Repub-

201 2771 291 2804 datis
313 2776 442 2804 notatoe
457 2781 526 2804 non
542 2771 768 2804 reddiderunt
790 2773 898 2814 Scipi-

201 2832 298 2855 onem
314 2823 503 2859 clariorem,
527 2832 627 2863 quam
644 2822 742 2854 Ennii
758 2824 899 2865 scripta.

1523 291 1636 332 1515

977 391 1015 419 14
1029 389 1092 420 Per
1105 398 1174 429 quae
1188 389 1335 428 spiritus]
1361 388 1446 420 Quae
1463 388 1631 430 efficiunt,

932 441 972 469 ut
987 437 1140 469 homines
1156 436 1262 469 fortes
1278 439 1380 469 etiam
1393 439 1519 469 mortui
1534 441 1639 480 quod-

933 487 1088 519 ammodo
1105 487 1323 519 reviviscant.

977 540 1015 568 15
1043 537 1278 577 Celeresfugoe]
1301 537 1480 568 Annibalis
1492 537 1639 577 scilicet,

933 596 1026 625 cum,
1042 587 1203 618 traducto
1217 597 1279 627 per
1290 587 1486 627 Scipionem
1498 586 1532 617 in
1548 585 1639 618 Afri-

934 646 1007 668 cam
1017 637 1122 678 bello,
1133 637 1288 668 deserere
1298 637 1444 674 Italiam,
1452 637 1506 668 cui
1516 636 1640 668 infesto

933 689 1091 720 exercitu
1109 689 1346 730 incumbebat,
1363 694 1398 720 et
1413 688 1535 729 patriae
1548 687 1639 719 ferre

934 738 1095 769 auxilinm
1110 739 1310 779 cogebatur.
1335 739 1477 769 Torrent.

978 791 1018 820 16
1045 788 1238 829 qu‘ecloeque
1262 787 1448 828 retrorsum]
1475 788 1639 829 Repulsae

935 839 968 870 in
986 837 1152 878 Africam,
1176 838 1311 880 quando
1327 847 1369 868 ex
1386 837 1489 869 Italia
1504 836 1642 877 fugatus

937 894 991 921 est
1021 889 1178 920 Annibal.
1195 889 1205 900 ⁶
1225 889 1350 929 [Codd.
1378 899 1434 930 ap.
1464 888 1574 921 Jaeck
1604 892 1640 918 et

937 940 1054 979 Fenm,
1069 939 1295 981 Dczy‘ectoeque]

980 991 1020 1020 1⁷
1050 989 1175 1030 Impiae]
1198 988 1414 1029 Carthaginis
1430 987 1638 1029 foedifragae.

940 1037 1028 1069 Nam
1045 1044 1165 1069 contra
1179 1037 1287 1069 foedus
1303 1048 1377 1069 cum
1396 1039 1557 1069 Romanis
1575 1039 1639 1069 ini-

939 1088 1157 1126 tum‚bellum
1173 1088 1382 1118 renovabant
1397 1087 1642 1125 Carthaginen-

938 1146 1003 1167 ses.
1025 1136 1097 1178 [Al.
1114 1146 1167 1175 ap.
1183 1137 1305 1172 Jaeck,
1324 1137 1397 1167 Non
1409 1135 1590 1176 atipendiu.]

982 1189 1023 1218 18
1047 1185 1141 1226 Ejus]
1174 1186 1351 1226 Cnujunge
1375 1187 1440 1225 ejus
1460 1194 1536 1216 cum
1556 1194 1639 1216 voce

939 1237 1056 1268 laudes.
1082 1235 1177 1275 Ejus]
1200 1235 1379 1276 Scipionis,
1391 1235 1449 1276 qui
1463 1234 1504 1266 ab
1518 1233 1641 1266 Africa

941 1287 1068 1318 domita
1084 1285 1197 1316 dictus
1214 1290 1268 1316 est
1285 1284 1479 1315 Africanus.

982 1339 1024 1367 20
1043 1335 1186 1367 Calabrae
1201 1335 1361 1374 Pierides]
1386 1335 1486 1365 Ennii
1502 1335 1643 1374 scripta.

941 1385 1069 1415 Ennius
1087 1389 1200 1414 autem
1219 1383 1351 1422 Rodiis,
1363 1383 1453 1422 quod
1469 1383 1642 1414 Calabriae

940 1433 1101 1474 oppidum
1118 1432 1196 1473 fuit,
1216 1437 1314 1462 uatus
1331 1436 1397 1470 est,
1423 1435 1513 1463 teste
1528 1432 1642 1463 Gellio

938 1483 996 1513 lib.
1021 1490 1114 1513 xvn.
1143 1491 1220 1521 cap.
1245 1481 1307 1512 ult.
1331 1479 1375 1511 A.
1392 1481 1436 1512 U.
1454 1481 1582 1512 c.514.
1598 1481 1642 1513 Q.

939 1532 1078 1563 Valerio
1095 1531 1250 1570 Faltoue,
1265 1534 1300 1561 et
1316 1530 1358 1561 C.
1381 1530 1537 1561 Mamilio
1558 1531 1644 1561 Tur-

937 1582 1010 1614 rino
1025 1582 1120 1613 Coss.
1135 1581 1178 1612 P.
1191 1581 1341 1621 Scipioni
1353 1579 1532 1621 Africano,
1542 1590 1644 1622 quem

938 1632 1085 1663 maxime
1119 1631 1234 1666 coluit,
1267 1631 1366 1661 unice
1394 1640 1506 1670 carus,
1547 1632 1645 1672 cujus

939 1682 1044 1713 etiam
1056 1691 1110 1711 res
1123 1686 1239 1720 gestas
1251 1680 1434 1711 Annalium
1445 1680 1542 1710 libris
1555 1690 1644 1712 com-

940 1731 1060 1771 plexus
1077 1735 1142 1761 est.
1188 1730 1334 1761 Calabroe
1347 1729 1508 1768 Pierides]
1530 1730 1644 1762 Quam

940 1789 1057 1811 versus
1067 1779 1179 1814 Ennii.
1194 1780 1250 1819 qui
1267 1778 1333 1810 fuit
1349 1779 1507 1810 Calaber.
1533 1779 1645 1812 Musae

941 1828 1045 1860 dictae
1069 1833 1148 1859 sunt
1171 1828 1343 1868 Pierides,
1359 1838 1378 1858 a
1401 1827 1505 1860 Piero
1528 1834 1645 1862 monte

941 1879 1102 1917 Boeoti-«e,
1132 1878 1187 1909 ubi
1211 1883 1302 1910 natae
1325 1882 1404 1909 sunt
1425 1887 1468 1910 ex
1491 1878 1579 1911 Jove
1606 1886 1643 1911 et

942 1929 1184 1968 Mnemosyne.

984 1981 1026 2009 21
1050 1977 1087 2009 Si
1099 1979 1218 2009 chartae
1232 1977 1361 2018 sileant]
1383 1977 1418 2009 Si
1437 1985 1535 2009 nemo
1551 1983 1646 2010 recte

942 2025 1035 2059 facta
1064 2027 1173 2058 literis
1199 2027 1426 2066 mandaverit,
1460 2028 1553 2059 nulla
1579 2029 1647 2060 erit

943 2086 1059 2108 eorum
1093 2086 1239 2117 merces,
1273 2076 1402 2107 nullum
1442 2077 1617 2117 praemium
1635 2088 1645 2108 :

943 2130 1044 2157 erunt
1068 2130 1181 2156 autem
1205 2125 1356 2157 tenebris
1371 2126 1508 2165 sepulta
1524 2126 1646 2166 sempi-

945 2175 1063 2207 ternis.
1119 2175 1287 2216 [Guelph.
1320 2175 1372 2215 qui
1403 2175 1477 2206 bene
1504 2175 1648 2213 seceris,·

943 2224 1056 2256 Vand.
1070 2234 1125 2265 ap·
1142 2225 1269 2264 Bothe,
1285 2227 1365 2265 quod
1381 2225 1484 2266 bona]

987 2277 1029 2305 22
1053 2274 1229 2305 Mercedem
1245 2273 1371 2313 tuleris]
1394 2274 1578 2306 Praemium
1596 2284 1648 2305 ac-

944 2324 1088 2364 ceperis.
1134 2323 1219 2360 Quid
1230 2323 1320 2361 foret
1337 2323 1425 2363 Iziae]
1449 2323 1540 2357 Quid
1557 2323 1649 2355 foret

945 2372 1112 2403 Romulus
1127 2372 1216 2411 Iliae,
1231 2377 1267 2403 et
1282 2373 1405 2404 Martis
1422 2372 1521 2413 filius,
1546 2373 1574 2404 si
1589 2382 1648 2403 ne-

945 2431 1000 2452 mo
1014 2421 1064 2452 sni
1081 2421 1226 2452 nominis
1241 2422 1438 2453 memoriam
1454 2421 1650 2462 posteritati

946 2470 1127 2512 proderet?

988 2523 1031 2551 24
1054 2519 1169 2550 Invida
1186 2520 1327 2560 Romuli]
1345 2519 1526 2550 Silentium
1538 2518 1582 2549 de
1599 2527 1651 2549 re-

947 2569 1010 2600 bus
1033 2569 1198 2609 praeclare
1229 2570 1334 2607 gestis
1357 2568 1493 2599 videtur
1515 2568 1648 2600 illorum

949 2618 1065 2660 gloria>
1082 2617 1246 2656 invidere,
1259 2618 1301 2647 de
1317 2618 1437 2658 quibus
1455 2618 1588 2648 siletur.

990 2671 1031 2699 25
1061 2667 1208 2706 Ereptum
1225 2666 1368 2707 Stygiis]
1394 2666 1531 2697 AEacum
1549 2675 1648 2707 erep-

949 2723 1021 2750 tum
1057 2716 1159 2747 morti
1193 2720 1230 2747 et
1260 2716 1434 2747 oblivioni.
1501 2716 1649 2756 AEacum]

951 2769 1053 2801 Hunc
1065 2767 1152 2800 Jove
1166 2770 1202 2798 et
1218 2766 1336 2807 AEgina
1349 2771 1477 2803 natum,
1489 2775 1565 2798 cum
1581 2768 1649 2798 Mi-

950 2819 1013 2851 noe
1046 2822 1082 2850 et
1111 2817 1380 2858 Rhadamantho,
1408 2816 1452 2849 ob
1481 2817 1647 2859 insignem
