1916 3262
355 261 465 303 1204

354 363 568 404 Permutet
586 363 797 408 dominos,
815 364 857 401 et
874 359 1001 400 cedat
1020 361 1064 400 in
1083 361 1213 404 altera
1226 361 1338 413 jura.

353 428 427 469 Sic
446 429 549 480 quia
570 431 803 480 perpetuus
823 425 929 464 nulli
950 424 1074 464 datur
1094 437 1211 475 usus,
1230 431 1275 466 ot
1291 426 1425 467 haeres

352 493 579 534 Haeredem
597 492 785 539 alterius,
803 491 922 532 velut
935 490 1053 530 unda
1072 491 1315 543 supervenit
1333 491 1491 531 undam
1507 503 1517 540 ;

327 551 333 558 ⁴
351 558 470 608 Quid
490 559 576 599 vici
596 562 787 610 prosunt,
808 560 883 597 aut
901 556 1082 597 horrea?
1113 556 1270 608 quidve
1289 556 1483 598 Calabris

352 623 544 664 Saltibus
564 623 722 675 adjecti
740 622 922 670 Lucani,
942 622 980 661 si
998 621 1118 661 metit
1137 620 1280 663 Orcus

351 688 544 729 Grandia
564 701 660 728 cum
679 688 840 740 parvis,
860 699 943 727 non
963 687 1201 728 exorabilis
1220 688 1353 728 auro‘!

350 752 570 802 Gemmas,
592 765 787 800 marmor,
808 753 925 801 ebur,
944 751 1168 804 Tyrrhena
1187 752 1344 803 sigilla,
1363 752 1559 802 tabellas,

349 818 602 870 Argentum,
621 822 761 861 vestes
779 818 954 860 Gaetulo
974 817 1135 858 murice
1155 817 1324 866 tinctas,

351 884 462 924 Sunt
481 885 554 936 qui
571 897 655 924 non
674 884 873 932 habeant,
889 887 955 924 est
974 884 1048 936 qui
1064 896 1148 923 non
1167 889 1283 923 curat
1296 880 1466 924 habere.

351 949 438 990 Cur
456 949 563 990 alter
580 950 755 990 fratrum
775 961 960 998 cessare,
981 953 1025 990 et
1043 948 1203 996 ludere,
1222 951 1264 988 et
1283 947 1382 1000 ungi

814 272 856 308 Q.
887 263 1093 300 uoRATn
1126 270 1292 301 FnAcoi

1667 425 1756 467 -175

1673 750 1756 792 180

348 1044 484 1077 lentium.
510 1047 563 1074 aut
589 1053 643 1083 per
665 1047 802 1075 mortem.
848 1045 998 1080 Quoniam
1019 1044 1119 1083 igitur
1141 1053 1226 1075 nemo
1248 1043 1336 1074 habet
1355 1053 1441 1075 usum
1460 1046 1644 1083 perpetuum,
1664 1046 1756 1082 atque

348 1085 445 1115 lioeres
467 1086 582 1115 haeredi
604 1086 683 1115 sicut
696 1086 817 1125 fluctus
839 1087 954 1126 fluctui
977 1086 1110 1116 succedit
1118 1095 1131 1122 ;
1153 1085 1226 1125 quid
1255 1084 1415 1125 proficiunt
1440 1085 1523 1115 viltoe
1550 1088 1603 1115 aut
1628 1085 1758 1115 horrea?

347 1135 488 1164 quorsum
500 1126 618 1156 Lucam*
632 1127 702 1165 agri
717 1127 860 1156 Calabris
873 1127 1020 1164 adjuncti,
1030 1127 1059 1158 si
1072 1136 1183 1165 magna
1196 1136 1346 1166 parvaque
1356 1126 1467 1165 abripit
1481 1135 1562 1156 mors
1571 1134 1757 1164 nequaqnam

346 1175 423 1196 auro
443 1167 619 1204 placabilis?
659 1167 808 1206 ΙΛφὶἰΙοε,
820 1177 963 1208 marmor,
979 1168 1064 1206 ebur,
1079 1168 1212 1198 Etrusca
1225 1167 1326 1206 signu,
1344 1167 1490 1206 picturas,
1503 1169 1676 1205 argentum,
1689 1175 1754 1196 vec·

347 1211 394 1237 tes
411 1208 565 1238 Goetulica
583 1217 718 1247 purpura
737 1209 848 1238 tinctas
867 1209 956 1239 multi
975 1218 1033 1239 mm
1051 1208 1205 1248 possident
1214 1218 1227 1245 ,⁸
1248 1208 1370 1248 quidam
1383 1217 1436 1238 nec
1449 1208 1574 1247 cupiunt
1592 1207 1756 1247 possidere.

350 1249 453 1283 Quare
465 1249 604 1286 fratrum
627 1250 708 1280 alter
729 1250 835 1289 otium,
858 1259 967 1290 nug-us,
992 1253 1148 1290 ung-uentu
1171 1250 1279 1281 habere
1298 1249 1384 1280 malit
1399 1258 1488 1289 quom
1506 1249 1607 1289 opima
1623 1248 1757 1289 palmeta

932 1331 970 1342 u
975 1330 1166 1343 cuonone

344 1373 424 1415 inde
438 1381 544 1413 Junta
557 1384 649 1413 1503.
666 1382 780 1412 Basill.
796 1383 888 1412 1527.
903 1383 996 1412 1531.
1011 1381 1098 1412 Dion
1115 1381 1156 1412 ab
1171 1381 1294 1412 Harsio
1310 1381 1415 1420 Lugd.
1428 1384 1521 1413 1538.
1532 1382 1641 1414 Pnlm.
1653 1382 1757 1424 Cruq.

346 1423 393 1454 H.
407 1423 523 1463 steph.
538 1423 678 1454 Chabot.
693 1424 813 1464 aliique
835 1432 899 1453 non
925 1423 1042 1462 pauci;
1065 1428 1101 1453 et
1127 1423 1215 1453 inter
1236 1423 1439 1454 recentiores
1461 1423 1755 1462 Baxterus‚Gesn.

347 1465 468 1495 Oberl.
493 1465 628 1499 Combe,
644 1465 751 1495 Wetz.
775 1464 930 1495 Zeunius.
953 1464 1155 1503 Rejecerant
1170 1464 1279 1495 Bentl.
1301 1468 1337 1494 et
1360 1463 1483 1494 Sanad.
1511 1467 1605 1494 morte
1618 1473 1756 1503 suprema

346 1506 445 1536 codd.
460 1510 494 1536 et
509 1505 584 1536 edd.
597 1507 697 1545 antiq.
708 1507 937 1536 omnes.—174
951 1506 1109 1536 Permutat
1125 1514 1207 1536 unns
1218 1514 1272 1545 ap.
1285 1505 1396 1536 Feam.
1415 1505 1514 1535 alteru
1526 1514 1600 1535 rura
1610 1505 1754 1536 Schoen-

345 1547 442 1577 born.
454 1549 590 1577 2.--175
614 1547 649 1577 Si
673 1557 732 1586 qua
755 1551 897 1586 quatuor
910 1547 1010 1578 codd.
1026 1547 1113 1578 Feae.
1156 1546 1195 1577 Si
1209 1546 1278 1586 quia
1291 1546 1560 1577 Schoenbornfcl.
1603 1545 1664 1576 Sed
1685 1546 1756 1586 quia

345 1588 410 1618 duo
426 1588 518 1626 Feae,
534 1597 617 1617 unus
629 1588 716 1627 apud
734 1588 844 1618 Pului.
864 1597 947 1618 nnus
960 1588 1056 1620 Torr.
1070 1597 1155 1618 unus
1170 1588 1287 1619 Oberl.
1301 1591 1440 1628 quatuor
1454 1587 1592 1618 Combe.
1619 1586 1629 1603 ‘
1639 1586 1754 1627 Adop-

344 1633 408 1666 tat,
424 1633 457 1658 et
471 1629 557 1659 maie
571 1633 683 1659 tuetur
697 1629 819 1659 Sanad.
834 1629 910 1659 inde
928 1629 1036 1660 Merv.
1048 1629 1134 1659 Phil.
1157 1628 1209 1659 Al.
1225 1628 1280 1659 Sic
1292 1629 1363 1668 quia
1373 1638 1386 1665 ,·
1400 1633 1436 1659 et
1448 1628 1534 1660 inter
1549 1629 1754 1659 recentiores

344 1673 464 1700 tenent
475 1670 574 1700 Baxt.
583 1670 695 1700 Bentl.
705 1670 807 1700 Gesn.
820 1669 968 1709 Sandby.
980 1670 1104 1700 Valart.
1115 1669 1232 1700 Oberl.
1243 1668 1521 1707 Combe‚Wakef.
1529 1670 1637 1700 Wetz.
1647 1669 1752 1700 zeun.

343 1710 409 1740 Sed
425 1710 452 1740 si
465 1711 549 1749 quia,
563 1715 686 1750 praeter
700 1711 783 1741 Mss.
800 1715 836 1740 et
851 1711 1024 1750 editiones,
1039 1711 1141 1741 etiam
1155 1710 1271 1748 habet,
1283 1714 1318 1740 et
1333 1711 1472 1749 exponit
1491 1711 1525 1741 in
1549 1714 1754 1742 commenta-

344 1752 396 1782 rio
412 1751 624 1791 ΡοιῬΙΨι-ἰο.1
634 1752 709 1782 Feu.
745 1751 850 1781 multis
865 1756 1016 1782 notatum
1030 1760 1071 1781 ex
1085 1750 1161 1781 cod.
1177 1751 1210 1780 in
1225 1760 1329 1787 marg.
1342 1750 1420 1781 Ald.
1439 1753 1530 1782 1⁵09.
1545 1751 1579 1780 in
1593 1750 1754 1784 Biblioth.

342 1792 624 1823 Barberin.-l76
646 1793 759 1822 Bentl.
775 1793 863 1831 conj.
878 1793 1121 1823 alterna—17⁷
1144 1792 1154 1808 ‘
1168 1792 1252 1827 Quid
1265 1792 1342 1822 vites
1354 1791 1495 1830 prosum]
1515 1791 1572 1822 Ita
1582 1792 1757 1823 contendit

344 1833 436 1865 Guil.
453 1834 588 1865 Canter.
606 1834 694 1864 Nov.
714 1834 808 1864 Lect.
821 1842 870 1864 ιν.
889 1836 938 1864 12.
955 1838 991 1864 et
1006 1839 1081 1873 post
1096 1842 1170 1863 eum
1186 1833 1369 1867 Marcilius.
1384 1833 1518 1872 aliique,
1531 1841 1574 1863 ex
1588 1832 1756 1872 conjectu-

343 1884 382 1905 ra
395 1885 403 1912 3
427 1879 462 1906 et
486 1875 574 1916 quod
599 1875 714 1914 legant
738 1874 827 1914 apud
853 1874 1117 1914 Porphyrionem
1140 1874 1259 1911 vineis;
1291 1873 1378 1904 unde
1400 1874 1478 1904 vites
1502 1872 1696 1911 reformant,
1717 1878 1755 1905 et

343 1916 527 1956 adoptant3
551 1919 757 1956 exponentes
771 1915 836 1946 vini
850 1916 993 1946 reditum.
1037 1914 1082 1946 At
1097 1915 1130 1945 in
1146 1915 1266 1946 mendo
1279 1914 1383 1946 cubat
1397 1915 1498 1946 lectio
1513 1914 1753 1955 Porphyrionis

344 1957 378 1987 in
393 1958 503 1988 editis.
545 1957 587 1987 In
611 1957 692 1987 Msn.
714 1957 792 1987 Vat.
815 1962 851 1987 et
874 1957 963 1987 Cliis.
982 1958 1065 1987 bene
1078 1957 1150 1987 vici.
1194 1957 1240 1987 Et
1254 1956 1387 1996 quidem
1411 1957 1472 1987 vici
1495 1957 1668 1996 eleganter
1691 1956 1753 1996 pro

343 1998 600 2037 magnificentia,
616 2002 652 2028 et
665 1997 792 2028 divitiis
806 1997 973 2028 immensis
985 1997 1228 2028 Romanorum!
1241 1997 1420 2028 fem—178
1430 1997 1506 2028 Vat.
1517 1999 1548 2028 9.
1563 2001 1599 2027 et
1611 1997 1753 2028 Schoen-

344 2038 439 2070 born.
453 2042 484 2070 4.
498 2039 528 2069 si
539 2041 749 2070 melna—182
772 2038 869 2070 Gott.
886 2038 1000 2070 Zarot.
1015 2043 1051 2069 et
1066 2038 1181 2069 Bentl.
1194 2041 1295 2069 curat.
1337 2038 1419 2070 Tres
1433 2038 1532 2069 codd.
1549 2047 1603 2078 ap.
1622 2038 1751 2070 Volan-

977 2124 1115 2157 NOTAE

1073 2196 1130 2218 vas
1145 2195 1184 2218 ex
1199 2185 1346 2225 Etruria,
1356 2195 1452 2227 quam
1465 2186 1631 2227 regionem
1644 2187 1751 2228 primo

1071 2237 1282 2269 incoluerunt
1297 2237 1410 2278 populi
1431 2247 1451 2268 a
1469 2237 1640 2277 Tyrrheno
1667 2237 1750 2278 Atys

340 2191 460 2229 erepta
470 2188 577 2220 veteri
587 2187 720 2220 domino
732 2187 951 2228 possessione,
962 2197 1021 2219 seu

342 2247 403 2277 per
418 2237 481 2268 vim
498 2246 661 2268 armorum
677 2246 734 2267 seu
747 2246 806 2276 per
820 2235 969 2267 fraudem
985 2240 1020 2266 et

342 2285 471 2326 iniquas
499 2285 587 2316 lites.
639 2282 731 2316 Sorte
751 2284 904 2324 suprema]
937 2285 1021 2316 Cum

341 2334 555 2366 haereditario
563 2334 639 2375 jure
653 2334 834 2365 obveniunt
851 2334 949 2366 bona.

386 2385 446 2414 177
471 2383 554 2418 Quid
570 2382 631 2413 vici
641 2381 783 2423 prosunt]
807 2381 952 2414 Quidam
973 2382 1020 2413 le-

343 2435 426 2472 gunt
437 2431 527 2469 vites,
540 2430 574 2461 id
589 2435 653 2468 est,
667 2430 784 2461 vineae.

386 2481 527 2511 Calabris
569 2479 707 2511 Saltibus
740 2479 851 2517 adjecti
888 2478 1019 2519 Lucani]

342 2529 503 2560 Calabriae
531 2529 656 2568 pariter
675 2532 709 2559 et
731 2529 886 2559 Lucaniae
909 2528 1020 2567 opima

341 2577 438 2608 valde
451 2586 575 2617 pascua
588 2582 696 2607 erant.
732 2577 787 2607 De
803 2576 965 2615 contiguis
980 2576 1019 2606 il-

341 2626 382 2656 lis
397 2625 438 2655 ad
451 2625 597 2656 ultimam
607 2625 740 2656 Italiam
757 2624 943 2665 regionibus
947 2625 1019 2666 jam

344 2673 470 2704 dictum
486 2674 519 2703 in
535 2673 644 2713 Epod.
657 2683 681 2704 1.

388 2723 448 2753 180
465 2722 621 2762 Tyrrhena
635 2721 752 2762 sigiua]
766 2721 930 2762 Imagines
945 2731 1019 2763 par·

1070 2285 1143 2326 (qui
1170 2295 1253 2316 unus
1275 2294 1294 2316 e
1321 2285 1463 2325 posteris
1485 2285 1658 2326 Herculis)
1680 2285 1749 2318 filio

1072 2335 1239 2370 nominati,
1256 2338 1291 2365 et
1306 2343 1324 2365 e
1341 2334 1445 2374 Lydia
1459 2335 1522 2366 huc
1537 2334 1685 2366 deducti.

1114 2385 1172 2414 181
1199 2383 1322 2414 Goetulo
1337 2383 1464 2423 murice]
1487 2385 1496 2400 ‘
1512 2382 1676 2422 Pnrpurae
1690 2373 1750 2415 flo-

1071 2439 1141 2462 rem
1155 2430 1245 2461 illum
1262 2430 1428 2469 tingendis
1449 2430 1634 2471 expetitum
1647 2432 1749 2463 vesti-

1071 2479 1133 2510 bus
1149 2479 1290 2511 murices
1313 2479 1497 2521 (pisciculi)
1513 2480 1546 2511 in
1560 2479 1676 2511 mediis
1690 2480 1748 2511 lia·

1071 2524 1158 2561 beni
1169 2528 1329 2560 faucibus.
1343 2552 1349 2560 .
1363 2550 1372 2559 .
1385 2550 1394 2559 .
1406 2528 1601 2569 Praecipuus
1621 2527 1653 2560 in
1676 2529 1750 2570 Mef-

1071 2578 1169 2619 ningo
1180 2576 1303 2609 Africae
1317 2582 1351 2609 et
1363 2577 1499 2609 Gaetulo
1513 2577 1627 2608 littore
1638 2577 1748 2610 ocea-

1071 2626 1128 2658 ni.’
1158 2627 1245 2658 Plin.
1262 2635 1312 2658 ix.
1328 2629 1380 2658 36.
1406 2627 1461 2657 De
1476 2626 1624 2658 Gaetulia
1637 2625 1706 2659 dixi
1720 2633 1745 2656 1.

1072 2675 1139 2708 Od.
1149 2678 1202 2706 23.
1217 2680 1253 2706 et
1267 2685 1306 2707 u.
1322 2674 1388 2706 Od.
1403 2677 1457 2706 20.

1114 2726 1173 2756 183
1197 2724 1288 2756 Alter·
1305 2722 1459 2764 fratrum]
1494 2723 1656 2763 Designut
1679 2721 1743 2754 Mi-
