1904 3216
431 290 540 331 1686

430 390 626 431 pullatique.
646 390 784 421 Torrent.
825 389 956 421 Albanus
965 390 1106 429 celebret]

428 438 517 470 Alba
544 443 635 469 veste
661 437 806 470 indutus.
852 439 954 469 Cornu
978 439 1042 478 ipse
1063 439 1108 470 bi·

428 486 516 526 libri]
539 487 637 517 Μίνω
665 486 791 525 sordes,
813 496 870 517 vas
885 487 1042 519 olearium
1058 487 1108 519 di-

428 536 507 566 vitis
521 535 552 565 in
570 534 668 565 domo
681 544 746 566 non
758 535 872 566 bilibri
887 536 1006 576 majus:
1021 535 1108 567 unde

430 583 515 622 ipse,
541 581 694 614 diffidens
721 586 836 623 servis,
863 593 926 615 non
957 583 1110 615 infundat

435 636 595 670 quantum
611 632 694 663 satis
716 633 774 671 sit,
788 633 847 664 sed
863 634 1019 673 guttatim
1034 642 1110 664 cau-

437 680 526 711 libus
548 681 656 712 oleum
687 682 843 720 instillet;
867 683 954 714 aceti
979 683 1111 714 interim

434 730 532 770 copia
558 730 766 762 dissimulans
796 732 860 763 olei
898 733 1109 772 parcitatem.

432 779 573 810 Torrent.
619 779 749 820 Bitibri]
775 780 802 810 E
826 782 961 811 vasculo
989 789 1110 811 corneo

431 827 517 867 quod
530 827 614 858 duas
629 828 693 858 olei
709 829 811 859 libras
826 828 984 859 continet.

432 912 434 915 Ι
470 876 512 906 62
531 875 650 907 Veteris
662 877 755 916 aceti]
779 876 878 907 Aceti
893 876 1063 907 morientis
1075 880 1110 907 et

432 923 594 963 languidi.

471 975 512 1002 63
531 973 624 1006 Quali
648 973 746 1010 igitur
766 973 861 1008 victu.
888 973 955 1012 δῖα]
977 974 1031 1004 De
1049 974 1110 1005 hac

430 1020 597 1051 locutione
634 1020 795 1051 videndus
832 1021 909 1051 Pet.
943 1022 1110 1052 Victorius

428 1068 511 1099 Var.
529 1068 624 1099 Lect.
639 1076 773 1103 xxx111.
789 1071 840 1099 ll.

471 1119 512 1147 64
553 1117 663 1148 Utrum
697 1117 883 1156 imitabitur]
922 1117 1110 1149 Gallonium

431 1166 659 1196 luxuriosum?
696 1175 736 1196 an
770 1165 970 1197 Avidienum
1006 1167 1111 1198 sordi-

431 1215 535 1246 dum?
577 1214 692 1254 Lupus,
707 1215 778 1255 hac]
803 1215 960 1246 Edacitas
986 1216 1039 1246 vel
1063 1216 1110 1246 in-

432 1264 570 1304 gluvies.
596 1283 599 1286 ·
615 1264 686 1294 Hac
698 1264 782 1294 canis
790 1261 894 1301 angit]
909 1264 1002 1294 Bene
1017 1263 1110 1294 Lam-

431 1315 526 1345 binus
540 1315 638 1346 aiunt.
684 1315 767 1345 Nam
785 1319 818 1345 et
831 1323 892 1353 ego
916 1314 950 1344 in
962 1314 1110 1345 fidelissi-

431 1363 492 1393 mis
508 1363 755 1403 exemplaribus
770 1363 818 1394 ita
843 1362 1002 1402 scriptum
1019 1363 1111 1394 iuve-

432 1412 485 1442 ni:
509 1417 544 1442 et
560 1421 639 1442 sane
655 1412 758 1452 magis
788 1412 997 1452 proverbium
1013 1413 1112 1453 sapit,

433 1469 530 1500 quam
547 1460 575 1490 si
598 1460 687 1499 angit
713 1462 870 1500 legamus.
894 1461 981 1492 Torr.
1026 1462 1112 1492 Con-

431 1509 524 1540 venit
552 1508 614 1540 hoe
638 1508 761 1539 dictum
791 1509 824 1539 in
849 1509 1012 1539 hominem
1042 1519 1113 1540 sus·
1134 1504 1148 1513 ‘

433 1565 536 1596 penso
559 1558 680 1595 animo,
704 1557 936 1597 sententiaque
962 1558 1111 1597 ancipiti,

431 1609 542 1636 utrum
567 1609 725 1645 sequatur
749 1609 807 1636 aut
830 1605 948 1644 fugiat,
966 1605 1112 1636 edacita-

434 1650 545 1684 temn'e
555 1654 638 1693 lupi,
651 1662 693 1683 an
706 1653 830 1683 soi-deis
842 1654 945 1688 canis,
956 1653 1112 1684 Avidieni

433 1702 571 1732 scilicet.
609 1702 703 1741 Cruq.
755 1701 832 1732 vid.
863 1702 1000 1732 Canter.
1026 1701 1112 1732 Nov-

433 1750 528 1782 Lect.
550 1759 601 1781 lv,
630 1752 680 1780 12.
746 1749 856 1789 Canis]
898 1749 1114 1781 Immunditia

435 1798 488 1830 vel
513 1799 640 1829 sordes.
682 1797 798 1838 Angit]
819 1798 867 1829 Ut
895 1802 948 1829 est
973 1798 1007 1829 in
1037 1807 1113 1838 pro-

435 1846 562 1877 verbio.

474 1899 515 1927 66
533 1896 667 1927 Mundus
682 1895 757 1934 erit]
773 1896 836 1927 Ille
850 1900 943 1927 tenet
957 1897 1114 1929 medium.

435 1944 498 1979 Qui
519 1953 578 1974 non
599 1944 733 1984 offendet
757 1945 911 1984 sordibus]
933 1945 988 1976 Sic
1011 1947 1115 1976 nostri

432 2002 565 2034 quoque
581 1993 728 2032 codices,
745 2002 808 2024 non
821 1995 972 2024 sordidus.
1017 1995 1114 2027 Quod

432 2050 514 2072 vero
546 2051 623 2072 mox
645 2042 804 2082 sequitur,
825 2042 864 2072 In
884 2046 1023 2073 neutram
1042 2052 1113 2082 par-

435 2093 496 2120 tem
523 2091 622 2121 cultus
651 2090 756 2128 miser,
781 2090 830 2122 sic
859 2095 954 2122 vetus
977 2093 1114 2130 exponit

433 2137 619 2183 Interpres,
642 2142 679 2168 ut
700 2137 804 2168 dictio
828 2138 927 2168 cultus
949 2139 1046 2177 patrii
1069 2140 1113 2169 sit

433 2194 541 2219 casus.
574 2181 681 2216 culeus
693 2185 779 2215 enim
795 2193 913 2216 nomen
929 2195 1122 2222 commuue,‚

434 2238 470 2266 et
486 2239 553 2266 tam
567 2233 601 2264 in
616 2235 709 2272 vitio,
726 2243 822 2274 quam
844 2235 877 2265 in
901 2234 997 2266 laude
1020 2237 1113 2275 poni-

433 2287 510 2314 tur:
534 2283 641 2313 cultus
663 2292 783 2322 nempe
805 2283 965 2323 cujusque
988 2284 1036 2314 rei
1057 2285 1114 2316 ha·

433 2331 522 2362 bitus
545 2335 617 2361 est:
642 2335 678 2361 et
699 2330 732 2360 in
757 2330 888 2361 homine
911 2336 977 2362 tam
992 2332 1033 2363 ad
1049 2333 1115 2363 ani-

433 2389 535 2419 mum,
551 2388 646 2419 qnam
674 2378 715 2408 ad
738 2387 857 2418 corpus
882 2379 1038 2411 refertur.
1074 2381 1114 2411 In

434 2430 572 2459 neutram
588 2427 795 2466 igiturcultus
806 2431 926 2466 partem
942 2428 1032 2460 miser
1048 2435 1112 2468 est,

435 2476 491 2516 qui
508 2475 607 2506 vitam
623 2475 668 2505 ita
685 2474 764 2505 colit
786 2480 885 2515 atque
905 2476 1062 2516 instituit,
1077 2482 1114 2508 ut

434 2525 520 2555 inter
542 2523 683 2554 luxuriae
707 2531 860 2563 pompam
888 2528 987 2565 atque
1007 2526 1113 2556 avari-

433 2574 490 2605 tiae
517 2572 630 2604 sordes
654 2572 763 2603 media
783 2572 918 2603 insistat
939 2573 1000 2613 via,
1014 2574 1114 2605 miser

432 2621 563 2652 futurus
577 2621 603 2651 si
619 2621 725 2652 altero
741 2625 963 2651 extremorum
979 2628 1111 2661 peccet.

435 2669 574 2700 Torrent-
627 2667 787 2707 Sardibus,
814 2669 919 2709 atque]
950 2669 1112 2703 Indecora

435 2717 646 2756 parsimonia.

475 2767 516 2795 66
538 2766 577 2797 In
593 2769 730 2798 neutram
742 2769 862 2806 partem
874 2766 990 2806 cultus]
1008 2765 1111 2798 Nimi-

878 300 1017 330 NOTAE
1049 300 1307 331 VARJORUM
1342 302 1393 331 IN

1156 400 1227 422 rum
1255 391 1282 422 is
1304 391 1414 422 cultus
1430 395 1466 422 et
1480 393 1589 423 victus
1610 393 1748 426 mundns
1770 398 1835 432 erit

1157 445 1190 470 et
1217 439 1369 480 frugalis,
1402 441 1457 481 qui
1485 441 1636 473 sordibus
1671 443 1835 477 neminem

1158 487 1310 525 offendit,
1325 493 1360 520 et
1381 489 1414 520 in
1437 493 1587 521 neutram
1610 495 1752 531 partem,
1771 501 1835 525 nee

1157 537 1252 568 nimis
1269 543 1473 578 sumptuose,
1495 548 1556 570 nec
1582 540 1679 570 nimis
1704 540 1836 575 sordide

1158 586 1257 617 miser
1269 593 1304 618 et
1315 586 1431 618 infelix
1447 591 1508 618 est.
1545 587 1612 620 Hie
1624 588 1754 621 modice
1770 589 1836 621 vic-

1159 635 1271 675 titans,
1285 645 1403 676 neque,
1423 640 1576 676 tanquam
1587 646 1719 674 avarus,
1733 641 1836 668 tenax

1159 688 1194 714 et
1211 693 1318 715 saevns
1334 685 1410 723 erit,
1432 685 1586 726 exemplo
1600 685 1729 716 Albutii
1749 685 1836 717 illius

1158 732 1257 770 senis,
1268 731 1345 763 dum
1361 733 1471 763 munia
1485 737 1519 764 et
1533 731 1641 764 officia
1654 733 1733 774 quid
1749 734 1838 774 quis·

1160 790 1223 820 que
1237 790 1336 821 agere
1353 781 1474 812 debeat
1499 781 1532 812 in
1555 790 1670 813 servos
1691 790 1767 812 suos
1787 781 1837 812 di—

1159 829 1256 867 vidit,
1277 839 1338 861 nec
1354 834 1390 861 ut
1413 829 1570 870 prodigus
1585 830 1640 861 ille
1655 831 1741 861 alter
1757 829 1836 861 Nae-

1158 877 1251 908 viusa
1268 888 1364 918 quam
1383 885 1548 918 unguento
1565 879 1701 910 dilutam
1724 879 1838 910 convi-

1159 925 1206 955 vis
1220 926 1404 964 praebebit:
1422 936 1495 957 nam
1507 928 1567 958 hoc
1577 937 1706 968 quoque
1719 928 1837 958 vitium

1159 973 1402 1012 prodigalitatis
1422 983 1486 1004 non
1502 973 1661 1006 ferendae.
1690 975 1838 1008 abinus.

1159 1023 1196 1053 In
1211 1026 1350 1054 neutram
1368 1026 1484 1062 partem
1501 1023 1600 1054 cultus
1613 1023 1722 1064 miser]
1745 1024 1791 1054 Et
1804 1025 1838 1054 in

1159 1075 1310 1102 neutram
1327 1076 1455 1111 partem
1470 1071 1594 1110 cultus,
1611 1072 1684 1102 aive
1699 1071 1839 1111 sordidi,

1160 1120 1229 1150 sive
1245 1120 1416 1159 luxuriosi,
1432 1120 1496 1150 erit
1515 1119 1624 1150 miser.
1666 1119 1732 1151 Hic
1745 1129 1839 1160 neque

1158 1169 1276 1211 servus]
1299 1169 1376 1209 Hic,
1392 1178 1488 1210 quem
1510 1167 1667 1199 mundum
1689 1167 1840 1199 dicimus.

1160 1219 1252 1258 [Ald.
1275 1220 1368 1249 1501.
1391 1226 1426 1249 et
1446 1218 1542 1251 Junt.
1563 1219 1658 1248 1503.
1679 1217 1762 1248 cuttu
1781 1217 1840 1248 mi-

1159 1267 1235 1306 seru]

1201 1318 1240 1346 67
1263 1314 1374 1346 Albuce
1393 1314 1487 1355 senis]
1508 1316 1579 1355 Ego
1599 1315 1710 1347 Titum
1733 1314 1838 1347 Albu-

1161 1363 1242 1395 tium
1262 1373 1332 1394 esse
1348 1363 1559 1402 crediderim,
1573 1372 1671 1403 quem
1685 1366 1722 1395 et
1743 1363 1839 1396 Luci-

1160 1412 1222 1442 lius
1251 1411 1457 1451 perstrinxit,
1487 1411 1592 1442 virum
1625 1411 1680 1443 illo
1717 1412 1840 1443 uculo

1160 1460 1292 1492 minime
1305 1461 1451 1500 ignotum
1465 1471 1473 1492 ε
1491 1461 1548 1502 qui
1559 1461 1691 1493 Groecae
1707 1461 1840 1501 elegan-

1160 1509 1217 1539 tiae
1229 1510 1269 1539 ad
1282 1510 1396 1540 vitium
1408 1519 1514 1549 usque
1525 1510 1684 1549 curiosus,
1698 1509 1839 1541 Graecus

1160 1557 1264 1588 videri
1280 1566 1318 1588 ac
1346 1558 1483 1588 salutari
1507 1559 1652 1597 amabat,
1673 1567 1747 1591 cum
1772 1558 1839 1590 Ro-

1160 1615 1275 1636 manus
1296 1610 1392 1636 esset.
1426 1606 1435 1622 ‘
1450 1605 1588 1636 Senem’
1608 1610 1720 1638 autem
1738 1610 1839 1638 vocat

1163 1653 1321 1685 Horatius
1349 1663 1414 1684 non
1438 1659 1551 1690 aetate,
1565 1654 1623 1686 sed
1647 1655 1758 1686 seculo
1779 1665 1840 1687 suo

1162 1701 1328 1740 priorem:
1352 1707 1390 1732 ut
1404 1706 1438 1733 et
1452 1703 1560 1740 ipsum
1583 1703 1748 1739 Lucilium
1767 1703 1839 1738 sat.

1162 1750 1385 1789 praecedente.
1427 1749 1524 1782 Quod
1547 1759 1622 1782 cum
1644 1750 1693 1781 ita
1714 1751 1770 1791 sit,
1791 1753 1840 1784 ni-

1161 1799 1206 1830 hil
1221 1799 1376 1839 equidem
1399 1798 1568 1836 addubito,
1583 1799 1662 1840 quin
1684 1800 1841 1833 adversus

1163 1847 1325 1884 Lambini,
1354 1848 1503 1888 Cmquii,
1537 1852 1573 1879 et
1602 1847 1841 1888 Porphyrionis

1163 1895 1360 1926 sententiam
1388 1895 1563 1927 Albutium
1592 1897 1645 1928 hic
1674 1901 1841 1938 tamquam

1163 1944 1260 1975 anxie
1289 1944 1386 1975 nimis
1414 1950 1449 1975 et
1477 1947 1591 1976 insane
1617 1945 1781 1981 curiosum
1806 1947 1842 1979 in

1163 1992 1346 2024 tractandis
1369 1993 1516 2024 convivis
1539 1997 1637 2035 atque
1659 1987 1842 2034 hospitibus

1162 2042 1268 2072 notari
1291 2041 1446 2073 credam:
1469 2048 1585 2074 contra
1601 2051 1678 2074 vero
1700 2043 1841 2075 Nauium

1162 2094 1199 2120 ut
1214 2090 1452 2129 negligentem,
1467 2091 1618 2130 supinum
1637 2097 1736 2132 atque
1750 2092 1842 2132 igna-

1162 2147 1251 2174 vum,
1263 2147 1365 2176 quare
1375 2140 1413 2169 'et
1422 2140 1586 2178 simplicem
1595 2141 1743 2179 appellat
1753 2140 1841 2172 Ροὲ-

1163 2190 1208 2216 ta.
1250 2185 1311 2216 Ille
1333 2186 1444 2224 igitur,
1463 2186 1570 2226 siquid
1592 2187 1760 2226 omissum,
1782 2192 1842 2219 aut

1161 2243 1225 2264 non
1256 2238 1348 2265 recte
1373 2233 1510 2270 factum,
1538 2243 1646 2266 saevus
1674 2235 1774 2266 etiam
1805 2237 1840 2266 in

1162 2292 1286 2322 servos,
1303 2292 1341 2314 ae
1363 2283 1504 2314 crudelis
1520 2287 1614 2314 erat:
1637 2283 1690 2314 hic
1706 2289 1773 2316 tam
1788 2293 1840 2316 re-

1162 2332 1276 2362 missus
1291 2340 1329 2362 ac
1341 2330 1503 2370 stupidus,
1515 2336 1554 2362 ut
1567 2340 1683 2371 aquam
1696 2341 1839 2374 quoque,

1163 2389 1236 2419 quae
1253 2379 1402 2410 omnibus
1417 2379 1458 2409 ad
1480 2387 1610 2409 manum
1626 2378 1682 2418 sit,
1697 2389 1840 2420 quaeque

1163 2433 1242 2459 tunc
1264 2427 1405 2458 maxime
1427 2427 1594 2466 laudatur,
1609 2437 1684 2459 cum
1703 2428 1841 2468 limpida

1162 2481 1197 2506 et
1213 2485 1306 2516 pura.
1322 2476 1440 2514 nullas,
1451 2481 1486 2505 ut
1503 2476 1679 2515 loquuntur
1692 2475 1840 2508 Philoso-

1161 2525 1231 2565 phi,
1259 2524 1384 2564 saporis
1406 2523 1528 2554 habeat
1550 2523 1738 2564 qualitates,
1761 2534 1839 2556 unc-

1162 2578 1229 2604 tam
1242 2573 1462 2613 pinguemque
1475 2572 1609 2612 imp'une
1619 2573 1741 2613 apponi
1755 2574 1841 2604 sine-

1161 2626 1231 2652 ret:
1254 2624 1374 2652 unctam
1397 2629 1456 2660 pro
1477 2625 1646 2660 unguento
1671 2620 1839 2661 perfusam

1161 2669 1373 2710 interpretari
1386 2668 1537 2708 putidum
1554 2673 1588 2700 et
1603 2669 1752 2709 ineptum
1767 2673 1838 2701 est:

1159 2728 1222 2750 nec
1247 2727 1299 2749 me
1325 2722 1438 2749 movet
1460 2717 1547 2758 quod
1564 2726 1589 2748 ι.
1606 2719 1678 2750 Sat.
1694 2721 1723 2751 1.
1758 2719 1836 2752 Νω-

1159 2770 1232 2799 vius
1268 2767 1405 2808 quidem·
1439 2771 1594 2808 tanquam
1628 2767 1838 2801 Nomentano
