1916 3262
382 301 491 343 1378

381 403 494 435 li'vioni
511 402 657 443 tradere,
675 402 811 443 perinde
827 411 866 434 ac
882 402 909 433 si
923 401 1063 440 diceret,

382 461 447 494 ego
470 461 583 483 omnes
606 461 703 483 curas
724 461 768 483 ex
791 452 899 482 animo
921 451 1063 491 ejiciam.

381 501 467 533 Vide
482 501 522 531 P.
539 501 668 532 Victor.
684 501 765 531 Var.
783 502 878 531 Lect.
895 509 983 531 xxx.
998 503 1030 531 8.

422 554 441 582 3
466 551 544 586 Quis
555 551 609 582 sub
624 551 730 587 Arato,
751 550 820 590 ξω]
844 550 939 586 Quis,
963 549 1064 580 uomi-

380 600 487 632 nativi
501 604 553 630 est
569 609 684 630 casus:
708 599 840 630 Gelidae
862 604 972 630 autem
996 607 1063 629 orae

382 649 532 690 genitivi.
567 648 728 689 Loquitur
751 652 861 678 autem
878 648 998 678 Horat.
1023 646 1064 677 de

382 705 533 738 tempore
555 707 626 736 suo,
640 697 771 738 quando
793 698 879 728 male
904 697 1064 728 adversus

382 747 568 779 Germanos
592 756 630 777 ac
653 746 766 776 Dacos
796 752 976 786 pugnatum
1004 749 1065 774 est.

380 796 550 826 Timorem
580 805 659 835 ergo
687 796 781 826 Rom.
807 794 981 834 iutelligit‚'
1000 803 1064 824 non

379 844 588 875 subditorum
626 844 696 884 regi
733 844 891 884 Scythiae.
921 844 1067 874 Glureun.

385 893 463 928 Quis
477 893 547 932 sub]
569 893 674 924 Unice
699 901 846 931 securus,
861 893 893 922 id
916 896 979 928 est,
1001 901 1065 922 non

382 942 559 973 admodum
586 941 748 972 sollicitus
770 951 789 971 a
811 940 929 980 quibus
953 940 1065 970 AEolus

381 1000 440 1022 rex
471 1000 537 1021 orae
567 990 688 1030 gelidae
716 994 897 1027 metuatur,
923 993 958 1018 et
987 987 1064 1027 quid

383 1044 510 1070 terreat
531 1039 724 1079 Tyridatem
741 1037 906 1068 Armeniae
932 1045 1064 1076 regem:

381 1089 476 1129 quasi
491 1089 595 1126 dicat,
611 1087 700 1119 Quid
718 1092 832 1117 nostra
848 1085 998 1124 interest,
1010 1084 1066 1125 qui

382 1145 492 1167 musas
516 1137 669 1174 coliium,
684 1145 777 1173 reges
794 1139 828 1165 et
847 1139 1001 1173 potentes
1020 1134 1067 1164 vi-

383 1194 436 1215 ros
451 1184 518 1215 suis
533 1183 707 1215 affectibus
724 1183 910 1222 exagitari?
952 1182 1065 1222 Arcto]

381 1233 449 1264 Sub
487 1243 575 1272 ursa,
611 1233 703 1273 siguo
739 1233 876 1263 coelesti.
905 1231 1067 1272 [Guelph.

381 1292 471 1321 quam
484 1282 566 1321 sub]

426 1335 444 1362 5
472 1330 664 1371 Tyridatem]
686 1330 752 1361 Alii
766 1330 994 1361 Mithridatem.

424 1382 445 1410 6
469 1380 498 1409 Ο
530 1389 598 1419 quoe
626 1379 782 1418 fontibus]
818 1377 913 1408 Ordo
941 1383 1012 1408 est:
1036 1377 1067 1408 O

384 1427 538 1467 Pimplea
554 1427 672 1468 dulcis,
689 1436 760 1467 quae
785 1426 912 1466 gaudes
930 1425 1069 1465 integris

382 1475 542 1512 fontibus,
557 1481 654 1506 necte
671 1474 778 1514 flores,
793 1480 891 1505 necte
914 1483 1067 1504 coronam

383 1534 457 1556 meo
471 1525 606 1565 Lamia’.
651 1524 798 1555 Fontibus
811 1523 957 1563 integris]
978 1523 1068 1553 Inte-

383 1582 476 1612 grum
492 1572 644 1611 dicimus,
657 1571 816 1612 quidquid
833 1571 974 1608 firmum,
991 1572 1069 1601 vali-

383 1623 474 1660 dum,
491 1631 529 1652 ac
545 1622 722 1660 sincerum,
738 1630 802 1651 uon
819 1619 987 1655 affectum.
1005 1629 1068 1651 uon

385 1671 535 1701 vitiatum
561 1670 690 1700 existit.
737 1669 874 1700 Lucret.
899 1669 986 1699 enim
1011 1669 1068 1700 lib.

383 1727 432 1749 lv.
447 1728 520 1749 cum
538 1718 601 1749 ait:
626 1719 745 1757 ‘juvat
767 1719 915 1757 integros
931 1717 1070 1748 accede-

384 1776 419 1797 re
446 1766 590 1798 fontes:'
623 1768 766 1797 intactos
795 1761 894 1806 atque
924 1766 1069 1796 illibatos

384 1815 554 1855 intelligit.
602 1815 752 1855 Integris]
788 1814 949 1845 Fontibus
980 1813 1070 1853 puris

385 1868 420 1894 et
440 1865 558 1903 plenis,
575 1864 608 1894 id
627 1867 678 1894 est
695 1863 773 1894 viris
797 1862 890 1893 bonis
907 1867 941 1893 et
963 1858 1074 1893 incor-'

384 1914 506 1952 ruptis.
528 1912 694 1952 [Sec-urus:
710 1922 776 1952 (μαι
793 1911 953 1951 Guelph.]

427 1964 445 1992 7
467 1962 614 2001 Apricos]
636 1961 750 1991 Fiores
779 1961 811 1990 in
841 1961 962 2000 apricis
989 1961 1069 1991 locis

383 2015 559 2040 nascentes
575 2013 652 2040 sunt
669 2009 883 2048 pulchriores.

425 2062 445 2089 8
468 2057 599 2096 Lamiae]
625 2058 691 2090 Qui
705 2056 900 2089 consul.fuit
915 2066 999 2087 anno
1016 2067 1069 2088 oc-

385 2109 465 2137 tavo
491 2111 566 2146 post
590 2111 730 2136 mortem
757 2105 889 2136 Horatii
917 2115 992 2136 cum
1019 2106 1068 2137 Μ.

383 2155 535 2186 Servilio.

425 2207 446 2235 9
467 2204 610 2242 Pimplea
630 2202 742 2242 duleis]
764 2203 874 2233 Musae
889 2211 913 2232 a
936 2202 1069 2242 Pimpla

385 2252 594 2284 Macedoniae
623 2256 734 2282 monte
767 2255 803 2282 et
839 2251 932 2281 fonte
962 2251 1068 2281 Musis

383 2311 477 2334 sacro
500 2302 709 2342 appellantur
731 2301 949 2341 Pimpleidos.
993 2300 1070 2331 Sine

385 2355 415 2383 te
427 2351 500 2391 mei]
522 2353 600 2383 Sine
617 2352 785 2382 Musarum
810 2351 967 2382 instinctu
986 2351 1070 2382 Poe-

386 2401 432 2431 sis
449 2411 533 2436 mea,
549 2401 584 2431 iu
599 2401 729 2431 laudem
744 2401 865 2431 Lamiae
876 2399 980 2439 sacta,
991 2399 1069 2430 nihil

385 2450 518 2481 honoris
531 2451 563 2481 ei
578 2450 742 2490 acquiret.

427 2502 466 2530 lo
490 2498 638 2537 Possunt]
675 2498 817 2530 Quidam
847 2498 962 2537 legunt
992 2497 1070 2528 Pro·

382 2551 465 2578 sune.
509 2547 604 2578 Hunc
621 2547 740 2588 fidibus
766 2547 867 2586 novis]
894 2546 1007 2585 Hunc,
1036 2546 1070 2577 id

387 2602 451 2631 est,
466 2596 614 2626 Lamiam
634 2595 735 2627 decet
759 2600 792 2626 te
816 2601 957 2636 tuasque
979 2604 1069 2626 soro-

385 2653 438 2674 res
454 2644 575 2675 fidibus
594 2645 720 2676 Latinis
735 2649 770 2675 et
786 2645 914 2684 plectro
937 2644 1070 2683 Lesbio,

385 2689 420 2720 id
443 2697 505 2728 est,
521 2693 666 2723 carmine
691 2693 795 2732 lyrico
809 2692 914 2733 (quali
936 2692 1071 2732 Sappho

388 2741 423 2767 et
431 2736 566 2768 Alcaeus
579 2749 619 2769 ex
631 2741 740 2771 Lesbo
750 2742 800 2772 uti
811 2739 1072 2781 consueverunt)

385 2793 533 2825 sacrare,
549 2787 582 2817 id
607 2794 668 2823 est,
693 2789 932 2820 immortalitati
955 2798 1070 2820 conse-

834 311 973 342 NOTAE
1007 309 1221 341 VARIORU
1231 311 1265 339 M
1302 311 1349 339 lN

1113 410 1219 433 crare.
1265 400 1395 432 Fidibus
1416 399 1516 439 novis]
1541 400 1672 432 Novum
1693 401 1794 434 etiam

1113 450 1272 481 dicebant
1280 448 1586 489 veteres‚quicquid
1597 449 1795 491 mirandum,

1114 504 1347 538 magnnm,aut
1363 499 1516 529 eximium
1533 503 1617 529 erat.
1641 499 1688 530 Ut
1701 499 1794 539 Virg-

1114 550 1125 564 ‘
1143 548 1252 579 Pollio
1269 553 1303 578 et
1327 549 1397 587 ipse
1422 547 1504 578 facit
1519 556 1605 578 nova
1627 547 1794 578 carmina-¹

1116 597 1255 629 Torrent.

1157 646 1212 685 [ll
1241 646 1466 677 Schoenborn.
1486 648 1517 676 2.
1539 655 1642 677 secure
1664 654 1725 686 pro
1745 655 1794 676 m·

1113 694 1228 734 crare.]

1116 744 1198 774 One
1226 753 1344 775 xxvn.
1374 744 1517 780 Εὐκτική.
1562 743 1612 774 Ad
1640 743 1795 775 convivas

1156 792 1285 824 sodales
1301 803 1375 824 suos
1395 795 1436 825 de
1452 794 1632 829 hilaritate,
1647 799 1683 824 et
1697 802 1736 823 ne
1752 793 1799 823 in-

1159 846 1210 872 ter
1226 843 1405 882 potandum
1431 843 1593 883 rixentur,
1608 847 1643 873 et
1666 842 1795 883 poculis

1158 890 1238 930 ipsis
1266 897 1428 931 pugnent,
1456 891 1671 922 barbarorum
1695 899 1797 922 more.

1159 939 1241 979 [Hic
1266 941 1370 970 laudat
1391 940 1578 971 hilaritatem
1600 940 1634 970 in
1661 939 1798 970 convivio

1157 988 1383 1019 Schoeuborn.
1399 989 1448 1029 2.]

1160 1040 1175 1067 1
1202 1036 1297 1067 Natis
1307 1037 1339 1067 in
1347 1037 1448 1077 usum]
1471 1038 1628 1077 Pugnare
1640 1046 1713 1068 cum
1725 1046 1799 1077 scy-

1117 1085 1202 1125 phis,
1225 1085 1324 1121 natis,
1344 1086 1376 1116 id
1399 1094 1461 1125 est,
1484 1093 1604 1117 natura
1630 1085 1741 1126 factis,
1765 1087 1798 1116 iu

1117 1143 1210 1164 usum
1227 1135 1365 1170 laetitiae,
1381 1141 1432 1166 est
1453 1136 1620 1166 hominum
1643 1135 1800 1166 barbaro-

1117 1192 1201 1218 rum,
1226 1182 1411 1222 cujusmodi
1440 1188 1517 1214 suut
1538 1183 1696 1223 Thraces,
1721 1192 1800 1223 gens

1118 1240 1178 1270 per
1193 1230 1394 1262 ebrietatem
1410 1231 1489 1262 rixis
1505 1231 1631 1262 dedita.
1672 1231 1800 1272 [Nacti-³

1118 1280 1151 1310 in
1165 1289 1251 1310 usum
1269 1280 1377 1310 Vand.
1394 1290 1448 1320 ap.
1463 1280 1600 1320 Jaeck.]

1157 1331 1178 1359 2
1196 1329 1341 1367 Pugnare
1350 1328 1500 1360 Thracum
1509 1329 1569 1370 est]
1591 1329 1736 1360 Thraces
1751 1328 1801 1360 bi-

1118 1376 1227 1406 hendo
1243 1376 1422 1407 ferociores
1437 1377 1521 1417 fieri,
1532 1387 1570 1409 ac
1583 1388 1643 1417 per
1657 1378 1802 1409 vinolen-

1118 1426 1197 1456 tiam
1214 1425 1345 1456 illicitos
1361 1430 1493 1456 tentare
1514 1426 1724 1462 concubitus,
1743 1435 1800 1456 un·

1118 1474 1158 1504 de
1177 1474 1247 1504 rixa
1263 1483 1302 1504 ac
1325 1473 1440 1514 praelia
1453 1473 1697 1514 oriuntur-,Jam
1722 1479 1800 1505 ante

1119 1521 1267 1552 vidimus.
1308 1522 1391 1552 Tum
1408 1523 1493 1553 enim
1513 1523 1644 1562 pocula,
1661 1523 1702 1553 ad
1717 1523 1799 1553 hila-

1117 1570 1249 1601 ritatem
1273 1576 1479 1611 comparata,
1499 1570 1685 1602 furentibus
1710 1580 1801 1601 arma

1117 1619 1334 1659 suppeditant
1346 1630 1354 1650 t
1371 1620 1456 1650 sicut
1467 1624 1502 1651 et
1513 1620 1609 1659 Virg.
1622 1619 1748 1658 Georg.
1760 1627 1799 1650 ιι.

1118 1669 1127 1684 ‘
1148 1669 1270 1708 Magno
1300 1669 1456 1708 Hylaeum
1487 1669 1635 1709 Lapithis
1664 1673 1799 1699 cratere

1119 1716 1298 1746 minantem
1314 1715 1416 1747 facit-¹
1460 1717 1573 1748 Graeci
1590 1715 1799 1756 &reparatores

1120 1775 1178 1796 eos
1194 1771 1328 1804 vocant,
1343 1767 1391 1797 uti
1408 1772 1442 1798 et
1457 1767 1608 1807 Scythas.
1626 1768 1764 1799 Torrent-

1161 1818 1179 1845 3
1209 1816 1648 1858 Verecundumquefflcchum]
1669 1817 1714 1847 Et
1727 1826 1802 1856 pro-

1118 1864 1231 1895 hibete
1262 1865 1349 1895 rixas
1379 1865 1577 1905 sanguineas
1611 1875 1629 1896 a
1658 1866 1803 1902 Baccho,

1120 1922 1217 1952 quem
1247 1923 1321 1944 cum
1351 1913 1550 1944 verecundia
1579 1919 1615 1945 et
1641 1914 1804 1946 modestia

1121 1967 1269 1993 tractare
1284 1962 1427 1993 debetis.
1471 1962 1660 2003 Hypallage
1676 1967 1738 1994 est.

1161 2015 1179 2041 5
1209 2012 1303 2051 Vino]
1326 2011 1356 2042 A
1385 2011 1459 2042 vino
1483 2016 1518 2042 et
1543 2012 1702 2042 conviviis
1724 2021 1803 2042 noc-

1122 2059 1225 2089 turnis
1245 2060 1337 2100 (quae
1363 2059 1504 2090 lucernis
1526 2059 1695 2100 indigent)
1712 2068 1802 2098 mag-

1120 2116 1244 2146 nopere
1257 2107 1425 2146 discrepat
1441 2106 1576 2138 ferrum.
1599 2108 1643 2138 Et
1658 2107 1804 2148 lucernis]

1119 2157 1174 2186 De
1187 2156 1397 2185 lucernarum
1411 2156 1668 2196 lychnorumque
1679 2155 1712 2186 in
1724 2165 1803 2187 con·

1120 2204 1215 2234 viviis
1232 2213 1303 2241 usu,
1319 2203 1392 2234 vide
1408 2214 1480 2244 quae
1496 2203 1692 2234 Torrentius
1707 2209 1803 2234 nota-

1120 2254 1167 2284 vit
1191 2254 1231 2284 ad
1255 2253 1391 2284 Sueten.
1415 2253 1558 2291 Caesare,
1574 2262 1603 2284 c.
1623 2255 1676 2284 ³7.
1719 2253 1802 2284 'rum

1119 2303 1270 2334 lucernas
1300 2312 1373 2332 cum
1401 2301 1477 2332 vino
1511 2301 1696 2341 conjungit,
1725 2302 1802 2342 quia

1118 2352 1195 2383 olim
1217 2356 1316 2382 noctu
1334 2350 1542 2391 potissimum
1561 2351 1713 2381 convivia
1734 2352 1802 2390 agi-

1121 2402 1291 2432 tabantur.
1335 2399 1422 2430 Vide
1440 2409 1495 2430 ιιι.
1512 2399 1579 2430 Od.
1595 2402 1627 2430 8.
1661 2399 1803 2431 Lambin-

1118 2449 1282 2488 Acinuces]
1303 2448 1448 2479 Thraces
1460 2449 1546 2478 euim
1558 2447 1649 2479 ferro
1661 2448 1802 2480 accincti

1120 2498 1373 2536 accumbebant,
1384 2502 1419 2528 et
1434 2497 1548 2528 bibere
1564 2498 1710 2538 aequales
1725 2506 1802 2537 cya-

1120 2549 1192 2578 thos
1206 2551 1412 2577 recusantem
1425 2546 1670 2586 compellebant
1683 2556 1692 2577 :
1715 2545 1801 2587 quod

1120 2605 1212 2636 aeque
1235 2595 1446 2626 inhumanum
1461 2601 1525 2634 est,
1540 2605 1578 2626 ac
1601 2604 1722 2636 cogere
1743 2595 1801 2626 ali-

1119 2644 1317 2685 quemsifim
1330 2644 1413 2684 pati,
1423 2647 1460 2674 ut
1473 2643 1607 2683 pulchre
1621 2643 1800 2684 Sophocles

1120 2694 1178 2724 ait.
1204 2693 1290 2723 Torr.
1334 2692 1496 2732 Acinaces]
1524 2690 1664 2723 Gladius
1689 2690 1798 2722 Persi·

1121 2751 1192 2780 cus,
1206 2750 1267 2781 pro
1283 2741 1396 2781 quovis
1412 2741 1532 2780 gladio.

1161 2791 1183 2820 6
1204 2789 1340 2820 Immune
1353 2789 1515 2829 quantum]
1539 2788 1644 2821 Quam
1659 2786 1797 2818 multum
