1982 3230
558 291 914 324 neis'ronsnum
950 292 1046 324 mn.
1080 292 1110 323 1.
1139 282 1210 324 18,
1502 281 1615 323 1185

157 387 315 430 Gloria
337 399 468 442 quem
488 391 621 441 'supra
640 388 758 430 vires
779 392 825 430 et
846 387 974 430 vestit
993 391 1036 429 et
1055 388 1195 442 ungit,

157 454 305 506 Quem
321 459 440 497 tenet
455 455 624 509 argenti
642 455 742 496 sitis
763 455 1016 509 importuna
1034 455 1281 510 famesque,

157 522 302 575 Quem
322 523 598 578 paupertatis
618 522 766 577 pudor
785 527 831 564 et
848 522 969 576 fuga,
990 521 1117 563 dives
1139 525 1323 573 amicuS,

156 591 291 646 Saepe
310 591 466 646 decem
485 591 610 633 vitiis
629 590 899 640 instructior,
920 589 1014 631 odit
1033 597 1077 631 et
1095 592 1240 632 horret
1260 605 1270 632 ε

154 658 264 708 Aut,
284 659 324 699 si
343 671 431 700 non
454 658 563 708 odit,
583 659 719 712 regit:
751 671 822 708 ac,
845 658 978 699 veluti
1001 659 1078 711 pia
1097 663 1252 708 mater,

156 725 271 767 Plus
290 738 421 779 quam
443 738 492 767 se
515 738 673 779 sapere
695 730 738 767 et
758 725 992 768 virtutibus
1006 738 1109 766 esse
1130 726 1323 780 priorem

155 790 293 835 Vult:
323 797 370 834 et
390 793 456 834 ait
474 806 611 848 prope
631 807 738 835 vera
756 806 768 845 ;
799 792 919 834 Meae
939 791 1218 848 (contendere
1238 791 1353 846 noli)

155 856 402 902 stultitiam
421 861 647 914 patiuntur
667 873 808 916 opes;
841 861 922 902 tibi
943 860 1130 915 parvula
1153 874 1222 902 res
1245 871 1339 902 est:

154 925 294 968 Arcta
314 926 448 969 decet
466 941 626 970 sanum
648 928 858 970 comitem
873 931 1002 981 toga3
1034 927 1191 969 desine
1211 940 1385 969 mecum

1558 591 1615 631 25

1559 927 1616 968 30

155 1024 242 1073 cioca
252 1028 283 1057 et
296 1026 365 1058 alea
385 1027 589 1068 praecipitans
603 1028 764 1069 dispoliat,
779 1037 868 1069 quem
881 1026 992 1064 fastus
1007 1028 1157 1058 excedens
1171 1025 1346 1065 facultates
1367 1027 1458 1058 vestit
1483 1029 1513 1058 et
1535 1027 1618 1058 laute

155 1070 270 1107 nunt,
283 1078 373 1109 quens
386 1074 513 1111 occupat
532 1071 642 1110 gravis
660 1071 799 1111 pecunioe
811 1070 980 1111 cupiditas,
995 1070 1049 1110 qui
1063 1069 1205 1100 abhorret
1221 1069 1260 1101 ab
1272 1070 1390 1109 inopia,
1406 1069 1487 1100 hunc
1501 1069 1619 1100 amicus

154 1109 316 1150 opulentus
329 1113 425 1143 mutto
439 1113 582 1144 vitiosior
596 1113 782 1155 frequenter
795 1116 961 1144 execratur
976 1117 1007 1144 et
1021 1116 1203 1143 aversatur:
1227 1113 1288 1151 cel,
1302 1112 1331 1142 si
1345 1122 1405 1143 non
1429 1113 1499 1143 odio
1514 1112 1620 1152 habet,

157 1151 311 1199 moderari
326 1155 413 1186 vult.-
435 1159 540 1196 atque,
553 1159 587 1187 ut
606 1156 684 1188 bona
702 1165 827 1197 parens,
841 1159 928 1197 optat
942 1155 1160 1196 sapientiorem
1174 1165 1207 1186 se
1222 1165 1288 1186 esse
1299 1158 1330 1186 et
1346 1155 1515 1186 virtutibus
1529 1164 1619 1194 supe·

155 1202 292 1233 math·
313 1197 451 1238 dicitque
464 1200 544 1239 quod
556 1199 631 1237 sere
645 1208 752 1230 oerum
766 1201 813 1231 est
823 1209 834 1229 .-
856 1199 908 1230 Ne
922 1207 1033 1229 conare
1045 1197 1125 1228 mihi
1139 1199 1298 1237 exequar-i
1307 1207 1318 1228 .·
1339 1197 1463 1228 divieiae
1477 1207 1553 1228 meoe
1570 1198 1619 1226 in-

155 1237 261 1268 sanim
270 1247 318 1270 me
329 1239 519 1280 permittunt
527 1251 538 1273 .·
550 1244 586 1273 ta
599 1241 769 1273 mediocres
781 1242 956 1280 facultates
966 1243 1078 1272 nactus
1092 1250 1136 1271 es.
1167 1239 1327 1271 Pudenti
1340 1240 1465 1271 assecla
1478 1239 1620 1270 contenit

770 1323 867 1337 “000
871 1324 986 1336 cneco
990 1325 1007 1336 ο

156 1381 252 1413 born.
266 1382 386 1412 3.-22
410 1379 507 1410 Idem
524 1379 645 1414 codex,
661 1387 753 1418 qaam
766 1379 959 1418 supra—24
983 1376 1132 1408 Cliisian.
1148 1379 1181 1407 6.
1198 1380 1253 1408 aut
1262 1376 1446 1415 fragm—26
1470 1376 1619 1408 Chisian.

156 1427 190 1455 ὅ.
220 1424 268 1455 Et
280 1423 309 1454 st*
321 1423 482 1454 nom-28
507 1421 657 1453 Chisian.
673 1423 702 1452 1.
726 1420 773 1451 ait
787 1424 845 1451 et.·
868 1418 1047 1450 Barberin.
1065 1422 1097 1450 2.
1111 1423 1148 1449 ut
1163 1419 1221 1450 ait.
1251 1421 1260 1436 ‘
1275 1419 1376 1450 Hanc
1399 1418 1619 1459 scripturam,

154 1466 240 1498 Mea
253 1464 455 1507 (contendere
467 1462 548 1505 noti)
565 1463 665 1495 Scau.
691 1463 851 1502 omnium,
865 1471 950 1504 quos
967 1461 1124 1500 viderim,
1139 1461 1301 1492 librorum
1318 1462 1522 1493 testimoniis
1539 1472 1620 1494 con-

153 1507 336 1546 firmatam,
349 1507 476 1547 primus
487 1506 683 1546 Lambinus,
693 1506 810 1538 nescio
824 1514 891 1547 qua
906 1504 986 1546 fide,
1000 1503 1193 1536 adulterare
1210 1514 1310 1535 ausus
1321 1510 1387 1544 est,
1397 1505 1621 1545 substituens,

155 1550 235 1582 mihi
244 1551 448 1582 contendere:
469 1558 532 1581 nec
549 1549 840 1587 animadvertens,
857 1547 885 1579 si
902 1547 1007 1588 ipsius
1025 1548 1233 1588 conjecturae
1249 1548 1344 1579 locus
1358 1548 1417 1588 sit,
1432 1557 1509 1579 mox
1527 1547 1618 1579 idem

156 1592 283 1635 repeti,
295 1593 402 1625 desine
421 1602 537 1624 mecum
554 1592 701 1623 Certare:
725 1600 816 1622 nunc
835 1600 916 1622 vero
931 1591 1115 1622 contendere
1134 1590 1210 1630 noti,
1227 1591 1395 1622 inclusum
1413 1591 1621 1631 parenthesi,

156 1635 371 1668 contentiose
394 1644 495 1676 agere
523 1644 562 1666 ac
587 1634 719 1675 jurgari
737 1634 815 1665 dnm
833 1634 967 1674 potenti
985 1633 1093 1664 amico
1107 1631 1290 1674 significat.
1334 1633 1514 1665 Sententia
1531 1634 1619 1664 enim

155 1682 222 1718 est,
233 1677 421 1717 divitem,si
438 1678 514 1718 plus
529 1677 618 1708 forte
632 1677 809 1718 sapientiae
826 1682 886 1708 aut
898 1676 1033 1707 virtutis
1048 1676 1167 1707 minori
1186 1676 1294 1708 inesse
1312 1675 1478 1715 fateatur,
1492 1675 1525 1707 id
1541 1686 1618 1717 per-

156 1718 340 1760 functorie,
363 1725 414 1759 et,
429 1719 519 1761 quod
535 1721 643 1759 aiunt,
659 1719 744 1751 dicis
761 1729 876 1755 causa,
891 1724 930 1750 ut
945 1719 987 1750 de
1010 1717 1088 1750 filiis
1116 1719 1316 1751 materculae
1333 1720 1456 1759 solent,
1477 1718 1593 1751 facere
1610 1729 1619 1750 :

156 1771 223 1795 non
239 1762 329 1805 qnod
345 1763 424 1794 ideo
440 1763 569 1794 moneri
587 1772 623 1794 se
639 1761 682 1793 de
698 1763 802 1802 vitiis,
814 1772 889 1802 qnae
905 1762 938 1792 in
955 1761 1086 1801 magnis
1100 1761 1220 1801 opibus
1237 1761 1423 1793 tolerandae
1439 1762 1519 1799 sint,
1533 1763 1620 1801 pati·

158 1810 248 1838 atur.
292 1805 387 1838 Talia
402 1806 507 1846 igitur
523 1806 582 1837 illa
596 1805 788 1841 Juvenatts,
803 1805 880 1835 Sat.
894 1812 929 1835 v.
948 1806 1021 1836 130.
1037 1808 1074 1835 et
1089 1804 1172 1845 sqq-²
1195 1805 1424 1835 Torreat—so
1437 1805 1521 1835 Arta
1533 1806 1620 1837 decet

824 1889 966 1922 NOTAE

157 1956 279 1989 essedo
305 1957 469 2000 alveoque
492 1955 679 1998 adaptatis,
702 1963 745 1985 ne
766 1954 859 1985 lusus
915 1953 1026 1985 cendi.
1072 1953 1156 1985 Cum
1186 1951 1371 1984 ludendum
1402 1957 1466 1992 est,
1490 1953 1618 1992 regiam

159 2005 451 2038 confunderetur!
489 2006 589 2037 Alex.
611 2005 654 2036 ab
678 2003 778 2036 Alex.
803 2014 859 2036 nr.

156 2059 209 2089 21.
237 2055 327 2088 Alea
339 2056 536 2088 taxillorum
552 2054 782 2096 nempejactu
800 2055 859 2085 de-

154 2107 277 2139 lectati
306 2112 398 2146 sunt,
427 2107 551 2148 inquit,
581 2106 725 2138 Porcius
755 2105 858 2145 Cato,

156 2156 345 2198 Angustus,
372 2156 598 2195 Domitianus,
618 2155 791 2188 Claudius.
804 2179 812 2188 .
826 2178 834 2187 .
850 2179 857 2187 .

156 2206 256 2239 Inter
271 2207 416 2248 reliquos
424 2207 655 2239 Theudoricus
668 2206 859 2238 Gothorum

157 2265 234 2296 rex,
246 2256 304 2298 qni
321 2266 397 2288 cum
420 2256 454 2287 in
477 2257 553 2288 alea
572 2256 736 2295 vinceret,
749 2254 860 2287 fertur

157 2305 471 2348 indulgentissimus
501 2305 626 2338 fuisse:
669 2305 759 2337 uude
791 2314 861 2336 mo·

158 2360 276 2388 menta
296 2356 355 2388 illa
378 2356 614 2397 promerendis
637 2356 757 2397 gratiis
781 2365 861 2396 cap-

161 2411 236 2438 tare
261 2405 438 2438 domestici
465 2411 725 2439 consueverant.
763 2405 861 2438 Sido-

160 2453 236 2486 nius
244 2453 288 2486 de
297 2455 510 2488 'l'beodorico
519 2457 569 2488 sic
581 2461 746 2488 testatur:
759 2457 769 2474 ⁴
778 2456 862 2489 Qui-

162 2503 226 2536 bus
251 2504 340 2536 boris
364 2505 482 2537 tabula
503 2506 600 2538 cordi
626 2511 692 2545 est,
716 2511 862 2538 tesseras

163 2553 295 2595 colligit
318 2553 450 2594 rapide,
463 2555 603 2596 inspicit
623 2556 770 2596 solicite,
790 2557 863 2587 vol·

163 2605 214 2636 vit
230 2607 362 2644 argute,
382 2602 491 2635 mittit
509 2604 688 2644 instanter,
701 2605 864 2647 joculari-

163 2658 219 2687 ter
233 2654 432 2695 compellat,
445 2653 616 2694 patienter
627 2661 807 2696 expectat:
825 2657 861 2688 in

162 2705 263 2738 bonis
269 2704 419 2746 jactibus
437 2708 539 2745 tacet,
549 2704 583 2735 in
599 2705 694 2736 malis
710 2705 814 2744 ridet,
827 2705 863 2737 in

99 2757 106 2762 “
162 2756 296 2788 neutris
313 2755 485 2794 irascitur,
499 2755 531 2786 iu
549 2754 702 2796 utrisque
717 2755 863 2797 pbiloso-

164 2806 290 2848 pbatnr
303 2828 333 2838 ..
347 2810 465 2847 ‚putes
486 2805 578 2836 illum
603 2810 639 2837 et
661 2806 695 2837 in
726 2805 864 2837 calculis

166 2864 259 2888 arma
276 2859 437 2888 tractare.
467 2855 548 2887 Sola
562 2861 617 2888 est
632 2856 680 2889 illi
697 2867 780 2889 cura
792 2856 864 2889 vin-

253 2909 369 2951 Delph.
382 2912 413 2942 et
428 2909 504 2942 Var.
519 2910 606 2944 Clas.

829 2910 948 2943 Horat.

914 2007 1111 2043 sequestrat
1123 2003 1292 2044 tantisper
1303 2002 1535 2041 severitatem,
1545 2001 1621 2033 hor-

914 2057 1009 2085 tatur
1035 2052 1077 2084 ad
1101 2051 1218 2084 ludum
1241 2052 1510 2093 libertatemque
1530 2061 1623 2083 com·

912 2104 1186 2144 munionemque,
1200 2102 1312 2133 dicam
1330 2101 1419 2144 quod
1435 2101 1559 2139 sentio,
1578 2102 1620 2133 ti-

913 2158 984 2186 met
1010 2153 1148 2193 timeri‚’
1177 2155 1244 2185 &c.
1287 2153 1377 2186 Vide
1401 2158 1437 2185 et
1462 2153 1545 2185 Not.
1576 2153 1620 2184 ad

914 2213 971 2237 ιιι.
989 2204 1060 2236 od.
1075 2206 1128 2236 24.
1144 2204 1207 2236 sub
1221 2203 1337 2236 finem.

956 2257 998 2287 22
1025 2255 1139 2286 Gloria
1159 2264 1259 2295 quem,
1274 2253 1344 2295 qm]
1368 2253 1435 2287 Qui
1452 2253 1619 2295 superbas

914 2310 1027 2337 vestes
1044 2310 1080 2336 et
1097 2305 1207 2336 lautas
1223 2305 1363 2336 nimium
1378 2306 1497 2345 epulas
1514 2310 1618 2337 amat.

956 2359 999 2387 28
1022 2356 1106 2387 Meae
1124 2355 1304 2387 stultitiam
1324 2359 1390 2396 pat.
1405 2355 1472 2397 op.]
1498 2355 1622 2396 Ingen-

914 2410 967 2438 tes
991 2416 1074 2446 opes
1099 2406 1290 2447 possidenti
1315 2406 1397 2437 mihi
1423 2407 1506 2438 licet
1527 2406 1618 2447 quod

913 2458 1053 2489 minime
1070 2457 1132 2488 tibi
1155 2467 1222 2488 non
1246 2458 1297 2489 ita
1312 2457 1496 2498 locupleti:
1522 2458 1618 2488 luxu-

914 2508 994 2539 riari
1010 2517 1147 2548 possum
1160 2517 1225 2548 ego
1242 2507 1393 2548 impune,
1409 2511 1447 2538 tu
1461 2517 1542 2538 vero
1559 2516 1617 2537 ne-

914 2567 1094 2600 quaquam.

957 2608 1136 2639 Stultitiam
1158 2608 1326 2648 patiuntur·
1349 2606 1435 2646 opes]
1470 2605 1618 2638 Aristot.

915 2658 1015 2690 Rhet.
1032 2667 1075 2690 n.
1100 2659 1110 2676 ‘
1121 2659 1250 2689 stultas
1266 2666 1342 2688 esse
1358 2655 1514 2686 divitias’
1537 2656 1620 2687 scri-

915 2707 981 2740 bit.
1025 2707 1197 2739 Isocrates
1222 2706 1397 2745 Areopag.
1420 2706 1429 2722 ‘
1448 2705 1533 2737 Cum
1557 2715 1618 2746 po-

917 2757 1069 2789 tentibus
1086 2756 1238 2787 ambulat
1253 2754 1424 2794 amentia,’
1441 2755 1562 2796 inquit.

961 2809 1002 2838 30
1026 2806 1125 2837 Arcta
1140 2807 1226 2837 decet
1246 2815 1355 2837 sanum
1370 2805 1512 2837 comitem
1527 2805 1616 2846 toga]

919 2857 999 2897 Vel,
1024 2862 1063 2889 ut
1087 2856 1195 2898 magis
1222 2855 1400 2898 splendeat
1427 2855 1524 2887 dives
1551 2865 1619 2888 am-

1442 2912 1479 2941 ἶ4
1502 2910 1528 2941 F
