1930 3204
513 279 724 312 uotum
758 277 1038 309 salmonum
1074 276 1169 306 ms.
1202 277 1235 306 1.
1265 264 1307 305 2.

192 379 269 418 tati,
291 387 356 409 non
379 377 485 408 etiam
505 373 674 415 voluptati
691 371 888 413 parendum.

191 428 296 466 Hunc
311 436 446 468 quoque
459 427 571 457 locum
595 432 694 454 nemo
709 421 804 453 uobis
819 429 889 450 me-

190 479 256 511 lius
279 487 380 520 quam
406 476 555 508 Annaeus
570 475 700 506 Seneca
726 475 890 512 exponet,

190 529 256 570 Ep.
271 536 356 560 cxx.
379 527 520 558 Torreat.

236 581 300 610 116
324 577 455 609 :tument
468 572 615 614 inguina]
639 572 684 603 Et
705 571 766 607 sic,
792 571 802 588 ‘
819 570 890 601 Τιι-

192 638 286 660 mere
301 625 482 666 animalia:
498 627 507 643 ‘
521 629 648 656 tumere
666 621 802 662 terras,'
819 622 829 638 ⁴
841 626 891 652 tu-

192 689 288 711 mere
323 678 483 710 arborum
522 672 687 716 gemmas’
735 673 890 703 dicimus.

193 729 342 761 Tul-neb.
359 737 441 760 xm.
455 731 487 758 5.
508 726 650 758 Torrent-
686 723 816 755 Tument
832 723 892 754 tibi

191 788 286 818 quum
311 777 458 818 inguina]
497 776 610 810 Quum
640 772 893 814 inflammantur

189 827 342 859 libidine.

236 880 299 909 118
331 876 498 917 Tentigiue
521 876 638 917 rumpi]
674 875 894 907 Distentione

190 927 334 960 membri
351 927 468 958 virilis.

237 980 300 1009 119
323 978 399 1009 Non
422 986 498 1016 ego.-
521 975 666 1016 namque]
701 975 775 1015 Ego
800 981 894 1007 certe

191 1036 262 1059 non
278 1028 326 1059 ita
340 1027 479 1059 faciam.
525 1026 703 1057 Parabitem
718 1035 787 1057 amo
801 1026 896 1058 Vene-

193 1077 276 1118 rem]
299 1077 387 1111 Quae
403 1075 505 1108 facile
522 1076 635 1117 parari
652 1080 779 1116 potest.

240 1129 303 1158 120
325 1126 420 1158 Illam
439 1129 510 1166 post
527 1126 637 1165 paulo.-
659 1126 713 1156 sed
726 1125 838 1165 pluris,
851 1126 895 1167 si]

195 1177 294 1208 Illam
310 1186 384 1208 amo
400 1176 626 1214 meretricem,
638 1185 713 1216 quae
729 1175 809 1206 milii
825 1185 898 1215 gra-

196 1226 366 1258 tificatum
382 1226 478 1257 dabit
489 1227 548 1257 luas
561 1231 632 1257 tres
647 1225 898 1266 responsiones,

195 1284 330 1317 nempe.
355 1278 385 1306 l.
403 1280 480 1316 post
496 1276 598 1315 paulo
615 1275 760 1308 veniam.
787 1278 820 1307 2.
836 1275 898 1307 sed

197 1325 319 1366 majori
335 1326 461 1366 pretio.
484 1328 515 1356 3.
534 1325 561 1356 si
578 1325 679 1356 modo
695 1325 819 1356 exierit
832 1326 898 1356 vir:

193 1376 283 1408 lianc
299 1374 518 1407 Philodemus
542 1375 604 1413 ait,
628 1375 738 1406 Gallis
760 1375 899 1406 eviratis

196 1425 345 1466 cybeles
371 1423 607 1456 sacerdotibus
628 1423 898 1465 relinquendam,

195 1480 234 1507 ut
249 1476 306 1518 qui
322 1474 456 1507 facilius
471 1475 503 1516 ej
510 1485 547 1506 us
564 1484 702 1517 moram*
716 1473 806 1506 ferre
821 1484 897 1516 pos·

195 1531 289 1557 sunt.

187 1610 190 1614 A
239 1578 300 1608 121
328 1574 432 1607 Gallis
451 1575 532 1606 hanc
548 1573 763 1614 Philodemus]
787 1573 898 1606 Gallis

192 1626 339 1658 amicam
356 1630 425 1658 tam
441 1624 629 1664 difficilem,
642 1634 709 1656 non
724 1630 898 1665 tamquam

194 1675 361 1712 hostibus,
385 1679 486 1716 optat
507 1674 729 1706 Philodemus
746 1674 818 1714 *iste
841 1674 898 1704 ho-

195 1736 252 1758 mo
263 1726 404 1766 elegans
416 1731 451 1756 et
463 1724 613 1756 urbanus
626 1734 635 1762 ;
658 1723 719 1754 sed
733 1722 775 1753 de
788 1723 899 1754 Gallis

197 1780 236 1807 ut
265 1775 454 1816 peregrinis
495 1775 613 1805 Romae
651 1773 813 1814 loquitur,
842 1774 900 1814 qui

198 1825 317 1866 quovis
349 1824 461 1864 pretio
492 1833 532 1854 ac
565 1822 682 1854 labore
711 1822 901 1853 istiusmodi

198 1874 412 1907 conditiones
435 1877 605 1914 quaerant,
622 1878 658 1903 ut
679 1871 722 1903 de
739 1871 901 1912 Hispanis

200 1925 345 1957 vidimus
363 1933 387 1955 1.
403 1923 515 1957 0d.5.
565 1922 807 1955 Vid.Turueb.
825 1931 902 1954 xxi.

201 1977 254 2007 16.
278 1974 422 2006 Torrent.
465 1973 550 2013 Sibi,
572 1983 642 2015 qm
662 1983 757 2014 neque
772 1974 900 2016 magno]

200 2024 274 2057 Sibi
288 2024 434 2065 optabat
452 2033 540 2056 eam.

244 2076 306 2106 123
344 2073 500 2113 Rectaque
535 2073 596 2114 sit]
635 2073 667 2105 N
671 2083 713 2104 on
748 2072 902 2114 gibbosa.

197 2123 324 2157 Munda
333 2122 491 2160 hactenus,
500 2121 570 2163 εμπ]
582 2122 637 2154 Ita
650 2122 786 2154 munda.
819 2123 903 2155 Lon·

197 2174 258 2215 ga]
283 2173 407 2214 Neque
433 2174 533 2214 longa
555 2172 773 2214 crepidarum
789 2173 903 2204 altitu-

199 2222 292 2254 dine.
588 2248 590 2250 .

243 2275 307 2305 124
329 2272 413 2304 Alba
431 2272 524 2314 velit]
550 2272 626 2304 Nec
642 2280 780 2304 cerussa
795 2272 902 2303 malas

201 2320 458 2355 candefaciens.
501 2322 614 2362 [Vati.
630 2324 664 2353 2.
677 2324 710 2353 4.
727 2331 747 2353 a
763 2331 808 2353 m.
834 2331 902 2353 sec.

201 2372 300 2404 vatt.
324 2370 427 2402 Rom.
443 2374 473 2402 1.
486 2373 519 2402 2.
542 2380 563 2401 a
577 2380 622 2401 m.
639 2379 708 2401 sec.
724 2371 820 2401 Vatt.
836 2371 902 2402 Pa-

200 2420 263 2452 lat.
281 2423 311 2452 1.
325 2422 357 2451 3.
370 2421 403 2451 4.
419 2422 452 2450 6.
485 2418 642 2458 Angelic.
658 2421 690 2449 1.
722 2418 903 2451 Barberin.

206 2473 237 2501 1.
250 2472 284 2500 2.
297 2468 454 2499 Vallicel.
466 2469 498 2499 3.
515 2468 572 2498 alii
586 2477 643 2508 ap.
655 2467 766 2499 Pulm.
777 2474 813 2499 et
825 2468 905 2500 edd.

204 2518 348 2552 Mediol.
379 2519 475 2549 14⁷6.
513 2518 655 2548 Venett.
686 2520 781 2550 1481.
810 2521 905 2551 1490.

206 2570 304 2600 1495.
326 2576 418 2607 qaam
433 2566 518 2607 dat.]

250 2620 312 2649 125
327 2617 409 2648 Hoec
420 2615 473 2648 ubi
485 2616 643 2657 supposuit
657 2617 770 2650 dextro
783 2619 906 2661 corpus]

206 2667 296 2700 Haec
321 2666 441 2698 mulier
467 2675 544 2698 cum
566 2666 599 2697 iu
627 2667 709 2698 meis
735 2675 789 2698 est
816 2678 906 2700 com-

207 2716 375 2758 plexibus.

252 2771 315 2800 126
337 2768 402 2800 Ilia
428 2771 460 2799 et
488 2767 607 2808 Egeria
632 2771 698 2799 est.-
722 2769 760 2800 do
785 2769 907 2810 nomen]

207 2820 270 2852 Est
291 2818 371 2850 mihi
395 2818 502 2850 instar
521 2818 593 2850 111ae
619 2819 738 2850 matris
761 2818 908 2860 Romuli,

1527 263 1641 306 1607

939 374 977 402 et
1015 371 1124 402 instar
1153 368 1289 410 Egeriae
1317 367 1487 409 nympllae,
1518 366 1642 399 Numae

938 420 1113 461 Pompilio
1129 418 1314 451 familiaris.

984 472 1045 501 12⁷
1071 470 1141 500 Nec
1155 469 1275 510 metuo]
1301 469 1342 501 In
1365 468 1538 501 libertiuae
1552 477 1644 500 amo-

941 530 989 551 re.
1037 521 1206 561 Recurrat]
1230 519 1370 562 Aliquid
1395 519 1572 560 suspicans
1599 519 1643 550 de

940 571 1056 602 uxoris
1073 571 1296 610 impudicitia.
1342 570 1430 611 [Nec
1445 572 1547 601 metuo
1565 570 1646 601 Vat-

940 625 972 652 5.
996 622 1092 653 Vatt.
1122 621 1218 653 Rom.
1234 624 1266 654 2.
1294 632 1314 652 a
1330 631 1374 652 m.
1393 631 1461 652 sec.
1475 623 1506 653 6.
1531 618 1644 660 Ange-

942 670 996 702 lic.
1014 674 1044 702 1.
1060 672 1116 702 alii
1133 671 1234 703 codd.
1252 681 1308 712 ap.
1326 670 1455 711 Pulm.]

985 723 1047 752 128
1071 721 1271 761 Frangatur]
1305 721 1359 752 Ne
1377 721 1489 762 janua
1511 719 1647 760 franga-

944 776 998 803 tur
1013 782 1032 802 a
1050 772 1122 803 viro
1138 772 1317 803 redeunte.

986 824 1048 853 129
1077 821 1254 862 Vepallida]
1287 820 1345 851 Sic
1383 818 1520 860 quidem
1549 824 1647 850 vetus

943 872 1063 913 legisse
1090 871 1227 903 videtur
1253 870 1444 910 Interpres‚
1469 873 1573 910 atque
1600 869 1649 900 ita

942 922 1125 963 legendum
1142 930 1218 953 esse
1236 919 1418 953 contendit
1434 918 1570 958 Lamb.;
1591 928 1648 950 ce-

942 973 1013 1004 lare
1032 977 1144 1004 tamen
1160 972 1341 1003 Lectorem
1361 970 1467 1001 nolim
1491 968 1649 1009 antiquos

943 1023 1046 1055 codd.
1071 1033 1187 1054 omues
1211 1032 1277 1053 non
1307 1026 1441 1053 tautum
1468 1020 1552 1051 duas
1578 1020 1650 1052 dic-

944 1074 1055 1105 tiones
1082 1072 1211 1112 facere,
1235 1072 1297 1104 sed
1323 1073 1470 1112 optimos
1496 1079 1650 1112 quosque

945 1134 992 1155 eae
1010 1133 1071 1165 per
1084 1135 1112 1155 a»
1127 1123 1299 1155 scribere:
1323 1130 1428 1163 atque
1453 1122 1486 1152 in
1507 1121 1650 1152 nonnul-

947 1174 986 1204 lis
1018 1173 1157 1213 apponi,
1196 1173 1206 1190 ‘
1232 1172 1435 1212 Interjectio
1474 1168 1651 1202 timentis.'

948 1224 1000 1255 De
1028 1223 1201 1264 particula
1226 1228 1342 1254 autem
1368 1232 1404 1254 ve
1424 1222 1458 1253 in
1484 1222 1651 1262 composi-

949 1273 1039 1304 tione
1057 1273 1161 1304 multa
1177 1272 1326 1311 Gellius,
1345 1281 1380 1304 v.
1396 1274 1448 1302 12.
1469 1275 1505 1302 et
1523 1279 1603 1302 ΧΠ.
1618 1274 1651 1302 5.

954 1322 1117 1362 Vepatlida
1146 1323 1223 1353 lecto
1252 1321 1392 1352 Desiliat
1425 1320 1548 1361 mulier,
1579 1320 1650 1361 εμπ]

953 1372 1129 1413 Vepallida,
1154 1381 1221 1402 una
1249 1371 1413 1402 orationis
1442 1380 1534 1412 pars,
1560 1371 1653 1402 sicut

947 1425 956 1441 ‘
971 1424 1119 1463 vesana‚'
1132 1427 1168 1455 et
1183 1422 1356 1463 significat
1368 1424 1378 1440 ‘
1391 1422 1489 1454 valde
1502 1421 1655 1463 pallida‚’

947 1475 1037 1506 sicut
1053 1474 1143 1514 apud
1161 1474 1330 1511 Persium,
1356 1474 1366 1490 ⁴
1386 1473 1435 1504 Ut
1450 1472 1579 1504 ramale
1595 1481 1653 1503 ve-

947 1528 1002 1556 tus
1028 1523 1194 1564 vegrandi
1218 1523 1342 1554 subere
1365 1521 1526 1554 coctum!
1577 1522 1653 1553 Ste-

947 1575 1078 1616 phanus
1099 1574 1157 1607 Voe
1178 1574 1456 1614 interjectionem
1471 1583 1549 1605 esse
1566 1574 1651 1613 vult,

946 1636 1024 1668 quae
1042 1635 1108 1657 non
1125 1625 1168 1656 ab
1186 1625 1261 1666 ipsa
1277 1625 1430 1664 muliere,
1442 1623 1503 1655 sed
1520 1623 1563 1655 ab
1580 1624 1654 1664 ipso

948 1675 1109 1715 Horatio,
1126 1680 1285 1716 tanquam
1301 1674 1548 1715 ingemiscente
1564 1673 1655 1704 illius

949 1725 1057 1763 casui,
1073 1723 1280 1764 proferatur.
1319 1723 1482 1763 Vepauida
1495 1723 1571 1753 lecto
1587 1722 1654 1753 De-

948 1774 1034 1804 siliat
1053 1773 1176 1813 mulier]
1201 1773 1257 1803 Ne
1274 1777 1427 1804 matrona
1443 1772 1566 1803 misere
1582 1772 1654 1812 pal-

950 1823 1019 1854 lida
1034 1833 1053 1854 e
1071 1823 1161 1854 lecto
1177 1822 1326 1854 desiliat.
1372 1821 1443 1854 Alii
1459 1823 1587 1863 legunt,
1607 1823 1655 1855 vel

949 1874 1078 1914 pallida.

994 1924 1057 1953 130
1082 1922 1215 1952 Conscia
1236 1921 1363 1962 clamet]
1389 1920 1522 1953 Ancilla
1542 1923 1653 1962 culpae

952 1971 1066 2004 herilis
1082 1972 1232 2004 conscia.
1270 1971 1374 2012 Angl.
1390 1972 1440 2003 tlte
1456 1973 1540 2004 maid
1554 1973 1654 2005 bama.

1000 2024 1057 2052 131
1082 2022 1236 2053 cruribus
1250 2021 1315 2053 ltoec
1330 2022 1463 2062 metuat]
1485 2023 1539 2054 Ne
1555 2031 1657 2054 crura

952 2071 1171 2112 compedibus
1201 2071 1434 2103 innectantur.
1493 2073 1574 2104 Doti
1603 2074 1656 2104 de-

947 2131 1073 2162 prensa,
1097 2125 1217 2160 egomet
1237 2121 1296 2162 mi]
1319 2122 1570 2154 Venustissima
1585 2123 1656 2155 dis-

954 2172 1141 2203 tributione
1157 2181 1255 2203 suum
1270 2171 1395 2214 cuique
1411 2176 1540 2204 melum
1558 2174 1657 2205 attri-

953 2222 1074 2261 buens,
1110 2222 1270 2253 ancillam
1308 2222 1480 2261 cruribus,
1514 2228 1656 2264 nuptam

952 2273 1036 2313 doli,
1051 2272 1243 2304 adulterum
1261 2273 1343 2313 pelli
1360 2273 1538 2305 timentem
1561 2274 1658 2305 velut

953 2323 986 2354 in
1018 2323 1120 2355 mimo
1151 2323 1266 2364 aliquo
1296 2328 1376 2354 ante
1401 2324 1517 2355 oculos
1548 2325 1657 2365 pouit,

953 2373 1043 2412 quod
1059 2372 1127 2402 illae
1145 2377 1227 2403 tunc
1244 2371 1317 2403 fere
1333 2382 1443 2412 poenae
1459 2373 1492 2403 in
1509 2383 1571 2403 usu
1584 2372 1657 2404 fue-

954 2421 1034 2453 rint.
1081 2422 1169 2452 Nam
1197 2425 1277 2452 ante
1302 2421 1414 2461 legem
1435 2421 1564 2453 Juliam
1587 2427 1657 2453 tam

954 2470 1045 2511 apud
1085 2470 1268 2510 Romanos,
1312 2480 1411 2511 quam
1448 2471 1527 2501 olim
1565 2471 1658 2511 apud

954 2520 1111 2559 Graecos,
1127 2519 1254 2550 licebat
1269 2520 1391 2551 marito
1412 2529 1553 2551 uxorem
1569 2521 1659 2552 occi-

954 2570 1049 2601 dere.
1062 2569 1178 2610 quade
1191 2579 1227 2600 re
1237 2569 1381 2610 Gellius,
1394 2572 1493 2600 x.23.
1517 2570 1660 2603 Licebat

954 2624 991 2651 et
1007 2620 1040 2651 in
1055 2619 1248 2650 adulterum
1265 2619 1401 2658 saevire,
1424 2624 1522 2651 certa
1545 2625 1658 2653 tamen

955 2670 1116 2702 cautione
1142 2667 1307 2700 adhibita.
1361 2669 1480 2701 Soluto
1509 2679 1591 2702 vero
1614 2671 1657 2704 ob

952 2719 1160 2751 adulterium
1186 2719 1417 2758 matrimonio,
1433 2719 1521 2751 dotis
1545 2725 1658 2752 reten-

957 2770 1005 2801 tio
1031 2770 1062 2801 ei
1086 2767 1322 2810 competebat,
1346 2768 1373 2799 si
1391 2770 1492 2810 culpa
1507 2770 1658 2802 mulieris

956 2820 991 2851 id
1009 2819 1202 2851 accidisset.
1247 2818 1346 2850 Dotis
1363 2828 1442 2851 vero
1461 2820 1559 2861 perdi
1580 2822 1659 2853 soli-
