1916 3262
416 273 527 317 1346

419 397 422 399 -
459 379 478 408 3
498 376 574 407 Jam
587 374 717 407 stabulis
735 376 851 416 gaudet
870 376 973 418 pecus]
996 376 1045 408 Ut
1067 376 1099 408 in

415 426 542 465 hyeme.
586 426 652 456 Aut
673 427 779 456 arator
802 425 884 466 igni]
907 425 1034 457 Mutari
1050 425 1100 456 di-

416 475 462 506 cit
486 483 579 505 nsum
606 474 695 513 vitae,
716 475 901 506 mutatione
927 475 1098 515 temporis.

413 522 509 564 Virg.
530 523 540 542 ‘
554 523 644 555 Ante
667 522 781 555 focum
806 525 835 555 si
857 522 964 564 frigus
980 524 1057 564 erit,
1071 523 1100 555 si

413 574 529 605 messis
544 573 577 604 in
591 572 731 605 umbra.’
748 574 866 604 Comm-

453 625 475 654 4
495 622 643 653 Albicant
651 621 788 662 pruinis]
809 622 1007 654 Albeseunt.

453 674 473 702 5
495 672 570 702 Jam
586 671 739 712 Cytherea
751 671 856 701 choros
870 670 970 710 ducit]
994 670 1098 701 Meri·

411 723 447 750 to
465 719 629 751 Venerem
643 720 839 751 chorearum
862 719 981 751 ducem
1003 718 1099 758 facit,

410 769 499 808 quod
513 779 552 800 ea
565 777 655 810 vere,
667 774 703 801 et
714 769 898 810 prasertim
910 778 1023 800 mense
1037 778 1097 799 suo

411 817 534 858 Aprili,
548 822 654 850 terras
672 818 834 858 revisens,
849 817 958 849 omnia
972 818 1097 849 exhila-

410 871 476 906 rat,
487 871 533 907 et,
548 868 659 898 calore
670 867 800 898 ossibus
816 867 991 903 redeunte,
1006 877 1096 898 amo-

408 924 462 947 res
478 916 648 956 conciliat,
661 921 700 947 ut
715 917 848 948 Luci-et.
860 916 895 947 et‘
908 916 1000 956 Virg.
1012 916 1096 947 ceci·

408 973 498 996 nere.
541 965 616 996 dam
630 965 796 1006 Cytherea]
811 965 997 996 Clementia
1011 969 1095 996 tem-

407 1013 498 1051 poris
519 1014 622 1044 etiam
644 1014 779 1045 invitari
798 1014 880 1045 dicit
901 1014 1028 1045 animos
1050 1013 1094 1045 ad

406 1061 540 1100 ludum3
561 1062 610 1093 ita
630 1066 668 1094 ut
687 1062 728 1094 de
745 1067 844 1094 nocte
860 1062 1092 1094 saltationibus

407 1114 538 1146 vacent,
551 1111 756 1151 Venerique.
778 1111 896 1142 Comm.
942 1111 1094 1151 Cytherea

405 1158 512 1188 choros
524 1157 624 1198 ducit]
647 1159 794 1199 Cythera
813 1159 921 1190 insula
939 1163 992 1190 est
1013 1168 1091 1190 con-

405 1211 460 1238 tra
475 1207 622 1247 Cretam,
636 1207 668 1238 in
682 1217 780 1248 quam
796 1207 910 1238 ferunt
923 1207 1091 1240 Venerem

405 1257 548 1297 primum
564 1261 695 1288 vectam
710 1256 840 1288 concha
854 1256 993 1288 marina.
1032 1257 1090 1289 Ve-

403 1308 476 1347 nus]
492 1307 607 1338 Venus
620 1306 688 1337 dux
702 1306 794 1337 chori
806 1307 875 1346 jam
891 1315 966 1337 cum
984 1306 1090 1346 Nym-

403 1356 477 1396 phis
498 1359 534 1387 et
548 1355 678 1387 Gratiis
693 1355 735 1387 ad
752 1356 878 1387 Lunam
902 1355 1004 1386 saltat
1028 1356 1088 1386 im-

402 1404 597 1442 minentem,
612 1404 646 1435 id
662 1408 726 1442 est,
741 1403 974 1444 propinquam,
986 1408 1019 1434 et
1035 1413 1089 1434 su-

402 1461 464 1493 pra
473 1457 574 1492 caput
587 1453 766 1484 lucentem.
790 1453 972 1483 Imminente
981 1452 1088 1492 Luna]

399 1501 608 1542 Simpliciter
632 1500 674 1532 ad
701 1505 835 1532 noctem
868 1499 982 1540 refer3
1009 1510 1086 1532 nam

401 1550 475 1582 Diis
503 1555 604 1581 noctu
632 1549 840 1589 potissimum
873 1554 979 1589 gratas
1008 1554 1087 1581 suut

400 1605 516 1642 terrae,
545 1610 586 1632 ne
613 1601 804 1632 mortalium
827 1599 931 1631 oculis
955 1600 1087 1640 conspi-

399 1650 544 1682 ciantur.
574 1650 687 1684 Quare
703 1649 746 1680 de
761 1653 862 1680 nocte
876 1648 923 1679 sic
940 1648 1086 1686 Statius:

397 1698 408 1716 ⁴
423 1699 516 1732 Tunc
531 1698 667 1739 Superis
688 1701 823 1729 terrena
844 1695 1013 1736 placent:’
1034 1701 1086 1728 at·

398 1756 464 1788 que
478 1746 555 1779 hinc
569 1751 740 1778 nocturnae
755 1753 927 1785 magorum
941 1753 980 1776 ac
991 1753 1086 1784 saga·

398 1805 468 1828 rum
485 1796 628 1827 choreae.
663 1794 792 1827 Turneb.
807 1794 940 1825 Adi-m.
959 1801 1012 1824 ix.
1033 1796 1087 1825 2⁷.

397 1845 595 1886 Imminente]
613 1844 762 1884 Tempus
777 1851 938 1884 praesens,
949 1842 1019 1874 sive
1035 1842 1085 1874 in-

396 1895 536 1935 cipiens,
549 1904 616 1926 non
631 1894 731 1925 aliter
746 1902 845 1934 quam
860 1895 978 1932 tempus
987 1891 1087 1923 inuni-

396 1953 470 1975 nens
481 1953 502 1975 a
517 1944 661 1982 Graecis,
671 1943 733 1973 hoc
745 1945 810 1982 est,
824 1940 954 1972 ἐνεστὼς
963 1939 1083 1981 χρόνος,

395 1992 532 2024 dicitur.
575 1991 786 2031 Principium
819 1994 931 2022 autem
955 1989 1084 2029 Aprilis

395 2041 522 2072 Veneri
537 2049 667 2071 sacrum
684 2043 770 2079 erat,
784 2042 822 2070 ut
837 2047 880 2068 ex
896 2037 1005 2068 Fastis
1019 2037 1082 2068 sci-

394 2099 479 2121 mus.
531 2090 646 2120 Venus
669 2097 751 2128 ergo
779 2086 898 2118 choros
923 2084 1081 2116 Calendis

395 2139 463 2170 suis
479 2137 586 2172 ducit,
605 2146 687 2178 quas
707 2135 833 2171 Groeci,
853 2134 910 2175 qui
924 2133 1081 2165 Calendis

394 2192 524 2226 carent,
545 2187 753 2218 imminentem
777 2185 889 2221 tunam,
917 2181 1081 2220 ῑπαμένην

393 2235 541 2274 σελήνην,
563 2235 626 2266 hoc
649 2239 714 2272 est,
733 2231 856 2263 mensis
880 2229 1079 2270 principium

393 2289 452 2316 aut
475 2284 581 2315 Lunae
603 2285 746 2314 vocant:
769 2281 840 2311 siva
863 2278 972 2318 ipsum
985 2277 1080 2309 novi—

390 2332 473 2364 lunii
489 2336 635 2372 tempus,
646 2329 734 2372 quod
749 2328 954 2360 imminebat.
988 2327 1079 2358 Luna

390 2381 551 2412 imminens
564 2389 657 2420 ergo,
669 2378 884 2410 novilunium.
900 2377 1061 2409 Heinsius.

433 2433 455 2461 6
478 2429 601 2460 Gratia·
623 2427 776 2468 decentes]
800 2427 885 2460 Quae
906 2430 985 2458 suut
1007 2426 1076 2458 Ve-

391 2478 480 2509 neris
504 2482 541 2509 et
563 2476 676 2508 Liberi
698 2475 788 2515 filim,
809 2485 872 2507 nec
889 2475 1073 2509 immeritm

392 2526 522 2559 Gratiae
547 2526 636 2558 enim
658 2535 718 2567 per
739 2526 855 2557 horum
877 2524 950 2557 fere
971 2526 1076 2557 numi·

390 2587 470 2609 num
499 2587 638 2609 munera
671 2577 904 2609 conciliantur.
957 2576 1074 2608 Venus

392 2636 472 2658 sane
499 2628 592 2658 nulla
611 2627 683 2659 sine
701 2627 821 2658 Gratia
841 2629 907 2666 est,
928 2625 990 2658 hoe
1007 2630 1074 2667 est,

391 2675 551 2707 comitate
566 2676 634 2713 illa,
653 2686 719 2718 qua
739 2685 775 2708 se
797 2675 916 2708 mulier
931 2684 1074 2708 commo·

391 2722 451 2753 dat
474 2724 557 2762 viro,
576 2734 616 2755 ac
637 2725 806 2757 submittit
827 2725 931 2757 ultro.
972 2724 1073 2758 Quod

390 2771 425 2802 in
442 2771 573 2812 ἐρωτικῷ·
591 2773 790 2805 Plutarchus
810 2774 970 2807 ostendit.
995 2774 1073 2806 Tur·

390 2820 457 2853 neb.
473 2829 565 2853 xxx.
580 2824 632 2854 11.
677 2823 799 2855 Gratia
811 2823 966 2863 decentes]
987 2824 1070 2857 Quas

870 284 1009 316 No'rAE
1042 284 1299 316 VARmRUM
1332 285 1383 316 IN

1146 377 1245 408 nudae
1260 377 1456 418 pinguntur,
1473 376 1547 418 quia
1563 375 1645 407 fides
1661 380 1779 417 aperta
1793 381 1830 411 et

1146 426 1286 466 simplex
1309 435 1381 457 esse
1404 426 1515 456 debet.
1543 426 1662 457 Comm.
1705 425 1827 459 Gutta

1145 475 1298 515 decentes]
1313 475 1444 515 Aginis,
1459 475 1690 515 Euphrosyne,
1701 474 1830 508 Thalia.

1175 526 1195 555 7
1206 523 1335 556 Alter-no
1345 528 1462 556 terram
1472 524 1612 564 quatiunt
1624 523 1713 564 pede]
1727 524 1828 556 Nune

1145 572 1220 608 hoc,
1228 582 1315 605 nunc
1325 574 1383 605 illo
1395 573 1480 614 pede
1493 579 1614 604 terram
1626 574 1760 613 pulsant
1769 583 1829 605 nu·

1146 630 1275 652 mer-ose
1284 623 1457 654 saltantes.
1485 623 1572 653 Dum
1583 621 1725 662 graecis]
1735 622 1825 654 Dum

1144 670 1314 703 Vulcanus
1339 672 1372 703 in
1395 673 1492 703 AEtna
1514 676 1628 702 moute
1651 670 1747 702 cudit
1765 669 1829 702 ful·

1145 719 1236 750 mina
1251 728 1325 751 cum
1342 720 1544 761 gigantibus,
1571 729 1710 761 quorum
1726 728 1831 760 opera

1143 773 1179 800 et
1195 769 1380 802 ministerio
1393 770 1426 802 in
1441 770 1480 802 iis
1494 769 1695 801 fabricandis
1710 769 1830 802 utitur.

1143 817 1230 848 Dum
1242 818 1378 859 graneis]
1398 819 1462 849 Vel
1485 818 1680 859 simpliciter
1703 817 1826 849 intelli-

1143 865 1288 905 gendum
1299 877 1309 904 ;
1322 866 1413 907 quod
1421 876 1462 898 eo
1474 871 1627 908 tempore
1637 867 1704 898 olla
1715 867 1826 898 AEtnae

1142 915 1264 946 montis
1279 919 1465 947 exaestuare
1480 916 1632 957 incipiat.
1681 915 1748 947 Vel
1764 924 1826 956 per

1137 972 1250 1002 graves
1262 964 1396 1005 officinas
1418 965 1491 1005 ipsa
1506 965 1654 996 membra
1665 963 1826 1004 genitalia

1141 1013 1353 1053 significavit,
1367 1023 1441 1054 quae
1458 1023 1535 1046 vere
1558 1014 1744 1046 naturalem
1767 1021 1824 1045 co·

1139 1062 1241 1094 Eundi
1256 1062 1423 1094 fervorem
1439 1064 1619 1104 accipiunt.
1643 1063 1761 1094 Comm.

1182 1114 1202 1142 8
1218 1113 1365 1144 Vulcanus
1373 1112 1498 1152 ardens]
1505 1113 1719 1152 Consequens
1730 1117 1824 1151 sane,

1139 1164 1175 1192 ut
1191 1161 1247 1202 qui
1262 1162 1306 1192 ob
1327 1162 1412 1200 ignis
1425 1166 1577 1192 naturam
1599 1161 1672 1201 ipse
1695 1159 1827 1196 ardeat.

1138 1209 1298 1250 quicquid
1322 1210 1491 1250 attigerit,
1517 1212 1654 1249 perurat
1669 1219 1677 1240 ι
1710 1217 1826 1250 quam·

1139 1267 1236 1298 quam
1255 1263 1291 1290 et
1314 1258 1357 1289 ad
1379 1258 1492 1298 operis
1518 1257 1729 1297 diligentiam
1749 1257 1824 1289 haeo

1136 1305 1253 1337 referri
1277 1311 1425 1347 possunt.
1473 1307 1548 1338 Urit
1573 1302 1723 1348 efficians]
1744 1305 1823 1338 Nou

1137 1363 1256 1386 revera
1281 1356 1358 1393 urit,
1376 1355 1435 1386 sed
1457 1355 1566 1386 Poe'ta
1589 1355 1820 1386 vehementem

1135 1403 1220 1442 ignis
1244 1403 1397 1434 ardorem
1419 1402 1590 1442 exprimit,
1605 1411 1672 1443 quo
1687 1403 1822 1435 metalla

1134 1452 1332 1493 liquescunt.
1380 1452 1452 1483 Urit
1466 1451 1616 1492 officinas]
1628 1450 1728 1483 Quod
1744 1460 1821 1484 cum

1135 1501 1221 1532 veris
1242 1506 1394 1541 tempore
1409 1500 1580 1532 crebriora
1595 1500 1742 1531 existant
1757 1499 1822 1532 ful-

1135 1550 1235 1584 mina,
1264 1549 1456 1590 diligentius
1480 1558 1522 1580 ea
1548 1552 1628 1580 tunc
1654 1547 1821 1580 fabricare

1135 1598 1322 1629 Vulcanum
1333 1598 1510 1630 conveniat
1520 1608 1530 1628 :
1544 1607 1587 1629 ne
1601 1597 1678 1630 Jovi
1689 1597 1822 1629 scilicet

1135 1648 1202 1678 tela
1212 1647 1336 1680 desint.
1353 1648 1494 1679 Torreat.
1543 1646 1698 1678 Vulcanus
1709 1647 1821 1678 ardens

1133 1696 1198 1726 urit
1209 1695 1358 1738 ficimus]
1370 1697 1453 1728 Cum
1470 1695 1636 1727 veteribus
1645 1695 1740 1727 libris
1752 1705 1822 1727 ma·

1134 1747 1167 1776 lo
1181 1746 1277 1777 visit.-
1303 1745 1390 1786 quod
1405 1749 1441 1776 et
1461 1745 1494 1776 in
1515 1744 1740 1776 Pinakeriano
1761 1754 1821 1776 ex·

1132 1797 1211 1825 stat.
1254 1794 1310 1825 Ita
1338 1802 1394 1824 111.
1425 1793 1494 1824 Od.
1518 1795 1573 1824 28.
1597 1793 1640 1825 de
1661 1793 1818 1826 Venere:

1132 1842 1143 1860 ⁴
1152 1843 1236 1875 Quae
1247 1842 1377 1874 Cnidon
1390 1842 1636 1882 Fulgentesque
1649 1845 1744 1873 tenet
1753 1842 1820 1882 Cy·

1132 1891 1260 1932 cladas,
1276 1895 1311 1923 et
1326 1891 1465 1932 Paphon
1480 1890 1612 1923 Juuctis
1629 1890 1706 1922 visit
1718 1890 1819 1922 olori-

1131 1939 1216 1971 bns!
1260 1939 1459 1980 Apollonius
1482 1939 1542 1971 lib.
1557 1948 1612 1970 ιιι.
1635 1939 1679 1971 de
1693 1939 1817 1972 Vulca-

1130 1998 1194 2019 no:
1217 1989 1303 2019 Ἀλλ’
1324 1989 1342 2018 ὁ
1362 1987 1419 2026 μὲν
1439 1989 1470 2019 ἐς
1482 1989 1647 2026 χαλκεῶνα
1659 1987 1711 2020 καὶ
1723 1987 1820 2027 fimo·

1129 2049 1183 2069 νας
1195 2036 1245 2078 ἦρι
1254 2036 1393 2075 βεβήκει.
1416 2038 1564 2076 Rutgers.

1169 2088 1191 2116 9
1213 2086 1360 2117 Nitidum
1381 2085 1488 2124 caput]
1510 2085 1622 2125 Caput
1642 2089 1817 2123 unguento

1128 2132 1312 2164 delibutum
1325 2137 1360 2164 et
1371 2132 1621 2174 splendescens.
1667 2133 1817 2174 Impedire

1127 2183 1241 2222 myrto]
1251 2182 1429 2222 Implicare
1444 2185 1543 2222 atque
1558 2180 1740 2214 involvere.
1765 2182 1815 2215 At

1125 2230 1269 2270 expedire
1282 2230 1484 2262 contrarium
1500 2234 1565 2261 est.
1600 2231 1647 2262 Et
1660 2235 1756 2263 recte
1770 2240 1814 2264 ax

1127 2279 1246 2310 arbore
1272 2283 1436 2319 ‘myrtum
1450 2278 1459 2293 ’
1489 2282 1619 2310 tantum
1649 2272 1813 2321 nominat,

1126 2328 1253 2360 Veneri
1270 2337 1393 2369 nempe
1408 2337 1548 2367 sacram,
1561 2328 1648 2359 unde
1665 2333 1700 2360 et
1721 2330 1812 2370 apud

1124 2377 1291 2409 Romanos
1305 2379 1315 2396 ‘
1327 2380 1475 2418 myrtea’
1488 2377 1590 2408 dicta.
1631 2377 1729 2409 Inter
1749 2378 1810 2411 flo-

1123 2435 1176 2458 res
1199 2436 1279 2459 vero
1293 2436 1358 2458 non
1380 2426 1580 2468 distinguit:
1604 2436 1718 2459 omnes
1738 2427 1811 2461 fere

1123 2475 1248 2506 Veneri
1276 2475 1470 2516 gratissimi.
1516 2475 1670 2515 Impedit!
1695 2478 1813 2519 myrto]

1124 2523 1292 2555 Coronare
1318 2528 1421 2564 caput
1443 2527 1535 2554 serto
1557 2533 1600 2556 ex
1614 2529 1735 2567 myrto,
1750 2531 1808 2558 aut

1122 2573 1194 2604 aliis
1208 2572 1357 2609 floribus,
1372 2573 1587 2606 concinnato.

1165 2626 1205 2654 10
1230 2624 1333 2655 Terroe
1346 2623 1545 2664 quemserunt
1558 2622 1683 2663 solutoe]
1699 2623 1806 2656 Quem

1122 2674 1210 2705 veris
1239 2674 1352 2705 calore
1377 2674 1498 2704 laxstae
1522 2672 1712 2713 producunt
1737 2676 1806 2704 tar-

1121 2733 1181 2764 rae,
1195 2733 1269 2766 quae
1293 2724 1419 2765 hyemis
1442 2723 1554 2755 calore
1574 2721 1708 2754 fuerant
1727 2730 1806 2754 eon·

1118 2773 1258 2805 strictae.
1294 2783 1302 2789 ·

1165 2826 1203 2854 11
1228 2823 1320 2854 Nune
1341 2825 1372 2855 et
1391 2822 1425 2855 in
1445 2819 1607 2860 ambrosia]
1627 2818 1725 2852 Anno
1732 2819 1804 2860 jam
