1982 3230
627 311 983 343 Epls'roLARtJM
1021 312 1120 346 mu.
1153 311 1183 342 1.
1214 300 1284 342 19.
1574 301 1689 344 1195

226 410 316 452 Det
335 409 486 458 vitam,
507 407 585 448 det
604 419 743 460 opes:
774 419 953 461 aequum
970 406 1032 447 mi
1053 406 1247 448 animum
1265 406 1364 460 ipse
1383 406 1573 459 parabo.

225 510 338 583 tbigllare,
353 507 475 581 quiudaezt
485 508 516 537 et
530 505 656 546 adimit,
671 505 791 537 tribuat
808 504 908 536 vitam
914 501 1144 543 etsocultates:
1158 507 1194 537 at
1203 503 1345 536 mihimet
1356 503 1424 545 ipse
1432 503 1573 536 animum
1586 514 1691 547 ακμα-

272 561 320 583 em
330 560 398 592 proe
431 560 450 581 a
470 559 499 580 ο.

840 598 1081 612 ΟΜΟΝΜΟΟΟ

225 657 275 689 rit
285 656 480 689 sententia:
504 664 628 696 nempe
644 664 696 696 ea,
713 665 790 695 quae
805 655 945 695 Jupiter
959 655 1046 687 solet
1062 654 1157 693 dare,
1172 654 1262 686 bona
1283 645 1508 695 temporatim
1531 663 1598 686 non
1615 665 1691 697 qnae

225 700 389 737 animum,
413 698 516 729 animi
545 697 660 736 dotes,
689 697 833 730 virtutes
862 698 1070 739 respiciunt3
1093 706 1136 729 ex
1161 697 1386 729 Ethnicoruin
1414 697 1691 739 philosophorum

225 742 396 783 opinione,
411 741 573 772 damnata
587 741 692 772 etiam
709 742 882 772 communi
903 743 1026 772 sensu?
1049 740 1127 772 Fen.
1172 740 1289 772 Ceteri
1311 740 1378 781 qni,
1404 741 1457 771 vel
1481 750 1553 781 quo.
1595 740 1691 773 Non-

224 784 309 816 nulli
325 783 426 816 codd.
452 784 532 815 Feae
553 783 664 823 ponit,-
681 788 717 815 et
730 785 780 815 sic
797 784 852 815 alii
868 782 968 815 codd.
985 783 1077 824 apud
1095 784 1199 824 Cruq.
1215 783 1331 815 Bentl.
1345 783 1424 815 Val.
1440 783 1584 822 Combe,
1601 793 1693 823 prae-

223 827 304 859 tulit
320 826 521 864 Bentleius;
543 832 735 867 sequnntur
751 836 938 868 anonymus
953 825 1047 867 Traj.
1063 826 1107 857 ad
1123 825 1233 858 Rhen.
1250 827 1347 857 1713.
1377 825 1465 857 Cnn.
1480 825 1562 858 San.
1579 825 1690 858 Merv.

223 869 379 910 samby,
395 869 503 901 Gesn.
521 869 663 908 Dorigb.
688 869 698 886 ‘
713 869 782 901 Sed
800 869 980 901 retinenda
1006 869 1072 900 alia
1098 869 1201 900 lectio
1218 869 1358 908 vulgata
1372 869 1481 910 donat,
1504 878 1606 910 quam
1634 869 1691 900 lia-

223 912 307 944 bent
322 913 431 944 ceteri
447 911 533 943 Mss.
551 912 670 950 nostri,
692 916 727 943 et
754 912 908 950 aliorum,
923 916 960 943 et
984 911 1137 945 Joannes
1153 911 1415 943 sarisberiensis
1431 911 1569 952 Polycr.
1586 919 1641 942 ιιι.
1658 914 1691 942 9.

224 955 352 996 quippe
367 955 423 986 cui
438 953 535 988 favet
560 955 757 995 proprietas
774 954 883 993 verbi,
898 954 989 996 quod
1003 955 1059 986 liic
1074 955 1231 986 Deorum
1249 953 1526 994 beneficentiam,
1540 954 1692 985 liberali-

224 1002 332 1030 tatem
357 997 501 1029 includit
528 997 571 1029 ad
597 997 770 1029 hominum
796 998 1006 1036 utilitatem3
1030 1001 1069 1029 ut
1092 1005 1150 1030 111.
1169 997 1240 1029 Od.
1256 999 1288 1029 8.
1303 999 1360 1029 27.
1383 1002 1420 1029 et
1444 997 1566 1029 eodem
1592 1006 1692 1029 sensu

224 1040 377 1082 generali
403 1040 528 1082 passim
558 1040 652 1072 alibi.
714 1040 846 1072 Contra
867 1041 877 1058 ⁶
895 1039 1049 1081 ponere‚’
1079 1044 1133 1072 est
1161 1040 1367 1081 simpliciter
1388 1042 1398 1058 ⁴
1416 1039 1616 1081 deponere,’
1640 1041 1693 1070 vel

223 1083 234 1102 ⁸
249 1083 418 1115 collocare
431 1082 452 1122 ς’
470 1088 508 1114 ut
524 1083 559 1114 in
574 1083 650 1115 loco
666 1082 707 1114 ab
723 1083 798 1124 ipso
814 1084 976 1115 Bentleio
991 1082 1156 1122 adducto,
1171 1092 1198 1115 ι.
1213 1082 1283 1116 Od.
1296 1085 1350 1115 34.
1364 1086 1416 1115 16.
1432 1087 1470 1115 et
1485 1083 1569 1114 alibi
1584 1092 1693 1122 soepe.

224 1125 385 1158 Errorem
410 1125 491 1157 inde
516 1130 598 1166 puto
622 1131 748 1166 ortum,
770 1125 860 1168 qnod
885 1127 919 1158 in
945 1126 1115 1167 aliquibus
1131 1125 1233 1157 codd.
1250 1126 1377 1158 lectum
1394 1126 1438 1157 sit
1460 1128 1578 1166 ponat;
1602 1124 1691 1156 unde

225 1174 346 1208 postea
373 1178 393 1200 a
416 1178 461 1200 m.
486 1178 555 1200 sec.
571 1168 790 1200 emendatum
811 1169 924 1210 μανείη
947 1178 1024 1200 cum
1053 1169 1190 1200 restitui
1216 1168 1396 1200 debuisset
1421 1169 1527 1200 donat.
1571 1168 1628 1200 Sic
1655 1168 1691 1198 in

223 1210 307 1242 Vnt.
325 1215 358 1241 5.
381 1210 525 1242 habetur
545 1215 664 1252 ponat;
687 1211 721 1242 in
746 1211 827 1243 Vnt.
854 1211 957 1243 Rom.
976 1214 1006 1243 1.
1030 1214 1138 1251 ponat,
1163 1216 1199 1242 et
1225 1221 1246 1242 a
1269 1221 1312 1242 m.
1338 1220 1409 1242 sec.
1432 1210 1543 1251 ponit!
1565 1211 1694 1241 Fen.—

227 1255 290 1284 112
311 1253 543 1284 Schoenborn.
566 1256 596 1284 2.
618 1253 758 1284 animum
775 1255 817 1284 mi
831 1263 966 1294 oequum.
1012 1253 1124 1285 Codd.
1150 1263 1208 1293 ap.
1233 1254 1349 1284 Bentl.
1370 1253 1511 1284 animum
1535 1253 1615 1284 mihi
1634 1261 1693 1292 ego

223 1294 292 1336 ipse
309 1296 451 1336 paral»,-
473 1296 522 1327 ita
536 1295 690 1329 Joannes
704 1296 873 1327 Sarisber.
896 1295 974 1328 Pol.
990 1304 1048 1327 ln.
1065 1298 1096 1328 9.
1117 1299 1152 1327 et
1169 1295 1224 1328 ed.
1241 1295 1369 1327 Sanad.

888 1377 1030 1411 NOTAE

266 1445 330 1475 112
352 1441 490 1483 AEquum
503 1441 700 1473 unianimam
716 1439 932 1483 ipsepambo]
985 1451 1062 1473 esse
1088 1441 1315 1483 sapientiam.'
1357 1440 1517 1474 Juvenal.
1553 1442 1626 1475 Sat.
1656 1451 1693 1476 x.

224 1494 297 1529 Cic.
324 1501 381 1525 ιιι.
405 1493 450 1524 de
476 1492 561 1524 Nat.
586 1492 690 1525 Deor.
726 1493 737 1510 ⁴
753 1490 930 1525 Judicium
986 1492 1049 1524 sub
1065 1491 1189 1524 finem:
1211 1493 1221 1510 ‘
1240 1493 1400 1525 Monstro
1416 1493 1505 1534 quod
1533 1492 1608 1534 ipse
1631 1495 1693 1526 tibi

221 1545 287 1577 hoc
300 1543 448 1575 omnium
465 1542 656 1574 mortalium
674 1546 741 1582 eat,
756 1541 930 1574 fortunam
986 1544 1098 1585 possis
1110 1543 1206 1575 dare.
1227 1543 1357 1575 Semitn
1371 1547 1468 1575 certe
1482 1542 1694 1586 Tranquillae

224 1596 332 1628 aueo
345 1594 546 1636 petendam3
563 1603 584 1625 a
599 1593 713 1635 seipso
730 1593 929 1626 sumendam
985 1603 1050 1636 per
1065 1594 1228 1627 virtutem
1245 1597 1342 1636 patet
1359 1593 1460 1626 unica
1473 1594 1565 1626 vitae.

712 1719 1029 1764 EPISTOLA
1062 1722 1213 1764 XIX.

738 1822 806 1852 AD
840 1821 1180 1852 MAEGENATEM.

227 1888 346 1921 Poetoe
357 1888 529 1930 judicium
546 1887 589 1919 de
605 1887 674 1919 suis
691 1891 726 1919 et
742 1887 996 1928 poetastrorum
1009 1887 1063 1918 sui
1078 1888 1197 1920 saecnli
1213 1889 1366 1930 scriptis.
1391 1889 1494 1920 Baxt.
1539 1889 1693 1922 Primum

269 1941 493 1983 reprehendit
507 1950 640 1972 servum
656 1940 869 1972 imitatorum
882 1950 1001 1982 pecus,
1013 1940 1084 1982 qui,
1096 1941 1278 1974 virtutibus
1293 1942 1501 1983 optimorum
1517 1942 1694 1983 poetarum

269 1994 452 2036 neglectis,
465 1998 592 2025 temere
609 1997 644 2024 et
659 1993 782 2025 stolide
795 1993 881 2025 vitia
893 1993 1082 2025 imitentur.
1127 1995 1171 2026 Se
1188 1994 1326 2035 quidem
1342 1994 1542 2027 Archilochi
1557 1994 1696 2027 lambos

268 2053 307 2080 et
332 2046 442 2080 Aleaei
469 2055 630 2078 numeros
654 2046 826 2078 imitatum
851 2054 938 2082 esse,
964 2050 1010 2078 et>
1025 2046 1171 2088 primum
1187 2047 1309 2079 Latine
1334 2047 1513 2088 vulgasse:
1537 2047 1598 2079 sed
1627 2057 1695 2079 non

267 2100 352 2132 item
369 2110 422 2132 res
444 2106 480 2132 et
497 2100 613 2132 verba.
660 2100 730 2132 Cur
752 2109 834 2131 vero
850 2099 1004 2132 carmina
1020 2110 1081 2132 sun
1099 2101 1205 2142 vulgo
1227 2102 1343 2142 legant
1360 2101 1465 2142 domi,
1481 2100 1566 2133 foris
1579 2106 1693 2133 autem

267 2154 536 2196 reprehendant,
552 2163 690 2185 causam
716 2163 792 2185 esse
815 2153 912 2190 hanc,
940 2153 1030 2196 quod
1059 2164 1125 2186 nou
1148 2155 1375 2187 multitudinis
1402 2165 1479 2187 cnm
1508 2154 1696 2196 poetastris

267 2206 435 2249 suffragia.
450 2211 607 2246 venetur,
622 2216 686 2239 nec
702 2207 846 2239 aliorum
860 2208 1015 2240 carmina
1031 2209 1162 2250 audiat,
1181 2219 1246 2241 nec
1262 2219 1324 2241 sua
1339 2209 1464 2241 recitet
1481 2208 1630 2251 publice.

226 2270 413 2314 Pmsco
435 2273 474 2314 si
493 2271 654 2323 credis,
676 2271 905 2316 Maecenas
926 2274 1073 2326 docte,
1093 2275 1294 2326 Cratino,

252 2367 256 2377 ⁴
275 2371 305 2402 Ο
318 2370 477 2404 Moecenas
496 2372 630 2409 erudite,
653 2371 789 2414 sifidem
803 2372 897 2413 habes
912 2373 1011 2405 veteri
1028 2374 1174 2414 Cratino,
1188 2375 1277 2407 nulla
1289 2375 1433 2416 poemata
1447 2374 1503 2406 diu
1512 2375 1634 2416 placere
1647 2376 1696 2406 vel

844 2457 1022 2471 000000000
1026 2458 1085 2471 000

276 2509 431 2550 Epistola
447 2510 599 2543 secunda
615 2511 710 2544 Libri
728 2512 871 2545 secundi
887 2512 922 2544 in
938 2513 1004 2545 Ed.
1022 2513 1212 2545 Sanade-s
1235 2512 1471 2545 Schoenborn.
1487 2516 1519 2545 2.
1541 2523 1630 2553 aquoe
1643 2521 1698 2553 pe·

890 2598 922 2631 N
929 2597 1035 2632 01·AE

274 2662 292 2690 1
319 2659 429 2690 Prisco
455 2658 484 2689 si
509 2658 624 2698 credis]
658 2659 831 2691 Poetastri
860 2661 935 2702 qui-
990 2662 1175 2702 nequirent
1191 2660 1256 2691 nisi
1282 2659 1340 2700 qni
1366 2657 1505 2689 Baccho
1531 2658 1624 2699 pleni
1647 2668 1698 2691 es-

159 2730 164 2735 ·
231 2711 311 2742 dam
346 2710 424 2740 vino
459 2708 686 2750 indulgebant
718 2710 933 2750 plusculum:
990 2716 1080 2742 sent.
1103 2710 1277 2741 Adversus
1290 2710 1378 2739 lianc
1391 2708 1596 2740 sententiam
1612 2719 1697 2750 pug-

230 2761 335 2803 idque
358 2759 541 2802 ,iactabant
567 2759 684 2791 facere
714 2768 752 2790 se
778 2761 937 2801 exemplo
991 2765 1051 2791 nat
1067 2760 1214 2791 solerter
1230 2759 1283 2790 hic
1302 2762 1421 2790 noster
1437 2762 1547 2798 vates,
1568 2763 1605 2791 et
1628 2759 1696 2792 Eu-

230 2817 386 2842 veterum
404 2808 595 2850 poetarum,
619 2809 763 2844 Cratini,
784 2809 937 2846 Homeri.
992 2809 1092 2840 bnlus
1109 2809 1199 2849 apud
1217 2807 1344 2840 Athen.
1360 2817 1400 2839 11.
1411 2810 1444 2839 6.

231 2861 353 2893 Ennii:
380 2859 474 2903 quasi
490 2860 613 2891 bonum
630 2869 767 2891 carmen
786 2869 937 2901 pangere
1039 2860 1185 2902 Cratino]
1208 2858 1243 2892 1s
1260 2869 1279 2891 s.
1293 2858 1400 2892 suida
1417 2858 1516 2891 valde
1539 2858 1641 2892 bibax
1660 2865 1696 2892 et
