1916 3262
402 300 609 333 noaxrn
641 299 919 330 mmmmm
950 299 1049 333 1⁴18.
1079 299 1154 330 ιιι.
1183 289 1252 330 U.

90 397 336 430 sceleratorum
346 397 463 429 animis
473 394 674 427 inferuntur.
696 394 788 433 Sem,

93 447 173 489 quia
189 447 343 479 viventes
357 447 457 479 etiam
482 445 618 486 punitos
635 445 789 486 oportuit

91 505 180 529 cue.
206 496 296 528 Torr.
340 493 571 536 Seraquesalu]
594 494 678 526 Fata
690 494 788 526 tarde

91 546 264 579 venientia
278 546 322 579 ad
337 546 511 580 ultionem,
535 549 572 575 ut
595 553 636 575 eo
651 544 788 585 gravius

93 597 248 637 puniant.
293 595 464 637 [Genioque
487 593 563 634 soto
590 593 789 626 Markland.

93 655 149 688 ap.
163 646 305 689 sach]

135 698 179 728 29
201 697 282 732 Qaae
295 699 420 728 ment
431 692 553 736 culpas]
575 692 619 725 Id
633 696 700 734 est,
715 701 790 724 sce-

90 746 166 778 lera
190 746 226 778 iu
256 746 329 778 vita
355 743 555 783 commissa;
593 752 654 774 seu
676 743 790 784 potius

93 795 277 829 sceleratos
288 795 391 836 ipsos.
413 795 459 827 Et
479 793 584 825 verbo
606 794 616 811 ‘
633 792 790 825 manere'

93 844 144 877 sie
151 844 368 876 utitaretiam
379 844 472 884 Virg.
482 842 616 876 AEneid.
632 852 659 875 1.
682 844 692 861 ⁸
705 843 791 875 Nos-

94 898 167 927 tros
190 903 232 926 ea
255 893 327 927 fata
347 903 487 926 manere
507 893 677 935 nepotes!
727 893 792 924 Re-

91 948 194 986 cepta
225 944 316 976 enim
344 949 497 976 veterum
525 943 698 975 sententia
727 945 793 978 est.

93 1003 161 1028 non
175 993 308 1035 expiari
323 995 462 1027 sceleris
475 1003 605 1035 paenas,
616 997 695 1034 post
705 1001 794 1024 mor·

95 1047 165 1075 tem
192 1053 330 1085 quoque
363 1043 536 1076 sustiueri.
580 1043 637 1074 De
670 1050 739 1083 quo
767 1050 794 1074 1.

95 1092 168 1125 od.
181 1095 214 1125 4.
241 1093 384 1126 Torreat.
422 1094 510 1126 Quae
524 1101 606 1133 ergo
620 1091 705 1132 fata,
719 1100 793 1133 qne

94 1141 234 1184 quidem
249 1151 315 1173 non
330 1146 527 1183 properant,
537 1141 596 1173 sed
609 1145 747 1173 manent
758 1144 796 1172 et

96 1197 301 1233 exspectant
322 1193 452 1234 culpas,
474 1192 628 1233 crimina,
652 1191 796 1231 scelera,

94 1242 200 1274 etiam
213 1242 274 1274 sub
291 1241 386 1274 Orco
402 1242 538 1274 luenda.
563 1242 661 1283 Craq.

140 1294 190 1324 80
206 1292 328 1333 Impia,
347 1293 418 1334 lya]
453 1292 485 1324 Ο
509 1292 622 1333 impiae
651 1300 797 1326 sorores,

97 1350 175 1373 uam
201 1341 284 1383 quid
307 1342 417 1382 majus
442 1341 582 1382 impium
609 1345 798 1382 potuerunt

97 1391 319 1432 perpetrare?
352 1391 440 1426 Quid
464 1394 591 1431 potum
615 1390 717 1428 maias
736 1389 796 1420 im-

91 1439 172 1482 pia]
192 1439 250 1472 Sic
262 1439 388 1471 habeut
399 1439 535 1472 codices
552 1439 677 1471 Bland.
692 1442 731 1470 ut
746 1439 797 1470 in-

97 1489 339 1530 terrogationis
378 1493 459 1521 nota
497 1488 724 1530 subsequatur
759 1487 797 1519 τὸ

93 1538 222 1581 impie?
244 1539 367 1581 reliqui
382 1539 532 1578 variant,
555 1542 591 1570 et
616 1542 730 1569 notam
746 1537 796 1568 in-

95 1589 340 1632 terrogationis
350 1588 499 1621 subdunt
511 1589 556 1629 τῷ
571 1589 691 1628 nujus?
727 1585 795 1618 Sed

96 1641 289 1673 Glareanus
303 1640 388 1680 vult,
402 1644 441 1672 ut
455 1640 490 1671 in
507 1637 700 1680 parenthesi
717 1646 797 1669 con·

98 1692 274 1729 tineantnr
294 1689 370 1722 haec
392 1689 497 1721 verba
517 1689 624 1730 (Nam
643 1687 719 1728 qnid
740 1696 796 1727 po·

95 1744 184 1773 rum
202 1741 301 1781 πιήυ
320 1738 470 1780 Ιηιρέωΐ)
495 1742 598 1779 atque
621 1738 726 1769 etiam
748 1736 798 1767 in-

100 1790 311 1831 terrogative
352 1790 523 1829 legantur.
569 1786 698 1826 [Codd.
742 1795 798 1826 ap.

98 1839 222 1879 Jaeek,
237 1839 312 1879 qaid
325 1838 427 1878 nam]

85 1929 91 1933 Ι
151 1889 195 1920 81
231 1888 324 1919 Davo
353 1885 461 1925 ferro]
499 1885 640 1917 Crudeli
676 1882 802 1925 gladio.

100 1937 283 1978 [Nonnulli
312 1935 414 1968 codd.
442 1945 498 1976 ap.
517 1934 642 1975 Jaeck,
674 1937 802 1975 potuere

91 1987 184 2025 ferro
199 1986 336 2018 Perdere
349 1984 458 2025 duro-J

143 2039 186 2069 33
219 2037 291 2068 Um
317 2037 357 2067 de
378 2033 501 2074 maltis]
524 2033 802 2074 Hypermestra

101 2096 144 2118 ex
179 2084 428 2126 quinquaginta
452 2083 622 2116 sororibus
644 2083 716 2114 sola
739 2092 800 2113 suo

101 2134 263 2178 pepercit
277 2135 363 2174 viro,
376 2135 512 2175 Lynceo
529 2132 671 2165 scilicet.
717 2132 800 2164 Face

99 2185 236 2227 nuptiali
251 2185 366 2226 digna]
388 2184 398 2201 ‘
412 2183 541 2223 Faces:
556 2181 680 2223 inquit,
703 2181 800 2213 Sext.

101 2235 290 2276 Pompeius
306 2234 443 2271 Festus,
464 2233 473 2250 ‘
490 2233 525 2264 iu
547 2231 674 2273 nuptiis
691 2231 726 2263 in
740 2231 799 2262 ho·

99 2294 217 2318 norem
230 2283 366 2317 Cereris
382 2282 629 2324 praeferebant,
644 2291 799 2324 aquaque

101 2335 328 2377 spargebatur
347 2342 437 2365 nova
452 2337 572 2374 nupta,
585 2332 656 2364 sive
673 2336 712 2364 ut
727 2342 800 2364 cas-

102 2389 306 2426 “puraque
336 2383 379 2414 ad
403 2382 563 2413 maritum
590 2381 801 2422 perveniret,

102 2433 176 2465 aive
190 2438 231 2464 ut
245 2434 340 2473 ignes
354 2436 458 2472 atque
481 2439 605 2471 aquam
629 2439 707 2462 cum
726 2431 800 2462 viro

104 2479 392 2515 communicaret!
418 2481 538 2512 Plures
551 2479 703 2511 rationes
717 2480 801 2511 Plu-

106 2531 244 2565 tarchus
270 2529 442 2561 Problem.
468 2528 596 2568 attulit,
612 2529 705 2562 Pun.
720 2538 801 2561 xvx.

106 2583 161 2614 18.
213 2579 296 2611 Face
324 2577 476 2619 nuptiali]
511 2577 653 2609 Honore
688 2578 804 2609 matri-

107 2630 210 2662 monii
226 2628 353 2669 digua3
374 2636 451 2659 cum
466 2625 599 2658 facibus
615 2627 707 2658 enim
718 2636 804 2668 nup-

107 2681 165 2713 tiae
179 2679 307 2711 fiebant
318 2677 452 2719 vesperi
467 2676 559 2717 apud
575 2676 742 2718 antiquos.

151 2733 194 2763 ³4
215 2729 384 2768 Pem‘urum
402 2726 577 2769 parentem]
599 2727 714 2759 Vocat
734 2737 805 2768 per-

98 2781 223 2821 imm,
237 2780 295 2821 qui
317 2788 388 2818 eos,
412 2778 532 2820 quibus
555 2776 642 2809 filias
659 2776 807 2819 despon-

107 2829 220 2872 dent,
245 2828 477 2869 trucidaverit,
502 2826 714 2870 fratremque
748 2827 806 2860 de-

1422 291 1535 335 1459

836 392 1061 426 fraudaverit.
1086 394 1230 426 Tor-rent.

879 448 921 476 35
944 445 1112 486 splendide
1132 445 1282 486 mendax]
1304 445 1537 478 Laudabiliter

837 495 986 526 mendax
1002 505 1013 535 ς
1029 505 1107 527 nam
1129 496 1308 528 honestum
1323 499 1378 527 est
1397 505 1460 536 pro
1468 496 1541 537 jus-

836 545 916 578 titia
941 546 1091 585 mentiri,
1122 546 1156 578 in
1182 546 1223 578 iis
1246 546 1435 588 praesertim
1461 556 1538 588 quae

839 602 918 629 sunt
934 602 1054 629 contra
1070 599 1184 630 Deum
1201 602 1239 630 et
1254 602 1424 631 naturam.
1466 598 1538 630 Vir-

836 647 894 688 go]
915 646 1055 679 Mulier.

881 698 924 728 8⁷
948 695 1138 736 Qua-dixit]
1159 695 1246 729 Quae
1263 696 1540 738 Hypermuesti·a

834 745 957 787 juveni
969 755 1030 777 suo
1041 746 1176 784 marito,
1186 746 1239 778 vel
1252 755 1295 776 ex
1304 746 1542 785 somnolentia,

841 795 953 827 velex
971 805 1085 828 amore
1101 805 1210 827 moras
1233 796 1400 836 nectenti,
1421 797 1543 837 Surge,

841 845 942 885 dixit,
957 855 1059 886 surge
1075 846 1214 886 inquam
1230 855 1251 876 o
1267 846 1402 885 marite,
1416 854 1460 877 ue
1470 845 1540 876 for·

843 895 941 926 tassis
953 896 1073 935 longus
1085 895 1190 936 ipsius
1200 896 1318 927 mortis
1329 904 1466 927 somnus
1477 895 1542 926 tibi

844 954 997 977 asocero
1014 949 1085 984 tuo,
1103 944 1194 976 unde
1215 949 1252 977 et
1276 955 1296 976 a
1319 955 1387 987 quo
1411 954 1479 976 non
1501 945 1544 976 ti-

843 1004 914 1027 mes
929 1005 1040 1037 neque
1055 1004 1183 1035 speras,
1196 995 1296 1027 detur
1308 1000 1345 1028 et
1356 994 1542 1033 inferarum

843 1050 882 1077 et
896 1054 938 1077 ne
955 1045 1090 1087 cogaris
1106 1049 1271 1077 aeternum
1293 1045 1454 1077 dormire.
1476 1044 1544 1075 Lu-

843 1095 909 1127 bin.

886 1147 930 1176 38
951 1145 1080 1184 Longus
1103 1144 1164 1176 ribi
1182 1143 1321 1183 somnus]
1343 1142 1468 1175 Mortis
1485 1151 1560 1190 μοχ

846 1196 1008 1237 riphrasis
1024 1201 1090 1237 est,
1115 1199 1153 1227 ut
1176 1204 1202 1227 1.
1229 1195 1299 1226 Od.
1323 1197 1376 1226 24.
1399 1195 1409 1213 ‘
1423 1202 1546 1234 perpe-

846 1251 926 1277 tuus
942 1245 1069 1286 sopor?
1114 1245 1160 1277 Et
1175 1245 1331 1276 Catullus
1342 1247 1482 1275 mortem
1498 1243 1548 1274 iu·-

848 1296 1028 1336 telligeus:
1065 1294 1170 1326 ‘Nox
1199 1298 1251 1325 est
1277 1298 1449 1334 perpetua
1480 1300 1548 1325 uua

847 1343 1074 1376 dormientia?
1118 1343 1209 1375 Nam
1235 1347 1274 1373 ut
1297 1341 1468 1373 Hesiodus
1490 1347 1546 1371 ca—

847 1393 912 1432 uit,
937 1393 947 1410 ‘
959 1392 1104 1423 Somnus
1116 1392 1234 1423 mortis
1250 1391 1357 1423 frater
1374 1388 1451 1423 est?
1479 1390 1549 1420 Un-

847 1441 890 1472 de
906 1440 1029 1481 Vin-gil.
1042 1441 1052 1459 ‘
1064 1441 1336 1481 consanguineus
1349 1439 1412 1470 leti
1423 1437 1548 1478 sopor!

848 1490 964 1531 Atque
976 1490 1026 1521 ita
1038 1491 1049 1508 ‘
1062 1489 1222 1526 somnus,’
1234 1490 1244 1507 ⁴
1259 1488 1384 1530 sopor,’
1405 1493 1415 1507 ‘
1426 1486 1547 1529 quies:

847 1540 1013 1581 adjuncto
1028 1539 1143 1581 aliquo
1158 1538 1316 1579 epitheto
1331 1538 1373 1570 ad
1397 1538 1462 1570 hoc
1478 1536 1548 1568 effi-

846 1590 933 1630 caci,
946 1599 1039 1631 saepe
1056 1599 1118 1631 pro
1134 1594 1242 1622 morte
1258 1589 1439 1630 accipitur.
1458 1589 1550 1620 Torr-

846 1640 976 1680 Longu
1002 1640 1064 1671 tibi
1099 1639 1239 1680 sommas]
1279 1639 1389 1670 Mors.
1426 1636 1552 1676 Μακρὸς

847 1690 952 1722 ὕπνος.
1003 1689 1110 1729 Unde]
1132 1690 1160 1720 Α
1177 1698 1255 1730 quo.

891 1742 933 1771 40
959 1739 1046 1770 Folle
1063 1737 1196 1777 sorores]
1218 1737 1354 1776 Effuge,
1369 1734 1513 1767 λάνθανε.

891 1791 933 1820 41
949 1789 1029 1824 Quoe
1038 1789 1121 1819 velat
1131 1787 1248 1826 naceoe]
1262 1786 1359 1818 Ordo
1375 1791 1445 1816 est:
1463 1785 1550 1817 Quae

852 1838 947 1869 velut
973 1837 1110 1869 Leaenm
1140 1841 1251 1867 nactae
1281 1835 1402 1866 vitulos
1425 1833 1549 1876 (eheu)

851 1887 1004 1918 lacerant
1020 1886 1183 1927 singulos.
1211 1884 1414 1926 [Bamberg.
1429 1884 1550 1915 catulos

851 1936 985 1977 κακὼ]

912 1986 972 2027 [42
1014 1984 1158 2024 Singulis
1207 1983 1266 2015 heu
1309 1983 1368 2014 heu
1412 1983 1551 2013 lacerant

852 2034 1020 2075 Guelph.]

892 2087 934 2116 43
951 2084 1096 2125 Mollior,
1107 2084 1178 2125 nec]
1195 2083 1268 2123 Ego
1282 2082 1348 2113 illis
1361 2081 1552 2120 humanior,

850 2144 915 2168 nec
939 2139 974 2166 te
991 2133 1158 2175 occidam,
1179 2141 1245 2165 nec
1272 2132 1424 2164 clausum
1456 2134 1551 2162 tene·

851 2185 909 2216 bo.

893 2237 934 2266 45
957 2233 1015 2265 Me
1026 2232 1133 2274 pater]
1155 2233 1250 2267 Esto,
1265 2230 1355 2273 quod
1379 2234 1478 2270 pater
1498 2239 1552 2261 me

850 2285 886 2317 iu
912 2284 1051 2316 vincula
1077 2283 1254 2324 conjiciat,
1279 2282 1332 2312 vel
1355 2281 1390 2312 in
1414 2281 1551 2312 exilium

851 2334 973 2376 pellat,
986 2334 1088 2375 idque
1102 2333 1225 2372 classe,
1249 2336 1288 2363 ut
1311 2329 1479 2363 difficilius
1508 2331 1553 2361 sit

851 2384 978 2422 redire,
990 2383 1080 2424 quod
1096 2383 1185 2422 viro,
1198 2384 1264 2413 διε.

909 2433 969 2474 [46
1006 2433 1097 2468 Quod
1131 2441 1161 2463 ο.
1198 2433 1323 2463 demens
1359 2429 1462 2462 codd.
1496 2439 1554 2469 ap.

853 2482 994 2522 jaeck]

895 2533 938 2563 48
974 2531 1081 2562 Classe
1109 2529 1243 2568 releget]
1278 2529 1426 2560 Classem
1456 2527 1555 2565 dicit,

854 2589 932 2612 cum
962 2578 1006 2610 de
1027 2588 1097 2610 una
1123 2582 1251 2609 tantum
1276 2577 1436 2617 loquatur
1460 2576 1555 2614 navi,

855 2634 944 2663 teste
953 2628 1084 2667 Servio,
1095 2627 1191 2658 initio
1205 2625 1336 2658 AEneid.
1349 2634 1383 2656 v.
1397 2625 1452 2656 ubi
1469 2626 1555 2657 clas-

852 2689 927 2711 sem
954 2677 1016 2710 ἆπδ
1042 2679 1104 2709 τῶν
1132 2674 1246 2712 κάλων,
1264 2675 1297 2707 id
1319 2679 1386 2715 est,
1410 2685 1430 2706 a
1456 2675 1555 2714 lignis

857 2729 923 2768 dici
940 2728 1000 2760 ait.
1016 2728 1158 2759 Tor-rent.

898 2781 942 2810 49
958 2778 990 2818 I,
1001 2778 1094 2818 pedes
1104 2785 1162 2816 quo
1172 2776 1219 2817 te]
1244 2775 1372 2816 Fugam
1389 2775 1555 2814 accelera,

855 2828 929 2860 sive
955 2831 1062 2866 terra,
1083 2825 1154 2858 sive
1177 2824 1261 2857 mari
1286 2824 1351 2857 iter
1366 2823 1480 2858 facere
1496 2833 1553 2856 vo-
