1904 3216
355 287 464 328 1646

353 391 389 419 ct
417 387 506 419 lixae.
547 387 670 418 Mirum
700 390 811 418 autem
839 396 901 427 pro
930 387 1033 419 Rome

349 445 513 476 peregreve
540 437 572 467 in
599 444 652 466 ix.
679 436 763 466 Mss.
788 435 1034 476 exemplaribus

330 495 335 500 ·
354 485 539 526 repperisse
550 494 603 516 me
619 485 721 516 Rusve
732 494 858 524 peregre
870 487 936 516 aiat.
957 485 1036 516 Tor·

353 537 439 564 rent.

395 583 455 612 104
486 581 659 621 Peter-rita]
694 581 858 613 Vehicula
895 582 1034 614 Gallica.

354 631 433 661 Vid.
459 631 551 662 Gell.
583 639 642 662 xv,
666 632 718 662 30.
763 631 859 662 Cur-to
886 631 939 662 Ire
963 631 1036 662 licet

352 678 448 718 mulo]
485 681 494 698 ‘
512 681 650 711 Curtum
665 679 674 694 '
706 679 874 711 vocabant
903 683 1035 711 veteres

352 728 509 770 quicquid
521 728 677 765 fractum,
689 729 864 768 minutum,
873 728 1034 764 mutilum,

353 788 393 810 ac
417 779 503 810 male
529 788 667 819 parvum
694 782 801 809 esset:
833 782 870 809 ut
898 778 908 795 ‘
925 783 1036 809 curtos

351 827 490 859 Judaeos
504 827 513 842 ’
549 827 593 858 ol>
624 827 796 867 praecisam
833 827 1035 867 pelliculam,

350 878 361 894 ‘
378 881 491 908 curtos
516 876 641 908 mulos'
663 876 705 906 ob
727 875 931 907 deminutam
946 875 1035 906 forte

352 925 505 964 caudam,
520 931 557 956 ut
572 934 660 955 nunc
673 934 803 964 quoque
818 925 955 956 utimur.
977 924 1035 955 Sic

350 975 360 991 ‘
373 979 471 1005 curto
486 978 643 1003 centusse
655 971 800 1012 licetur,'
814 972 950 1004 Persius
961 973 1035 1005 Sat.

353 1031 388 1053 v.
406 1031 468 1062 pro
483 1031 548 1052 non
564 1022 702 1061 integro.
730 1021 881 1052 Nunnius
892 1022 1036 1053 Miscell.

351 1071 409 1101 lib.
437 1079 486 1102 tv.
523 1071 664 1102 Torreat.
721 1070 832 1110 Curta]
858 1071 953 1102 Muto
979 1071 1036 1112 qui

351 1119 492 1150 caudam
505 1118 610 1150 habet
625 1118 849 1150 decurtatam.

393 1171 455 1200 106
470 1168 627 1207 Munticoj
648 1168 658 1186 ‘
671 1169 887 1209 Hippoperas
897 1167 907 1182 ’
923 1169 1038 1209 appel·

347 1220 397 1250 lat
409 1218 538 1250 Seneca
553 1218 662 1259 Epist.
681 1226 847 1250 Lxxxvn.
867 1220 878 1237 ⁴
890 1218 939 1250 Μ.
951 1219 1038 1250 Cato

352 1268 530 1300 Censorius
545 1269 696 1299 canterio
711 1268 905 1308 vehebatur,
918 1274 953 1299 et
964 1267 1037 1308 liip-

350 1317 485 1358 poperis
504 1317 637 1358 quidem
661 1317 837 1358 impositis,
863 1321 900 1349 ut
924 1326 1036 1349 secum

351 1365 444 1396 utilia
460 1365 633 1404 portaret!
647 1365 736 1406 quod
751 1366 885 1406 privato
900 1365 1035 1407 quidem

350 1414 524 1445 honestum
548 1418 610 1445 est.
653 1414 720 1446 Hic
735 1424 816 1446 vero
833 1415 875 1446 de
892 1419 1037 1455 praetore

350 1462 383 1492 in
417 1463 612 1502 magistratu
652 1462 886 1502 proficiscente
915 1462 1037 1502 agitur,

350 1511 404 1541 cui
417 1511 537 1541 merito
549 1510 666 1541 sordes
677 1510 931 1550 exprobrantur.
948 1520 1035 1550 quae·

350 1559 436 1589 ritnr
451 1559 536 1589 enim
558 1558 591 1589 in
610 1567 647 1589 re
666 1558 847 1589 domestica
862 1558 1034 1589 continen-

349 1607 405 1637 tiae
431 1607 514 1643 laus,
530 1607 562 1636 in
587 1606 719 1646 publica
734 1606 919 1646 dignitatis.
959 1605 1035 1636 Tor·

347 1658 429 1685 rent.
471 1654 613 1684 Mantica
636 1653 701 1692 cui]
724 1654 813 1684 Pera
835 1653 867 1683 in
894 1663 959 1693 qua
981 1663 1034 1683 res

349 1702 549 1734 necessariae
573 1701 780 1732 ferebantur.
831 1701 946 1741 Eques,
965 1700 1035 1741 δῖα]

348 1751 475 1782 Sessor-

394 1802 453 1831 107
476 1798 603 1838 Sordes]
623 1798 809 1830 Avaritiam
835 1798 888 1829 vel
910 1797 1036 1839 ignobi·

347 1850 489 1881 litatem.
536 1847 634 1888 Tulli]
656 1848 708 1878 De
719 1856 785 1888 quo
800 1846 966 1886 superius.

391 1901 453 1930 108
478 1897 604 1928 Tiburte
618 1895 684 1936 via]
706 1896 772 1927 via
787 1900 884 1927 extra
904 1900 1035 1936 portam

350 1947 569 1988 Esquilinam,
585 1955 659 1986 quae
674 1944 782 1976 Tibur
796 1944 900 1976 ducit.

354 1995 363 2002 “
393 1998 455 2026 109
477 1994 647 2034 Lamnum]
667 1992 807 2025 Adtrwov
826 2003 892 2024 non
917 1994 1034 2025 eodem

348 2044 447 2075 modo
462 2047 635 2083 exponunt
648 2042 890 2074 Grammaticiz
913 2051 987 2073 nam
1000 2046 1036 2073 et

350 2092 440 2123 inter
464 2092 585 2122 culinae
611 2090 834 2121 instrumenta
861 2088 1034 2127 referunt3

349 2144 385 2171 et
408 2149 469 2180 pro
491 2139 616 2170 matula
644 2143 679 2169 et
701 2148 762 2178 pro
783 2138 866 2168 sella
880 2137 1036 2168 familiari

350 2188 536 2228 accipiunt,
569 2196 634 2228 qua
663 2186 790 2217 ventris
827 2185 1034 2216 exonerandi

350 2246 468 2268 caussa
482 2236 618 2267 utimur.
661 2235 760 2266 Unde
774 2239 810 2266 et
827 2233 1035 2275 λασανοφόροι

349 2287 436 2317 servi
457 2285 513 2327 qui
536 2285 668 2316 domino
693 2286 843 2316 lasanum
868 2286 1034 2316 ministra-

349 2336 443 2367 bant.
478 2334 556 2365 Vid.
570 2333 719 2365 Turneb.
735 2342 819 2364 xnr.
836 2333 1034 2366 &Tor-rent.

349 2384 500 2414 Losanum
514 2381 684 2423 portantes]
703 2382 784 2418 Vas,
803 2381 836 2412 in
856 2391 924 2422 quo
944 2383 1035 2412 alvus

349 2436 562 2462 exoneratur.
578 2430 679 2470 Angl.
692 2439 712 2461 a
725 2430 803 2461 close
811 2431 899 2461 stool.
937 2430 1034 2461 OEno-

346 2478 548 2520 pharumque]
567 2479 649 2518 Vas,
670 2479 705 2510 iu
727 2487 793 2519 quo
815 2477 925 2509 vinum
947 2477 1034 2510 fere·

352 2530 461 2560 batur.

390 2581 452 2609 110
470 2577 541 2609 Hoc
555 2586 610 2616 ego
624 2575 820 2616 commodius]
841 2574 883 2607 'rb
898 2575 952 2606 hoc
967 2584 1034 2607 nou

352 2627 499 2657 arbitror
509 2634 584 2657 esse
594 2625 871 2665 provocabulum,
887 2624 945 2654 sed
957 2633 1035 2655 cau·

351 2676 452 2706 salem
468 2676 631 2715 copulam,
647 2679 684 2705 ut
697 2674 770 2705 liaec
785 2673 830 2704 sit
844 2672 1009 2704 sententia
1023 2682 1033 2703 ι

349 2723 415 2760 hoc,
429 2724 462 2753 id
477 2730 528 2755 est
542 2733 552 2762 ς
568 2723 644 2754 ideo
660 2732 724 2764 ego
740 2722 815 2753 vivo
830 2720 1035 2753 commodius

350 2780 449 2812 quam
461 2776 496 2803 tu
512 2776 548 2803 et
558 2781 656 2813 quam
669 2771 777 2812 multi,
789 2769 878 2812 quod
891 2778 1036 2812 quacun-

803 296 944 327 NOTAE
975 296 1236 328 VAmoRUM
1269 298 1321 329 IN

1080 397 1144 429 que
1165 388 1270 420 libido
1292 392 1356 431 est,
1379 389 1498 423 incedo
1514 391 1614 428 solus,
1630 393 1696 425 dcc.
1712 394 1766 427 lta

1082 441 1118 468 ut
1132 436 1169 468 τὸ
1180 440 1349 469 commodus
1362 444 1535 480 repetatur
1547 440 1591 472 ad
1602 440 1766 473 ablativos

1082 495 1176 518 casus
1190 487 1294 517 multis
1304 487 1385 523 aliis,
1397 492 1431 518 et
1446 487 1719 527 subintelligatur
1728 488 1766 520 τὸ

1081 535 1167 572 quod.
1190 535 1292 575 Cruq.
1338 535 1408 567 Hoc
1425 536 1496 577 ego]
1525 536 1566 568 In
1587 536 1650 567 hac
1672 545 1709 568 re
1731 542 1769 569 et

1082 582 1193 614 multis
1207 583 1291 614 aliis.

1126 633 1184 662 111
1208 632 1348 663 Millibus
1361 635 1450 672 atque
1463 631 1551 672 aliis]
1577 631 1661 664 Haec
1676 638 1768 665 vetus

1082 680 1196 720 lectio,
1212 690 1309 721 quam
1326 682 1442 713 Lamb.
1465 682 1532 712 suis
1555 682 1691 714 sedibus
1709 692 1768 716 ex-

1082 728 1254 769 turbavit;
1289 734 1324 761 et
1347 730 1521 761 substituit
1542 730 1656 762 Multis
1672 734 1765 772 neque

1082 778 1166 818 aliis,
1180 778 1351 810 immemor
1373 783 1507 810 veteres
1527 779 1614 810 mille
1632 779 1767 818 dixisse,

1081 835 1147 857 non
1173 835 1235 867 pro
1260 836 1300 858 eo
1325 826 1413 867 quod
1434 826 1548 858 Graeci
1575 826 1685 866 χίλιοι,
1708 827 1767 859 sed

1083 874 1171 914 quod
1186 874 1292 913 χιλιὰς
1313 875 1441 906 dicunt·
1473 875 1614 907 Torreat.
1658 875 1768 915 Libido

1081 922 1141 961 est]
1162 923 1339 954 Voluntas.

1126 972 1187 1001 112
1211 970 1331 1006 Quanti
1356 970 1436 1010 olus]
1465 972 1591 1004 Quanti
1615 973 1768 1004 venditur

1083 1018 1165 1050 olus.
1207 1019 1317 1059 [Vatt.
1347 1018 1445 1050 Rom.
1473 1021 1506 1050 ⁷.
1537 1022 1588 1050 10.
1617 1021 1695 1056 olus,
1715 1025 1769 1051 cut

1073 1068 1160 1108 sun]

1126 1119 1187 1148 113
1210 1116 1365 1149 Famem
1378 1115 1507 1156 circum]
1541 1115 1658 1147 Circus
1677 1116 1770 1147 locus

1082 1165 1185 1197 Urbis
1197 1165 1448 1197 celeberrimus.
1492 1165 1576 1197 Qum
1589 1163 1770 1196 celebritas

1084 1223 1202 1246 caussa
1223 1213 1300 1252 fuit,
1316 1218 1355 1245 nt
1376 1223 1416 1245 eo
1437 1212 1646 1245 confluerent
1664 1213 1770 1246 omnis

1084 1265 1217 1304 generis
1238 1264 1450 1304 impostores,
1470 1264 1656 1304 praesertim
1672 1263 1769 1296 chal-

1083 1313 1162 1349 ἀεὶ,
1175 1313 1345 1353 astrologi,
1366 1312 1530 1352 sortilegi,
1544 1312 1768 1353 conjectores,

1082 1362 1258 1402 aretalogi,
1273 1367 1308 1393 et
1324 1370 1405 1403 quos
1422 1365 1556 1401 agyrtas
1574 1369 1615 1392 ac
1629 1361 1770 1392 circula-

1083 1415 1171 1442 tores
1182 1411 1403 1452 appellamus,
1413 1410 1586 1451 ceterique
1597 1410 1654 1451 qui
1666 1419 1770 1450 nugas

1083 1459 1271 1496 venditant,
1300 1463 1336 1491 et
1363 1463 1402 1491 ut
1430 1458 1544 1490 facete
1566 1458 1655 1499 apud
1679 1458 1769 1490 Gell.

1081 1508 1221 1540 Attius:
1245 1509 1255 1527 ‘
1270 1508 1338 1541 Qui
1364 1517 1461 1539 aures
1487 1507 1598 1538 verbis
1623 1506 1768 1538 divitant

1082 1556 1220 1596 alienas,
1235 1565 1311 1587 suas
1326 1559 1364 1586 ut
1385 1564 1466 1586 auro
1487 1555 1697 1594 locupletent
1713 1554 1771 1586 do-

1081 1605 1174 1636 mos.’
1215 1605 1270 1636 Ab
1283 1605 1482 1646 bissalhtcem
1494 1603 1607 1635 circum
1619 1604 1770 1644 appellat

1082 1653 1203 1685 Poeta.
1226 1653 1332 1684 Plura
1344 1653 1446 1684 Turn.
1462 1661 1497 1683 v.
1511 1655 1565 1684 23.
1582 1653 1671 1684 Torr.
1694 1653 1768 1684 Fat-

1083 1701 1176 1731 lacem
1190 1699 1319 1739 circum]
1339 1700 1379 1731 In
1393 1701 1483 1732 circo
1497 1700 1638 1732 fallaces
1653 1700 1769 1733 Astro-

1083 1747 1151 1788 logi
1173 1752 1209 1779 et
1231 1747 1431 1779 somniorum
1452 1748 1655 1789 interpretes
1676 1755 1771 1782 erant

1082 1795 1285 1837 frequentes.
1321 1795 1544 1837 Vespertinum]
1557 1797 1684 1829 Recte=
1701 1806 1771 1829 ma-

1084 1843 1228 1876 tutinum
1242 1844 1330 1876 enim
1347 1844 1461 1876 litibus
1473 1846 1683 1887 negotiisque
1693 1855 1771 1888 per-

1083 1892 1270 1934 strepebat.
1313 1893 1406 1924 Male
1420 1893 1532 1935 itaque
1554 1893 1674 1926 Lamb.
1688 1895 1770 1927 nihil

1083 1940 1212 1974 referre
1230 1942 1292 1982 ait,
1304 1942 1408 1983 itane,
1423 1951 1466 1974 an
1479 1943 1668 1983 vespertinus
1681 1944 1769 1984 lega·

1083 1995 1149 2022 tur.
1193 1991 1283 2022 Illud
1310 1991 1398 2022 enim
1433 1992 1539 2023 multo
1571 1992 1769 2033 elegantius.

1086 2039 1226 2072 Tor-rent.
1271 2039 1496 2080 Vesper-tinum]
1518 2040 1672 2080 Vesperi.

1126 2089 1186 2118 114
1207 2087 1328 2118 Assoro
1348 2087 1478 2128 divinis]
1511 2089 1522 2107 ¹
1535 2089 1693 2121 Divinos'
1710 2099 1768 2122 vo-

1083 2139 1141 2166 cat
1156 2136 1367 2175 conjectores
1382 2145 1509 2174 omnes,
1519 2137 1531 2156 ‘
1546 2137 1717 2176 hominen:
1731 2142 1769 2169 ut

1082 2182 1191 2223 inquit
1207 2182 1350 2222 Gellius,
1365 2191 1443 2214 xiv.
1460 2187 1490 2215 1.
1511 2184 1522 2202 ‘
1536 2190 1768 2226 aeruscatores,

1082 2231 1193 2263 cibum
1201 2235 1431 2273 quaestumque
1444 2241 1485 2263 ex
1493 2233 1676 2266 mendaciis
1687 2244 1768 2276 cap-

1083 2280 1218 2312 tantes?
1259 2280 1373 2322 Atque
1408 2281 1493 2312 adeo
1521 2282 1598 2313 hinc
1627 2283 1766 2323 privatae

1082 2339 1148 2360 suaa
1172 2330 1248 2360 vitae
1274 2329 1461 2360 libertatem
1487 2330 1635 2362 ostendit
1658 2331 1768 2364 Hora-

1083 2378 1161 2418 tius,
1179 2377 1234 2419 qui
1256 2376 1344 2419 quod
1366 2377 1427 2408 viri
1450 2387 1567 2417 graves
1592 2387 1659 2411 uon
1679 2379 1768 2412 face-

1082 2431 1172 2467 rent,
1196 2426 1254 2458 tali
1276 2426 1382 2458 turbat
1407 2425 1441 2456 in
1465 2426 1561 2458 Circo
1584 2427 1766 2460 assisteret.

1082 2478 1174 2509 Male
1189 2477 1315 2518 itaque,
1329 2486 1371 2508 ue
1388 2476 1496 2509 dicam
1512 2477 1640 2518 inepte,
1654 2478 1710 2518 qui
1725 2478 1767 2510 de

1082 2525 1255 2557 sacrificiis
1282 2526 1580 2566 interpretantur:-
1602 2535 1666 2557 nec
1692 2527 1767 2558 loco

1082 2584 1145 2606 nec
1155 2579 1310 2615 tempore
1324 2578 1528 2615 opportuno.
1545 2574 1685 2606 Torrent-
1704 2574 1764 2606 Aa·

1081 2624 1159 2655 sisto
1180 2622 1309 2662 divinis]
1342 2624 1507 2654 Intersum
1522 2623 1622 2654 rebus
1637 2623 1767 2664 divinis,

1084 2673 1137 2704 vel
1166 2681 1277 2703 rerum
1302 2671 1487 2703 futurarum
1515 2671 1765 2707 divinatoribus,

1083 2729 1205 2761 nempe
1219 2721 1253 2752 in
1269 2720 1380 2751 Circo.

1128 2773 1187 2803 116
1204 2769 1398 2811 Laganique]
1410 2769 1576 2803 Sichabet
1588 2772 1682 2802 vetas
1691 2769 1762 2800 lec-
