1904 3216
359 280 468 321 1710

359 384 466 424 riosis,
490 383 640 424 aliisque,
665 381 754 422 quod
781 381 880 414 rebus
907 381 975 412 suis
988 391 1042 412 su-

359 441 493 471 peresse
510 441 575 462 non
590 434 736 470 possent,
753 431 1042 461 administratores

358 489 401 511 ex
423 481 499 519 lege
521 479 702 518 dabantur,
716 479 749 510 hi
765 479 900 519 proprie
921 480 931 497 ‘
945 489 1042 510 cura-

303 555 305 557 .
357 528 466 559 tores'
489 527 699 566 dicebantur,
724 533 827 569 atque
843 538 956 560 eorum
973 538 1043 559 rnu-

358 587 431 614 nus,
444 576 453 593 ‘
466 575 565 606 cura’
587 585 646 607 sen
662 582 671 594 ‘
684 577 836 609 curatio!
882 578 948 608 Hic
963 587 1041 609 vero

356 627 365 642 ‘
381 624 539 655 tutelam’
573 634 635 665 pro
662 626 836 658 curatione
862 627 967 658 dixit:
1006 630 1044 658 ut

356 675 365 691 ‘
379 673 599 714 propinquos'
623 684 683 714 pro
700 675 830 715 agnatis
850 680 886 706 et
910 676 1041 716 gentili-

358 721 432 752 bus.
485 723 561 754 Qua
573 723 616 754 de
633 733 669 754 re
684 724 731 755 sic
747 725 823 755 olim
839 725 872 755 in
890 733 956 756 xn.
981 725 1042 756 'ra-

357 770 443 801 bulis
457 772 615 811 scriptum
633 773 773 813 legimus
789 783 798 804 t
819 782 850 805 ει
875 782 1042 806 rvmosus

358 828 512 860 ExisTrr,
523 828 570 851 AG
577 829 751 853 eronvm
761 831 1043 857 Gnnrrmvmovn

359 875 399 898 m
429 876 474 899 Εο
504 877 739 904 PncvaQuE
769 879 842 902 eivs
871 880 1042 903 port-:s‘ms

360 925 458 947 πετο.
485 917 626 947 Tor-rene.
662 918 764 949 Abeat
784 921 895 961 tutela]
921 921 1043 952 Trans-

359 963 488 995 feratur
501 966 702 1004 procuratio.

400 1015 463 1044 219
489 1014 644 1054 Devovet]
666 1017 821 1048 Destinet
837 1027 916 1050 arae.

401 1064 463 1093 220
491 1063 552 1094 Ubi
584 1064 695 1104 prava]
727 1066 805 1097 Duo
829 1066 974 1106 codices,
994 1066 1047 1098 ubi

357 1121 466 1151 parva.
512 1112 586 1143 Nec
610 1111 764 1145 fortassis
787 1115 979 1155 displicebit
993 1125 1048 1147 co·

359 1160 482 1199 gitanti
497 1160 686 1193 Stoicorum
703 1163 805 1198 illam,
831 1168 868 1194 ut
889 1168 1047 1204 peccato·

360 1217 446 1248 rum,
467 1209 515 1240 sic
539 1210 692 1242 stultitiae
713 1212 955 1253 aequalitatem,
971 1222 1046 1244 cum

358 1257 441 1288 illud
455 1258 529 1298 plus
543 1259 716 1300 minusque
733 1269 796 1291 non
814 1261 1045 1293 admitterent.

360 1307 436 1337 Nec
455 1307 629 1347 illepidum
655 1308 872 1350 ἀντίστροφον,
893 1315 929 1341 ut
945 1320 1048 1350 parva

360 1356 504 1387 stultitia
521 1366 648 1388 summa
666 1358 711 1389 sit
736 1358 875 1390 insania.
919 1359 1044 1391 Parum

359 1410 472 1436 autem
497 1405 602 1436 refert
630 1411 706 1438 utro
734 1408 832 1439 niodo
862 1409 965 1449 legas,
996 1409 1046 1440 Ιιὶι·

358 1462 474 1485 samma
490 1458 546 1495 est,
568 1465 609 1486 an
633 1456 684 1487 hic
704 1460 749 1487 est
770 1466 886 1488 summa
913 1457 1044 1490 insania.

357 1503 512 1534 Torrent.

402 1552 477 1592 [221
505 1553 584 1584 Vat.
614 1553 714 1586 Rom.
737 1557 768 1586 3.
794 1559 829 1585 et
845 1555 999 1587 Vallicel.
1017 1558 1047 1585 1.

360 1603 427 1641 quis
440 1602 634 1641 sceleratus]

399 1652 462 1680 222
489 1650 597 1680 Vitrea
613 1650 718 1689 sama]
742 1651 831 1682 Vide
856 1661 881 1683 ι.
906 1652 972 1683 Od.
996 1655 1048 1684 17.

366 1697 473 1729 Vitrea
477 1697 582 1738 suma]
607 1699 710 1729 Fama
724 1698 853 1740 fragilis
876 1706 910 1731 et
932 1701 1046 1732 incon-

359 1752 463 1778 stans.

401 1798 463 1827 223
488 1796 583 1827 Hunc
596 1797 826 1837 circumtonuit]
850 1798 1046 1838 Exprimere

360 1845 477 1880 voluit,
491 1846 580 1886 qnod
599 1846 718 1877 dicunt
743 1846 854 1879 Graeci
877 1847 1047 1888 ἐμβρόντη-

358 1905 412 1926 ⁴ros
424 1898 459 1926 et
466 1894 715 1935 τεριβρόντητος,
724 1905 781 1927 nos
791 1897 952 1936 attonitus,
962 1902 1046 1928 tam-

359 1953 458 1984 quam
480 1943 619 1976 fulmine
643 1949 700 1976 aut
723 1945 849 1976 tonitru
874 1945 1046 1986 stupefac-

361 1997 430 2024 tus:
457 1993 544 2024 unde
558 1993 763 2033 ἐμβροντησία
778 2004 838 2034 pro
851 1994 983 2026 insania.
1002 1995 1048 2027 Et

359 2042 530 2081 aptissime
566 2043 629 2074 hoc
663 2044 738 2075 loco
770 2044 952 2076 Horatius:
976 2045 1047 2076 vult

359 2090 446 2121 enim
470 2091 767 2131 Agamemnonem,
793 2098 950 2133 tanquam
967 2094 1046 2124 Bel·

358 2138 444 2168 lonae
460 2138 643 2170 fanaticum
658 2141 699 2170 ad
715 2140 792 2171 flliae
805 2141 932 2171 caedem
947 2141 1046 2172 adac-

359 2190 430 2216 tum
448 2195 534 2224 esse,
550 2186 628 2217 dum
643 2187 722 2218 nihil
745 2187 834 2218 aliud
850 2197 947 2228 quam
968 2188 1046 2219 titu-

358 2236 409 2266 los
425 2239 461 2267 et
474 2235 604 2266 inanem
625 2236 754 2267 bellicae
776 2236 882 2268 laudis
906 2237 1044 2277 gloriam

360 2287 514 2317 somniat.
540 2287 669 2317 Bellona
695 2290 805 2317 antem
831 2286 946 2318 eadem
970 2296 1045 2327 quae

358 2340 394 2367 et
411 2337 518 2376 Enyo,
532 2335 613 2374 παρὰ
634 2335 671 2365 τὸ
694 2334 781 2374 ἐνύω,
804 2334 891 2375 quod
913 2336 1047 2366 occidere

359 2384 536 2425 significat,
555 2384 676 2415 Martis
699 2385 751 2415 vel
774 2393 867 2415 soror
891 2385 942 2415 vel
965 2394 1042 2416 con-

354 2434 429 2473 jux.
452 2433 463 2451 ⁴
479 2432 638 2464 Gaudere
649 2432 658 2446 '
673 2442 747 2464 eam
776 2433 786 2449 ‘
801 2433 950 2464 cruentis
962 2433 970 2447 ⁸
995 2433 1045 2465 di-

359 2485 406 2515 cit
423 2482 544 2520 Poeta,
559 2483 611 2514 vel
626 2482 670 2513 ob
683 2481 850 2522 flagellum
872 2482 952 2514 illud
971 2492 1044 2514 san⁶

361 2533 531 2573 guineum,
554 2532 596 2563 de
621 2542 687 2573 quo
713 2538 749 2563 et
770 2532 864 2572 virg.
886 2536 922 2564 et
944 2533 1046 2564 Luca·

361 2592 435 2619 nus,
451 2592 516 2623 quo
531 2591 652 2622 nempe
676 2582 799 2613 bellum
816 2581 947 2613 conciet
963 2592 971 2613 ε
994 2582 1046 2612 vel

362 2633 404 2662 ob
418 2631 584 2662 fanaticos
602 2631 688 2671 ejus,
703 2630 736 2662 id
752 2635 817 2670 est,
833 2630 1045 2668 sacerdotes;

362 2681 417 2720 qui
431 2680 590 2712 districtis
607 2680 724 2720 gladiis
746 2680 948 2711 cursitantes
973 2689 1047 2720 pro-

362 2729 436 2768 prio
461 2738 496 2759 se
523 2729 685 2768 sanguine
710 2728 958 2760 cruentabant:
979 2738 1048 2760 cre-

364 2776 427 2807 diti
453 2776 486 2806 in
515 2786 555 2807 eo
582 2776 696 2808 furore
721 2776 832 2808 futura
855 2776 1047 2817 praedicere.

817 290 954 320 NOTAE
986 289 1247 320 VARIORUM
1282 291 1331 321 ΙΝ

1093 381 1170 412 Vid.
1190 382 1339 413 Turneb.
1364 391 1453 414 xxv.
1477 386 1526 415 1⁷.
1554 388 1590 415 et
1620 392 1698 416 xxi.
1725 389 1775 418 1⁵.

1097 432 1236 463 Yon-ent.
1273 433 1367 463 Hunc
1383 433 1614 474 circumtonuit]
1638 433 1778 465 Bellona

1093 481 1179 512 bunc
1214 482 1393 513 attonitum
1434 481 1593 514 reddidit.
1635 481 1780 522 Bellona]

1095 531 1180 561 Beni
1195 531 1282 562 Dea.

1137 581 1199 610 224
1222 578 1463 619 Nomentanum]
1495 579 1716 611 Luxuriosnm
1745 583 1781 611 et

1095 632 1235 658 asotnm.
1762 638 1766 644 ·

1137 679 1198 708 225
1227 677 1330 709 Vincit
1339 678 1421 709 enim
1430 678 1540 709 stultos
1550 678 1631 709 ratio
1644 677 1782 709 insanire

1094 725 1230 765 nepotes]
1254 726 1384 766 Optimi
1407 726 1546 758 codices
1574 727 1687 766 vincet,
1717 736 1781 758 nec

1095 775 1264 815 displicet.
1308 775 1457 807 Insanire
1489 780 1600 807 autem
1630 779 1782 816 nepotes,

1094 823 1157 854 hoc
1173 828 1235 860 est,
1251 825 1418 865 prodigos,
1435 825 1489 865 qui
1505 834 1614 866 neque
1634 829 1779 865 tempus,

1095 881 1205 911 nequa
1220 872 1318 903 finem
1334 882 1552 913 expensarum
1570 873 1705 908 babent,
1720 872 1780 903 sed

1096 919 1185 950 bona
1206 929 1266 950 sua
1288 920 1503 952 dilacerando
1529 927 1564 952 et
1587 921 1781 962 dissipando

1097 966 1315 1008 profundunt.
1340 969 1480 1001 Torreat.
1512 969 1607 1000 Ratio
1627 971 1780 1011 insanire]

1097 1017 1221 1047 Rerum
1250 1021 1390 1048 eventus
1427 1017 1596 1058 probabit.
1633 1018 1784 1059 Nepotes]

1098 1065 1296 1096 Luxuriosus
1312 1065 1471 1096 insanire.

1138 1116 1202 1144 226
1225 1112 1307 1153 Hic]
1331 1113 1574 1146 Nomentanus.

1139 1165 1202 1194 227
1224 1163 1343 1198 Edicit,
1366 1162 1516 1204 piscator]
1539 1163 1682 1196 Publice
1709 1173 1784 1205 pro·

1097 1211 1231 1242 clamat.
1282 1213 1460 1254 Pomorius]
1512 1213 1569 1244 Sic
1602 1213 1612 1231 ‘
1640 1213 1786 1250 vinarii,’

1097 1262 1106 1277 ‘
1121 1261 1260 1298 olearii,'
1271 1266 1280 1279 ⁸
1291 1262 1523 1302 cupedinarii‚’
1533 1264 1543 1281 ⁸
1553 1263 1693 1302 cetarii,'
1703 1264 1713 1282 ‘
1728 1273 1783 1294 ca-

1096 1310 1217 1347 searii‚’
1233 1311 1244 1328 ‘
1257 1311 1445 1350 lecticarii:
1471 1313 1480 1330 ‘
1493 1311 1672 1350 calcearii,'
1692 1317 1728 1344 et
1748 1312 1782 1343 id

1098 1368 1203 1398 genus
1227 1360 1344 1398 ceteri,
1365 1360 1420 1401 qui
1444 1370 1500 1392 eas
1522 1369 1575 1392 res
1597 1365 1656 1392 aut
1680 1359 1783 1392 conti·

1098 1407 1192 1438 ciunt
1206 1411 1263 1439 aut
1278 1408 1441 1439 vendunt.
1468 1409 1608 1440 Tor-reru.

1138 1459 1201 1487 228
1222 1457 1271 1488 Ac
1287 1457 1378 1488 fisci
1401 1457 1492 1489 turbo
1511 1458 1607 1498 impia
1623 1457 1698 1497 vici]
1721 1458 1783 1489 Le-

1097 1514 1215 1544 nones,
1228 1506 1438 1545 cnpedinarii
1454 1511 1489 1537 et
1510 1506 1545 1536 id
1561 1515 1666 1546 genus
1679 1506 1782 1536 homi·

1098 1563 1157 1584 nes
1177 1553 1310 1593 perditi,
1329 1554 1534 1593 voluptatum
1560 1554 1715 1592 ministri,
1728 1554 1784 1594 qui

1097 1602 1130 1633 in
1149 1602 1222 1632 vico
1236 1603 1349 1633 'Prisco
1363 1602 1567 1634 habitabant.
1611 1602 1702 1633 Tusci
1717 1605 1784 1634 tur-

1099 1650 1136 1681 ba
1151 1650 1244 1690 impia
1266 1651 1340 1689 vici]
1363 1652 1373 1668 ⁸
1387 1651 1532 1682 Tuscum
1548 1651 1674 1683 vicum'
1685 1662 1706 1683 a
1718 1652 1783 1682 Tn-

1100 1697 1178 1737 scis,
1200 1700 1255 1739 qui
1278 1698 1454 1730 Porsenna
1476 1708 1556 1739 rege
1580 1700 1784 1731 obsidionem

1098 1747 1249 1778 solvente
1275 1747 1389 1778 Romae
1413 1752 1654 1787 remanserant,
1677 1756 1785 1790 eoque

1097 1794 1173 1826 loco
1197 1795 1441 1832 habitaverant,
1463 1795 1670 1836 appellatum
1696 1805 1786 1835 esse,

1099 1853 1141 1874 ex
1153 1844 1332 1885 Dionysio,
1345 1844 1452 1884 Livio,
1464 1848 1500 1875 et
1511 1845 1614 1876 Festo
1624 1849 1762 1876 constat
1774 1854 1784 1876 ε

1099 1893 1258 1934 improbis
1284 1899 1396 1925 autem
1418 1893 1606 1924 hominibus
1629 1892 1784 1934 frequen-

1099 1943 1163 1974 tari
1188 1943 1310 1982 solere,
1330 1943 1430 1974 etiam
1453 1951 1498 1978 ex
1523 1941 1638 1974 Plauti
1660 1942 1787 1974 eureu-

1099 1992 1184 2023 lione
1200 1996 1360 2033 apparet:
1378 1991 1450 2023 ‘Ibi
1461 1990 1562 2032 sunt:
1573 1991 1692 2032 inquit,
1704 1991 1716 2009 ⁴
1727 1991 1786 2023 ho·

1099 2042 1202 2072 mines
1231 2042 1287 2081 qui
1315 2041 1378 2082 ipsi
1404 2050 1479 2072 sese
1506 2040 1702 2080 venditant:
1723 2041 1784 2072 boc

1098 2096 1162 2125 est,
1187 2090 1347 2129 vilissimi,
1370 2090 1500 2130 quidvis
1525 2089 1638 2121 facere
1663 2089 1785 2130 parati,

1102 2143 1136 2168 et
1164 2142 1174 2156 ’
1191 2139 1342 2177 praebere
1371 2143 1475 2178 caput
1507 2138 1642 2169 domina
1668 2139 1785 2168 venale

1101 2186 1161 2216 sub
1176 2185 1294 2223 hasta:
1307 2190 1344 2216 ut
1360 2186 1405 2216 ait
1419 2186 1441 2218 J
1445 2186 1600 2216 iuvenalis.
1626 2186 1764 2217 Torreat.

1137 2236 1200 2265 229
1234 2234 1311 2264 Cum
1343 2234 1471 2265 Velabro
1499 2243 1585 2266 omne
1611 2235 1783 2274 macellum]

1096 2283 1187 2314 Loca
1208 2283 1274 2314 duo
1290 2283 1390 2314 Urbis
1416 2283 1596 2315 notissima.
1641 2286 1694 2316 De
1709 2286 1783 2316 Ma-

1097 2332 1183 2363 cello
1199 2336 1327 2363 tanturn
1344 2331 1504 2363 Varronis
1520 2332 1620 2364 verba
1634 2343 1676 2364 ex
1691 2333 1784 2366 libris

1098 2391 1207 2413 rerum
1233 2382 1450 2413 humanarum
1473 2383 1582 2414 relata
1603 2392 1624 2414 a
1646 2384 1784 2416 Donato

1097 2432 1130 2462 in
1159 2431 1309 2462 Terentii
1345 2431 1539 2463 Eunuchum
1577 2433 1784 2464 adscribam:

1099 2482 1108 2499 ‘
1124 2481 1302 2512 Numerius
1317 2481 1464 2521 Equilius
1479 2480 1590 2522 Cupes
1603 2486 1640 2513 et
1655 2482 1694 2513 A.
1710 2483 1786 2514 Ma-

1099 2530 1172 2561 nius
1204 2530 1385 2561 Marcellus
1414 2530 1574 2570 singulari
1609 2531 1785 2563 latrocinio

1099 2580 1204 2611 multa
1227 2580 1300 2611 loca
1318 2579 1505 2622 habuerunt
1519 2579 1660 2613 infestat
1683 2580 1734 2612 his
1750 2582 1784 2613 in

1100 2629 1234 2660 exilium
1250 2628 1336 2659 actis
1352 2627 1524 2668 publicata
1538 2634 1614 2661 sunt
1629 2629 1728 2667 bona,
1748 2634 1786 2662 et

1099 2678 1189 2709 aedes
1209 2678 1265 2709 ubi
1288 2677 1485 2709 habitabant
1506 2677 1651 2710 dirutae:
1673 2678 1783 2719 deque

1100 2737 1140 2759 ea
1170 2727 1312 2767 pecunia
1339 2727 1447 2759 Scalae
1481 2726 1578 2759 deum
1605 2727 1782 2760 Penatium

1102 2777 1288 2816 aedificatae,
1300 2781 1335 2808 et
1347 2777 1439 2808 locus
1455 2776 1511 2808 ubi
1530 2776 1694 2815 venirent,
1707 2783 1781 2815 qnae
