1890 3230
449 302 656 335 HORA'rll
691 302 969 333 SERMONUM
1006 301 1098 332 [ΑΒ.
1132 302 1181 332 11.
1212 293 1255 333 7.

129 401 199 439 nio,
225 398 384 431 dicuntur
411 397 482 429 uati
507 397 604 428 iratis
619 395 824 427 Vertumnis.

130 451 291 491 Quotquot
311 448 400 490 sunt]
434 447 607 488 Quotquot
633 451 712 477 sunt
740 445 824 476 Ver-

130 500 253 540 tumni,
275 508 341 531 non
365 498 455 540 quod
479 497 578 529 multi
604 501 718 527 esseut
741 496 822 526 Ver-

129 549 252 589 tumni,
264 549 322 581 sed
338 548 418 590 quia
433 548 640 579 Vertumnus
657 545 749 576 varie
765 545 824 576 de·

130 599 346 641 pingebatur,
363 598 463 631 modo
479 601 603 635 arator,
629 595 825 635 seminator,

129 658 269 689 messor,
281 648 383 681 modo
397 649 580 689 plantator,
594 645 714 683 fossor,
727 647 791 678 &c-

173 701 212 731 1⁵
233 700 328 732 daun
341 699 502 740 chiragra]
523 696 716 738 Stephanus
726 696 824 728 mira-

129 754 187 781 tur
213 748 406 788 Horatium,
429 749 570 790 primam
593 746 628 778 in
650 747 714 778 hac
738 755 823 779 voce

126 798 301 839 corripere
316 807 453 837 ausum;
469 798 536 829 imo
551 797 604 828 vix
620 797 683 828 hoc
699 797 746 827 illi
765 805 821 827 ve-

127 847 267 880 risimile
282 847 440 880 videtur:
463 847 513 878 ita
531 851 568 877 ut
583 846 701 878 credat
727 846 820 877 illum

124 897 276 937 ‘herm
284 897 459 938 scripsisse
469 907 479 936 ;
495 907 595 938 quum
606 897 722 929 Graeci
734 895 823 928 Ροὲ-

125 951 170 978 toe
180 945 260 988 χέρα
269 956 334 978 non
346 948 456 978 minus
469 947 599 985 dicant,
610 956 712 988 quam
722 947 824 987 χεῖρα.

122 990 251 1029 Uestam
267 997 448 1036 chiragram
470 996 651 1028 Lambinus
666 997 738 1028 vult
755 997 824 1028 dic-

126 1052 196 1079 tam
220 1056 295 1079 esse
319 1056 490 1088 magnam,
513 1057 650 1088 gravem
667 1051 703 1079 et
719 1047 825 1079 omni-

126 1097 188 1129 bus
212 1097 360 1128 numeris
373 1097 584 1129 absolutam:
609 1096 823 1139 quemadmo-

125 1147 206 1179 dum
235 1147 392 1189 dicimus,
419 1149 430 1166 ⁴
441 1148 573 1188 justum
610 1147 824 1187 exercitum,'

122 1197 272 1238 ‘justum
284 1197 514 1238 Poemassszc.
548 1198 614 1230 Sed
628 1197 825 1240 curJ'ustam,

124 1247 159 1279 in
175 1256 235 1279 sua
249 1248 358 1289 prima
373 1252 409 1280 et
420 1247 642 1280 usitatissima
657 1247 824 1289 significa·

61 1310 64 1314 ⁴
124 1297 220 1330 tiene
237 1307 303 1330 non
318 1298 524 1339 accipimus?
546 1304 584 1329 ut
610 1299 824 1339 quemadmo-

124 1347 203 1379 dum
218 1348 334 1390 ‘justae
348 1347 472 1389 poeuae'
485 1348 710 1388 dicuntur,sic
721 1348 824 1380 etiam

121 1397 260 1439 ‘justin’
285 1408 361 1440 qum
378 1407 495 1439 poenas
506 1398 617 1439 justas
631 1403 668 1430 et
683 1399 824 1430 meritas

123 1448 241 1487 sumit,
252 1449 456 1490 appelletur.
480 1449 536 1480 Sic
549 1449 656 1486 Naso,
669 1448 778 1480 Trist.
788 1459 824 1482 v.

120 1500 157 1529 9.
178 1498 188 1516 ‘
202 1498 282 1530 Vidi
301 1508 365 1539 ego
379 1498 662 1540 naufragiumque
679 1499 767 1530 viros
788 1503 822 1531 et

121 1548 159 1580 iu
175 1558 310 1590 aequore
327 1550 432 1590 mergi
446 1559 455 1580 ι
478 1550 524 1580 Et
546 1558 725 1589 nunquam,
740 1548 822 1590 dixi,

116 1597 245 1639 ‚iustior
273 1599 364 1631 unda
394 1598 486 1630 fuit.'
518 1598 668 1639 Stephon.
727 1599 822 1630 Jusea

119 1647 283 1688 chiragra]
311 1642 438 1680 (lustum
455 1649 568 1680 vocari
585 1647 709 1686 malim,
727 1658 822 1680 scur-

122 1706 171 1730 τε
188 1698 343 1729 moereuti
365 1698 409 1728 ob
429 1698 612 1737 ingluviem
627 1698 823 1737 immissam,

118 1757 223 1790 quam
238 1757 282 1780 ex
298 1748 438 1781 aliorum
455 1747 636 1782 sententia,
653 1755 765 1790 veram
781 1756 822 1778 ac

121 1797 321 1839 legitimam.
351 1797 405 1829 De
421 1796 596 1828 articulari
613 1801 725 1827 autem
739 1806 822 1827 mor-

122 1847 168 1879 bo
193 1847 356 1889 loquitur,
379 1846 436 1888 qui
463 1846 506 1878 ab
529 1845 653 1878 affecta
670 1847 823 1887 corporis

121 1901 220 1938 parte
236 1899 358 1928 nomen
374 1902 496 1937 mutat,
509 1901 546 1928 et
557 1906 647 1928 nuuc
661 1896 824 1938 podagra,

121 1956 212 1979 nunc
240 1947 398 1987 chiragra
428 1952 495 1986 est,
525 1947 648 1979 Graece
681 1947 824 1988 ἇρθρίτις.

123 1997 190 2029 Sed
206 2002 242 2029 et
257 1997 391 2036 contigit
417 2007 478 2037 pro
503 1998 643 2029 contudit
658 1997 823 2038 scriptum

122 2047 259 2088 repperi
274 2049 308 2079 in
325 2047 496 2079 veteribus
511 2048 724 2080 membranis.
749 2049 824 2079 Tor-

121 2100 204 2128 mt-
238 2097 335 2128 stuta
347 2096 509 2137 chiragra]
533 2097 693 2138 Chiragra
710 2098 823 2139 gravis

122 2151 157 2177 et
172 2147 242 2178 suis
258 2146 406 2178 numeris
421 2148 587 2179 absoluta.

166 2198 208 2229 16
233 2197 368 2228 Tolleret
382 2195 492 2237 atque]
523 2197 576 2228 Ex
591 2197 688 2228 alveo
710 2206 820 2228 sume-

121 2250 186 2278 rei.

163 2298 204 2327 17
227 2295 267 2327 In
291 2296 440 2336 pyrgum]
476 2296 506 2326 E
529 2295 658 2327 duobus
682 2296 821 2335 optimis

121 2344 295 2375 codicibus
310 2344 432 2375 uostris
455 2344 507 2374 hic
524 2339 651 2384 fimum,
672 2345 727 2375 ille
754 2345 822 2385 phi-

121 2402 205 2424 mm
225 2392 350 2431 babet3
372 2397 409 2423 et
432 2392 663 2433 adscriptum:
686 2393 742 2424 ‘id
759 2399 823 2434 est,

118 2451 255 2482 pyrgum
284 2442 337 2472 vel
365 2440 533 2478 fritillum,
563 2442 820 2474 instrumentum

122 2491 286 2532 ligneum,
313 2491 367 2522 cui
395 2491 582 2532 imponitur
607 2496 746 2531 tessera,
777 2502 820 2524 ne

123 2539 199 2571 falli
215 2541 322 2581 possit
337 2549 412 2572 cum
428 2551 495 2582 quo
510 2541 664 2573 luditur.'
709 2543 820 2574 Latini

125 2598 207 2620 sane
223 2590 234 2606 ⁴
247 2589 459 2621 turriculam'
477 2595 610 2631 vocant,
621 2595 659 2622 ut
670 2600 712 2622 ex
729 2592 820 2623 Mar·

124 2639 205 2670 tiele
220 2638 416 2671 observavit
427 2640 615 2676 Turnebus,
628 2650 681 2673 vt.
691 2644 724 2673 3.
757 2642 821 2674 Ce-

124 2693 236 2720 terum
253 2689 330 2729 quia
346 2689 441 2729 φιμὸν
451 2690 567 2721 Graeci
583 2691 674 2722 inter
687 2701 822 2733 organa,

123 2747 202 2779 quoe
230 2738 399 2774 κυβευτικὰ
428 2744 562 2776 vocant,
593 2740 757 2782 referunt,
783 2749 822 2775 ut

125 2786 242 2819 videre
259 2792 314 2819 est
329 2788 419 2828 apud
435 2789 611 2820 Pollucem
624 2800 691 2822 non
708 2801 772 2822 uno
788 2792 820 2823 in

124 2836 215 2868 loco:
231 2836 350 2878 πύργον
362 2847 438 2869 vero
452 2847 491 2869 ea
502 2838 744 2879 significatione
755 2850 819 2873 non

1461 292 1574 333 1747

879 397 1007 425 temere
1023 393 1196 435 reperiam
1219 393 1274 425 hic
1292 402 1423 435 quoque
1439 392 1502 425 hoc
1520 404 1576 426 vo-

878 444 1035 475 cabulum
1053 445 1277 476 adulterinum
1294 449 1389 485 puto,
1404 448 1441 476 et
1461 445 1578 485 legen-

877 493 957 525 dum
978 494 1129 534 phimum.
1154 494 1203 525 uti
1224 499 1258 526 et
1275 494 1375 534 prisci
1392 494 1514 534 legisse
1531 495 1579 525 vi-

877 541 1003 574 dentur
1019 543 1239 584 interpretes.
1280 545 1289 560 ‘
1307 542 1492 574 Fritillum’
1519 552 1576 574 au·

878 597 946 625 tem
968 594 1119 635 appellat
1144 594 1277 625 Seneca
1305 599 1341 626 et
1364 594 1491 627 Juven.
1517 594 1578 626 sed

876 643 886 661 ‘
899 644 1028 675 arcam'
1046 644 1182 676 Persius
1197 645 1267 676 Sat.
1283 653 1340 676 ιιι.
1378 644 1468 676 Vide
1485 644 1579 676 Gnit.

876 693 1015 726 Canter.
1038 694 1128 726 Nov.
1150 695 1245 726 Lect.
1261 703 1328 726 vu.
1345 697 1376 725 8.
1404 694 1493 726 Torr.
1540 694 1582 725 In

870 744 1024 785 pyrgum]
1061 743 1102 775 In
1122 745 1294 776 vasculum
1309 754 1350 775 ex
1366 753 1432 785 quo
1449 744 1491 776 ad
1509 744 1579 775 evi-

877 792 1016 824 tandum
1034 793 1146 825 dolum
1170 794 1231 825 tali
1258 794 1303 826 ab
1320 794 1528 826 aleatoribus
1545 795 1579 826 in

876 843 1007 875 alveum
1038 845 1323 885 conjiciebantur,
1356 855 1399 876 ne
1424 846 1452 876 si
1479 856 1580 878 manu

870 893 1080 934 jacerentur,
1109 895 1236 926 lusores
1253 893 1410 926 fraudem
1427 895 1579 927 commit—

877 946 1003 975 terent.

932 996 972 1025 18
1001 994 1127 1030 Qumzto
1152 993 1360 1034 constantior]
1399 995 1500 1028 Quod
1532 996 1581 1028 ait

878 1043 1001 1081 Poeta,
1029 1049 1156 1086 quanto
1187 1045 1332 1086 quisque
1349 1046 1485 1077 assiduo
1502 1047 1581 1079 vitae

878 1105 941 1128 usu
957 1096 990 1127 iu
1008 1096 1101 1128 vitiis
1117 1096 1326 1128 obfirmatior
1342 1101 1406 1135 est,
1423 1101 1520 1130 tanto
1537 1098 1582 1129 le-

878 1145 951 1176 vius
967 1155 1040 1177 esse
1057 1146 1216 1177 miserum
1231 1156 1240 1185 3
1259 1146 1292 1178 id
1310 1156 1427 1178 verum
1442 1140 1580 1189 ‘quidem

878 1196 1036 1237 opinione
1058 1197 1265 1235 laborantis3
1287 1197 1343 1228 vix
1359 1197 1451 1229 enim
1468 1208 1504 1229 se
1522 1198 1582 1229 mi·
1598 1189 1608 1198 ‘

878 1256 989 1278 serum
1005 1257 1080 1278 esse
1096 1247 1224 1279 sentit:
1248 1257 1284 1279 re
1311 1247 1386 1288 ipsa
1413 1253 1527 1280 tamen
1543 1254 1581 1279 ut

878 1298 1022 1339 turpior,
1050 1298 1099 1329 sic
1128 1302 1163 1329 et
1192 1297 1348 1328 miserior
1377 1298 1485 1330 multo
1514 1304 1581 1335 est,

879 1358 978 1389 quam
995 1349 1050 1380 ille
1067 1348 1123 1389 qui
1140 1348 1312 1379 interdum
1327 1348 1418 1389 sapit
1433 1353 1467 1378 et
1483 1355 1578 1380 reete

879 1399 962 1439 agit,
975 1398 1077 1430 modo
1093 1408 1130 1430 se
1146 1399 1336 1437 continens,
1350 1399 1451 1430 modo
1465 1399 1582 1430 remit·

880 1453 970 1488 tens,
985 1458 1096 1491 neque
1112 1458 1268 1490 umquam
1284 1448 1408 1489 pedem
1429 1448 1580 1487 firmans,

879 1500 936 1530 sed
950 1500 1080 1531 natanti
1092 1500 1220 1538 similis,
1230 1504 1268 1530 ut
1279 1499 1380 1540 paulo
1393 1503 1472 1530 ante
1483 1499 1582 1530 dixit.

880 1549 1020 1581 Torreat.

920 1602 961 1631 19
987 1599 1084 1631 Tanto
1098 1599 1196 1630 levius
1209 1597 1319 1638 miser]
1342 1598 1451 1629 Tanto
1471 1598 1580 1629 minus

878 1649 991 1679 miser.
1024 1649 1073 1679 Ac
1085 1648 1173 1687 prior
1184 1647 1253 1686 ille]
1275 1647 1431 1686 Mallem,
1444 1658 1480 1678 ac
1493 1650 1581 1687 prior

875 1697 940 1727 illo.
974 1697 1051 1728 Nec
1068 1697 1168 1727 silere
1185 1705 1319 1736 possum
1339 1695 1371 1726 in
1385 1697 1580 1727 melioribus

874 1746 1050 1777 codicibus
1075 1746 1142 1785 legi
1165 1746 1268 1776 acrior
1282 1746 1348 1783 illo,
1373 1751 1410 1777 ut
1423 1756 1576 1784 caussam

876 1796 1013 1837 reddat,
1042 1806 1148 1838 quare
1178 1797 1276 1828 levius
1301 1797 1448 1827 miserum
1478 1797 1579 1838 dixit,

876 1857 1000 1888 nempe
1016 1848 1073 1888 qui
1090 1847 1234 1878 alacrior
1257 1848 1292 1878 in
1310 1847 1484 1887 proposito
1504 1857 1580 1888 per·

876 1898 987 1929 sistat.
1031 1897 1178 1929 Turneb-
1196 1906 1280 1929 xm.
1297 1900 1350 1929 17.
1369 1898 1458 1929 Torr.
1503 1898 1579 1938 1110]

878 1947 943 1979 Illo
958 1947 1083 1989 prisco.

920 2001 962 2030 20
987 1999 1127 2037 Quijam
1142 1998 1298 2038 contento]
1323 1999 1428 2030 Modo
1443 1999 1486 2030 ita
1500 2009 1580 2030 con—

878 2048 990 2080 tendit
1019 2047 1148 2090 funem,
1178 2053 1215 2079 ut
1245 2048 1433 2088 periculum
1465 2049 1510 2081 sit
1536 2059 1579 2080 ne

876 2103 1068 2139 rumpatur,
1091 2097 1190 2129 modo
1217 2097 1316 2128 nimis
1340 2098 1444 2136 laxat,
1464 2098 1496 2129 id
1514 2104 1581 2136 est,

876 2148 909 2178 in
925 2147 1014 2179 omni
1031 2147 1188 2178 vitiorum
1206 2157 1333 2188 genere
1350 2149 1535 2180 volutatur.

930 2201 971 2229 21
1000 2198 1073 2229 Non
1101 2197 1201 2238 dices]
1236 2198 1352 2229 Verba
1383 2204 1463 2230 sunt
1492 2199 1576 2230 heri.

875 2247 996 2279 Putida
1010 2249 1156 2289 tendant]
1181 2248 1297 2279 Verba
1311 2248 1451 2280 rancida
1467 2254 1501 2280 et
1520 2259 1578 2280 au·

874 2297 950 2327 ditu
965 2297 1165 2338 injucunda.

916 2349 959 2378 22
983 2347 1035 2377 Ad
1050 2345 1098 2385 te]
1123 2347 1323 2387 Respondet
1338 2357 1466 2380 servus.
1508 2349 1576 2383 Quo

872 2395 978 2436 pacto]
1000 2396 1165 2437 Loquitur
1191 2397 1303 2428 herus.
1347 2397 1474 2428 Laudas
1497 2399 1577 2429 Fon--

875 2449 995 2486 tunam,
1018 2445 1091 2487 εμπ]
1115 2447 1249 2486 Multis,
1274 2447 1396 2488 inquit,
1418 2447 1575 2480 laudibus

875 2494 975 2526 effers
1003 2496 1138 2527 divitias
1165 2496 1321 2538 antiquas
1347 2506 1412 2528 non
1433 2498 1577 2538 amplas,

876 2545 935 2576 sed
951 2545 1116 2587 modicas,
1130 2556 1204 2587 quae
1219 2546 1295 2577 vitae
1312 2545 1490 2585 frugaliter
1503 2557 1576 2578 sus-

876 2597 1048 2628 tentandae
1060 2597 1141 2628 satis
1153 2606 1226 2628 esse
1241 2597 1368 2638 possint
1381 2607 1388 2628 :
1407 2607 1575 2629 commem

875 2645 936 2676 das
953 2646 1129 2687 antiquum
1147 2646 1281 2677 vivendi
1298 2647 1433 2678 modum
1450 2648 1577 2688 simpli-

876 2703 964 2732 cem,
977 2693 1163 2736 frugalem:
1181 2700 1216 2727 at
1231 2695 1259 2726 si
1276 2696 1369 2727 Deus
1385 2701 1496 2728 tamen
1515 2698 1572 2729 ali-

875 2743 948 2783 quis
965 2743 1026 2775 tibi
1042 2753 1060 2775 e
1075 2744 1172 2775 malis
1188 2749 1322 2785 erepto,
1348 2756 1389 2777 ea
1408 2756 1482 2787 (μην.
1501 2754 1572 2779 tan-

875 2799 992 2834 topere
1018 2794 1135 2826 laudas
1161 2794 1326 2834 largiatur
1342 2796 1443 2833 ultro,
1468 2798 1571 2829 credo

876 2847 911 2874 te
927 2848 1168 2875 recusaturum.
1188 2843 1282 2883 sruq.
1321 2843 1463 2887 Laudas]
1486 2847 1571 2878 Sunt
