1916 3262
365 267 476 310 1:358

363 379 443 403 nere
463 370 665 410 dependere.
690 372 818 404 Tur-neb.
834 372 942 405 Lamb.

403 422 426 451 4
440 420 591 461 Hyemes]
614 420 742 452 Annos.

403 472 425 501 6
439 468 566 511 Supina]
597 469 753 510 ‘Sapere'
769 474 879 510 vocal,
903 470 988 512 quod
1010 474 1047 502 et

362 514 476 550 vivere
501 520 601 559 vulgo
631 519 792 551 dicimus:
828 524 867 550 ut
891 520 1045 550 nimirum

363 568 498 609 Epicuri
514 569 712 609 discipulum
728 568 839 607 decet,
860 569 913 600 cui
929 569 1046 610 volup-

362 621 414 648 tas
435 627 594 649 summum
620 618 752 649 bonum.
783 619 870 650 Torr.
902 618 992 651 Quin
1009 623 1046 650 tu

359 666 462 707 igitur
486 668 726 708 superstitiosis
753 667 817 699 illis
842 667 1045 699 vanitatibus

359 716 501 755 relictis,
513 717 636 748 rectius
648 717 772 758 sapias,
781 717 806 748 si
817 716 1047 756 voluptatibus

357 769 394 797 te
409 766 601 806 tradideris,
621 771 656 798 et
670 767 746 798 vina
761 766 884 804 largius
899 765 1046 796 bibendo

358 814 479 855 liques,
501 821 535 847 et
562 815 730 846 dissolvas.
760 815 872 846 Luhin.
907 814 988 845 Vina
1006 814 1044 844 li-

359 864 445 904 ques]
470 865 613 905 Liquere
641 865 722 896 nihil
749 864 840 896 aliud
859 869 924 899 est,
946 873 1044 904 quam

360 913 490 944 tenuius
510 913 642 946 facere:
665 914 754 955 quod
773 918 810 945 et
829 914 869 944 ad
890 913 1044 952 volupta-

359 966 426 994 tem
442 962 656 1003 factitabant,
681 963 756 994 nive
771 968 807 994 et
823 963 932 1003 glacie
953 970 1044 1001 saepe

358 1011 529 1043 admixta:
558 1012 741 1043 utebantur
763 1016 876 1042 autern
902 1010 944 1041 ad
970 1019 1043 1041 eam

357 1069 427 1090 rem
451 1061 546 1099 colis,
565 1061 782 1100 saeculisque.
812 1059 981 1098 Quinimo,
1006 1066 1044 1090 ut

357 1108 431 1147 plus
445 1110 616 1148 capiamus
629 1117 728 1140 sacco
742 1107 927 1147 frangimus
942 1108 1042 1139 vires:

357 1156 403 1188 Et
418 1156 466 1188 sic
481 1157 586 1188 saccis
602 1157 743 1188 castrari
761 1159 838 1188 vina
851 1156 938 1187 dixit
953 1156 1045 1189 Plin.

356 1206 634 1246 quemadmodum
666 1206 782 1238 Graeci
823 1203 1045 1245 ἑξευνουχίζειν

354 1254 404 1286 καὶ
427 1254 630 1293 ἆτοθηλῦνειν
648 1253 704 1286 τὸν
722 1253 804 1285 οἶνον
827 1254 956 1293 dicunt,
982 1263 1045 1294 pro

353 1303 524 1344 σακκίζειν,
538 1303 627 1344 quod
642 1313 701 1334 nos
715 1312 848 1344 quoque
858 1312 980 1333 succure
994 1301 1044 1333 di-

356 1354 476 1392 cimus,
492 1362 552 1393 pro
566 1352 694 1392 liquare
709 1357 744 1383 et
762 1356 959 1390 extenuare,
983 1360 1044 1382 seu

355 1402 522 1434 defecare.
567 1401 648 1433 Vina
673 1400 783 1441 liques]
807 1400 856 1432 Ut
871 1400 950 1431 vina
966 1409 1042 1440 pro·

353 1461 437 1491 ruas,
448 1456 481 1482 et
491 1450 622 1482 fundas.
644 1449 725 1487 Aut,
737 1455 772 1480 ut
784 1448 860 1480 vina
868 1449 1042 1489 pert-oles:

354 1500 429 1532 vina
445 1501 531 1532 enim
550 1499 721 1540 percolata
743 1503 820 1529 sunt
833 1498 1042 1529 delicatiora.

354 1549 464 1589 Spalio
503 1548 601 1589 brevi]
653 1549 699 1579 Et
729 1557 830 1587 quum
871 1547 973 1577 breve
999 1547 1043 1579 sit

354 1599 433 1630 vitae
465 1599 611 1638 spatium
638 1606 680 1628 ue
710 1606 804 1637 spem
833 1595 969 1627 differas
1008 1595 1042 1627 in

351 1647 499 1687 longum.

394 1697 415 1725 7
431 1694 517 1725 Dum
524 1694 689 1735 loquimur]
713 1693 858 1733 Egregie
868 1693 953 1725 banc
962 1693 1040 1725 vitae

352 1742 463 1783 sugam
477 1747 556 1774 ante
564 1744 678 1774 oculos
691 1742 785 1783 ponit
795 1741 954 1775 Juvenal.
968 1741 1040 1773 Sat.

352 1801 407 1824 rx.
432 1791 605 1824 ‘Festinat
621 1792 708 1823 enim
732 1791 912 1822 decurrere
942 1790 1042 1821 velox

352 1843 539 1881 Flosculus,
546 1845 695 1882 angustae
704 1841 834 1873 miserae
845 1850 910 1882 que
918 1840 1043 1873 brevis·

352 1892 433 1923 sima
445 1892 524 1923 vitoe
537 1892 675 1923 Portio:
699 1891 777 1922 dum
793 1889 948 1928 bibimus,
961 1890 1040 1922 dum

351 1944 454 1981 serta,
483 1944 668 1980 unguenta,
695 1939 825 1980 puellas
853 1938 1041 1975 Poscimus,

349 1988 484 2028 obrepit
498 1997 563 2019 non
578 1988 750 2019 intellecta
763 1986 944 2019 senectus!

392 2040 413 2067 8
432 2037 531 2075 Carpe
545 2036 640 2076 diem]
662 2037 787 2067 Fruere
802 2035 856 2067 die
867 2035 1038 2075 praesenti.

353 2083 455 2119 Quam
475 2083 649 2123 minimum]
670 2084 806 2115 Nullam
830 2093 915 2125 pene
937 2083 1037 2116 fidem

350 2131 512 2162 adhibens
527 2131 593 2162 diei
607 2130 734 2162 futuro.

351 2180 434 2212 Ona
447 2189 517 2212 xu-
557 2180 807 2222 Προσφωνητική.
828 2180 887 2213 Αι)
901 2181 1037 2214 Aucus-

389 2238 481 2262 ·rum.
523 2230 730 2262 Collaudatis
755 2231 841 2272 Diis,
863 2231 1037 2271 heroibus,

391 2278 537 2319 virisque
558 2279 686 2320 aliquot
707 2279 818 2316 claris,
839 2279 974 2312 tandem
993 2280 1036 2312 ad

391 2327 520 2359 divinas
537 2327 681 2368 Augusti
696 2328 812 2360 laudes
825 2329 1014 2361 descendit.

391 2378 408 2407 1
434 2376 533 2412 Quem
545 2377 660 2418 virum]
681 2378 772 2409 Dion
785 2378 842 2409 lib.
856 2386 905 2410 u.
918 2382 1037 2410 auctor

349 2429 414 2465 est,
430 2430 505 2466 post
520 2426 644 2458 bellum
664 2425 842 2458 Actiacum
861 2427 1036 2462 decretum

349 2474 451 2506 fuisse
466 2485 484 2506 a
501 2480 635 2513 senatu,
657 2479 696 2507 ut
711 2474 877 2516 Augusto,
895 2475 1037 2517 perinde

349 2533 389 2554 ac
405 2524 478 2556 Diis
494 2524 747 2561 immortalibus,
761 2525 874 2565 hymni
889 2526 1038 2558 conscri-

348 2572 523 2605 berentur.
550 2573 691 2606 Torreat.
735 2574 834 2610 Quem
854 2574 971 2615 virum]
1002 2575 1034 2607 0

349 2621 435 2657 Clio.
455 2632 554 2663 quem
575 2623 679 2654 virum
703 2621 824 2655 fortem
848 2627 907 2655 aut
933 2623 1037 2655 heroa

350 2670 533 2702 semideum
572 2671 732 2712 suscipies
770 2672 1007 2704 celebrandum
1024 2673 1037 2704 ἓ

349 2717 436 2759 Lyra
448 2720 495 2750 vel
512 2719 618 2760 Tibia]
644 2720 742 2753 Tibia
770 2721 902 2753 acutior
923 2725 976 2754 est
999 2726 1036 2754 et

349 2776 470 2800 sonora
480 2768 597 2810 magis,
605 2768 745 2812 ideoque
754 2770 921 2804 hominum
931 2770 1038 2804 laudi·

821 280 959 310 NOTAE
995 280 1251 312 VARIORUM

1287 282 1337 312 m

1094 373 1166 407 bns.
1185 384 1258 414 quae
1273 373 1345 406 fere
1362 374 1490 406 bellicae
1508 378 1600 415 sunt,
1613 377 1783 411 convenit.

1094 422 1183 461 Lyra
1211 428 1249 454 ut
1277 424 1420 465 gravior,
1445 423 1706 465 modestiorque,
1733 425 1783 458 ita

1096 472 1244 503 Deorum
1279 473 1452 512 praeconiis
1480 473 1593 513 aptior
1625 473 1782 506 habetur.

1093 518 1186 560 Acri]
1207 521 1300 552 Tibia
1315 522 1439 553 acriter
1454 526 1604 553 sonante.

1135 570 1156 598 2
1181 568 1287 600 Sumes
1303 570 1469 610 celebrare]
1505 571 1590 602 Vult
1607 570 1785 613 Horatius,

1095 623 1255 648 consueto
1276 618 1455 650 Poetarum
1474 628 1578 659 more,
1601 620 1692 661 quod
1710 620 1782 662 ipae

1096 665 1199 703 canit,
1228 665 1360 698 Musam
1388 668 1419 698 ei
1450 667 1633 708 praecinere
1662 668 1782 702 videris

1099 714 1243 746 Tam-ent.
1291 715 1374 756 clio]
1420 717 1498 748 Non
1535 717 1607 749 sine
1646 718 1782 751 delectu

1095 762 1168 794 Clio
1184 763 1382 796 nominatur.
1423 766 1570 798 Deorum
1580 767 1669 799 enim
1679 768 1783 800 homi-

1095 820 1215 843 numve
1244 813 1350 845 laudes
1381 814 1474 856 (κλέα
1501 821 1624 848 vocant
1654 817 1782 858 Grteei,

1094 860 1183 892 unde
1211 866 1246 892 et
1272 863 1357 894 Deae
1374 865 1512 907 nomen)
1534 874 1578 897 ex
1601 867 1779 908 antiquita-

1095 909 1139 940 tis
1154 910 1290 942 historia
1317 913 1473 952 petendas
1501 919 1591 947 sunt.
1637 915 1781 947 Tou-ent.

1096 957 1181 998 Clio]
1205 959 1282 990 Una
1295 969 1337 991 ex
1349 970 1468 993 novem
1483 963 1604 995 Musis.

1135 1009 1155 1038 3
1179 1008 1429 1052 RecinetJocom]
1454 1012 1648 1044 Resonabit.
1669 1013 1782 1044 ἄποια

1092 1056 1211 1097 imago]
1254 1058 1356 1090 Dicta
1375 1060 1487 1100 imago,
1509 1064 1548 1092 ut
1569 1060 1782 1101 Porphyrion

1093 1107 1176 1145 vult,
1215 1116 1276 1147 per
1299 1108 1562 1141 subtractionem
1590 1109 1782 1148 literarum,

1093 1165 1153 1196 pro
1171 1156 1361 1198 ‘imitagoz'
1387 1158 1528 1191 eandem
1553 1159 1643 1190 enim
1664 1167 1782 1191 vocem

1093 1212 1325 1247 repraesentat.
1743 1223 1746 1225 ’

1134 1258 1154 1287 4
1177 1256 1302 1296 Imago]
1336 1258 1442 1296 Echo,
1457 1259 1548 1292 vocis
1561 1259 1683 1300 imago,
1704 1269 1780 1302 qna

1092 1305 1195 1336 veluti
1211 1305 1328 1337 ludens
1345 1307 1539 1348 respondet.

1133 1356 1152 1383 5
1169 1353 1332 1384 Heliconis
1349 1355 1427 1394 oris]
1462 1355 1607 1387 Helicon
1622 1360 1674 1388 est
1688 1365 1782 1388 mons

1091 1400 1234 1432 Boeoiiae
1242 1410 1306 1432 non
1318 1403 1434 1442 procul
1445 1412 1464 1433 a
1473 1403 1648 1439 Parnasso,
1656 1403 1781 1445 Apolli·

1091 1449 1125 1480 ni
1147 1458 1254 1486 sacer,
1275 1455 1310 1482 et
1331 1451 1461 1482 Musis:
1482 1451 1573 1483 unde
1590 1452 1698 1484 Musa
1720 1461 1779 1493 ap-

1092 1498 1226 1539 pellata²
1241 1503 1319 1530 sunt
1342 1499 1570 1531 Heliconide..

1131 1548 1152 1576 6
1171 1545 1239 1577 Aut
1251 1556 1342 1586 super
1350 1547 1463 1586 Pindo,
1477 1546 1545 1588 ξω]
1581 1547 1709 1579 Pindus
1724 1548 1780 1581 hic

1091 1594 1180 1626 inter
1202 1599 1331 1627 montes
1354 1596 1462 1627 Musis
1482 1603 1703 1628 consecratus
1721 1597 1779 1628 ha-

1090 1642 1199 1675 betur.
1241 1643 1337 1675 Idem
1360 1644 1403 1675 de
1424 1645 1535 1676 Haemo
1559 1654 1598 1677 ac
1619 1646 1779 1687 Rhodope,

1092 1691 1149 1731 qui
1167 1692 1201 1722 in
1215 1693 1358 1724 Thracia
1371 1697 1460 1729 sunt.
1484 1693 1598 1725 Liberi
1619 1695 1724 1735 patris
1737 1704 1778 1728 ac

1089 1738 1282 1771 Maeuadum
1322 1745 1412 1772 caetu
1438 1741 1580 1782 nobiles,
1618 1742 1780 1777 dicemus.

1091 1787 1232 1820 Torreat.
1283 1788 1398 1829 Pindo]
1447 1790 1571 1822 Monte
1609 1790 1778 1825 Arcadiae.

1089 1836 1220 1878 Haemo]
1244 1838 1363 1870 Monte
1378 1838 1547 1872 Thracia.

1129 1889 1150 1918 7
1176 1887 1263 1918 Unde
1275 1888 1421 1930 vocalem]
1439 1889 1536 1920 Voce
1548 1894 1778 1929 praestantem.

1085 1933 1268 1976 (ἔμφωνον,)
1279 1946 1345 1977 qua
1356 1936 1446 1968 feras
1457 1937 1560 1969 etiam
1572 1938 1780 1980 demulserit,

1087 1989 1188 2026 atque
1198 1985 1372 2018 arboribus
1386 1987 1520 2019 auditus
1531 1987 1644 2023 fuerit.
1681 1989 1779 2022 voea-

1087 2035 1145 2065 lem
1167 2038 1279 2066 temere
1304 2035 1489 2076 insequente]
1511 2036 1652 2076 Orphea
1679 2047 1779 2070 sono·

1086 2091 1157 2113 rum
1177 2088 1213 2114 et
1237 2083 1418 2115 facundum
1433 2083 1574 2116 Poetam
1589 2084 1776 2127 (Calliopes

1085 2136 1122 2164 et
1134 2131 1301 2173 Apollinis
1312 2132 1434 2174 filium)
1448 2134 1552 2174 sylvae
1560 2139 1684 2166 secutas
1697 2141 1776 2168 sunt

1085 2185 1207 2220 temere,
1222 2182 1257 2214 id
1273 2187 1339 2223 est,
1360 2182 1547 2224 αὐτομάτως,
1569 2193 1631 2216 sua
1653 2189 1775 2226 sponte

1085 2235 1120 2262 et
1134 2230 1284 2262 confuse.

1126 2283 1148 2311 8
1164 2281 1304 2322 Orphea]
1330 2281 1500 2322 Calliopes
1514 2280 1619 2314 filiurn
1633 2292 1644 2321 ς
1666 2286 1702 2314 at
1716 2292 1774 2323 pa-

1084 2333 1170 2361 trem
1185 2330 1298 2370 plures
1314 2329 1516 2370 Apollinem,
1529 2330 1680 2362 nonnulli
1695 2331 1774 2362 (Ευ-

1083 2387 1181 2418 grum
1193 2378 1224 2410 ei
1234 2378 1409 2411 tribuunt:
1433 2378 1477 2409 ob
1489 2387 1588 2420 quam
1597 2379 1774 2411 incertitu-

1083 2426 1207 2464 dinem,
1221 2430 1290 2458 arte
1302 2429 1440 2458 ”iuterna
1451 2426 1566 2459 dicere
1581 2427 1688 2459 voluit
1701 2427 1773 2460 Ho-

1083 2476 1199 2508 ratius.
1223 2477 1366 2514 Τοῦτ-επὶ.
1691 2480 1694 2483 ’

1125 2528 1147 2556 9
1167 2524 1248 2556 Arte
1258 2524 1411 2566 anaema]
1440 2525 1582 2557 Musica.
1613 2525 1772 2558 Artema-

1084 2577 1173 2606 terna
1184 2573 1318 2614 rapidos,
1328 2574 1395 2614 ⁸5⁶]
1426 2573 1494 2606 Sed
1509 2573 1591 2615 quid
1601 2578 1668 2615 est,
1682 2574 1782 2616 quod*

1085 2623 1225 2664 Orphea
1258 2627 1333 2655 arte
1368 2627 1519 2655 materna
1554 2623 1695 2663 tigrides
1728 2631 1770 2655 ae

1084 2673 1199 2705 leones
1215 2673 1354 2705 traxisse
1375 2673 1481 2705 dicit?
1514 2671 1644 2704 Scimus
1668 2672 1770 2708 enin>

1085 2723 1260 2754 nonnullos
1275 2722 1475 2754 eveteribus
1490 2721 1649 2760 scribere,
1665 2720 1769 2761 Apol·

1084 2772 1151 2804 line
1166 2771 1317 2812 genitum
1330 2770 1450 2809 fuisse3
1473 2770 1532 2803 sed
1547 2768 1705 2811 obtinuit,
1727 2773 1766 2801 ut
