1930 3204
684 302 893 332 HORATH
930 302 1068 333 EPOD.
1100 301 1151 332 Π.

176 398 228 429 his
257 406 390 440 quoque
413 396 601 429 laudatiora
613 395 761 434 summis,
780 394 870 427 sicut

176 448 336 480 uberiora
350 448 446 480 imis:
468 448 554 480 adeo
568 445 769 479 excelsitate
793 454 869 486 pro-

177 497 317 529 ficitur:
339 497 400 529 bac
428 498 558 529 ratione
585 500 621 527 et
650 494 787 526 arbores
809 494 869 526 eli·

177 552 315 588 guntur.
357 547 474 579 Prima
501 550 538 579 et
559 545 707 578 omnium
734 545 842 576 ulmus
858 554 868 576 ι

177 597 303 631 deinde
319 598 463 639 populus
478 594 598 637 nigra!
620 597 685 627 διο.
729 595 788 627 Sic
811 595 869 627 ille

178 648 332 680 Lambini
347 648 541 688 scrupulum
562 646 661 683 tollit,
683 645 870 688 quaerentis

178 707 239 730 cur
252 698 356 730 ‘altas
367 697 378 712 '
399 698 456 730 bic
471 696 622 739 appellet
642 695 821 736 Horatius,
835 699 872 728 et

176 756 264 779 anne
290 747 300 766 ‘
313 746 427 779 albas’
445 755 608 788 reponere
623 747 729 778 satius
746 751 849 778 esset.

223 800 261 830 11
285 797 483 838 mettisque,
499 796 569 838 lfa]
581 797 735 830 Quatuor
745 797 806 828 hos
821 806 871 828 se-

177 851 322 889 quentes
338 857 454 878 versus
470 846 518 878 ita
542 846 713 878 Fabritius
737 852 774 879 et
797 847 871 879 Ste-

176 897 304 938 phanus
317 897 527 929 ordinarunt.
564 896 632 929 Sed
649 897 683 928 in
700 896 873 928 veteribus

176 951 213 978 et
228 947 374 987 vulgatis
384 946 478 978 libris
493 956 543 978 vs.
557 949 609 979 13.
622 951 657 978 et
671 948 722 977 14.
737 946 875 986 ponitur

178 1000 258 1028 aute
272 999 323 1028 ll.
339 1001 373 1028 et
386 999 439 1028 12.
462 997 629 1028 Palmam.
675 996 809 1028 Inutiles
822 1006 875 1028 ra·

177 1046 256 1087 mos]
272 1048 395 1079 anos
409 1055 694 1088 supervacaneos.

223 1099 263 1128 13
287 1097 329 1128 [η
341 1098 470 1128 reducta
482 1095 578 1136 valle]
600 1096 640 1128 In
662 1096 874 1137 vallelonga,

180 1151 241 1178 aut
253 1144 416 1178 flexuosa.
437 1147 540 1178 Turn.
562 1147 584 1179 l.
600 1155 702 1179 xxvr.
717 1155 748 1178 c.
761 1149 818 1178 23.

224 1197 266 1228 14
288 1196 471 1236 Prospectat
484 1201 624 1228 mantes
637 1196 766 1237 greges]
789 1197 876 1228 Pro·

183 1243 239 1275 cul
253 1248 401 1285 spectat.
431 1244 567 1286 [Codex
584 1254 668 1276 nnus
685 1254 739 1287 ap.
750 1245 876 1286 Jaeck,

182 1302 202 1324 a
215 1303 260 1325 m.
275 1303 344 1326 sec.
358 1297 499 1326 mantea
511 1294 628 1335 bovess]

226 1346 266 1375 15
289 1343 388 1375 Puris
407 1343 512 1384 meua]
537 1344 645 1375 Mella
674 1353 693 1375 e
715 1343 801 1376 favis
817 1353 875 1376 ex-

182 1401 313 1433 pressa.

227 1443 266 1474 16
287 1442 436 1484 Irfirmas
448 1442 547 1483 oveis]
561 1442 730 1474 Naturale
745 1441 875 1483 epithe-

182 1495 253 1523 tum
293 1493 406 1524 ovium
429 1502 438 1524 ε
478 1497 558 1524 sunt
594 1492 683 1524 enim
717 1492 874 1523 delicatae

180 1541 374 1584 morbisque
400 1542 570 1574 obnoxiae.
623 1541 726 1576 Quod
762 1546 875 1574 autern

182 1594 280 1623 vetus
295 1592 466 1633 interpres
482 1592 592 1632 addit,
616 1596 624 1610 ⁸
636 1592 857 1624 lanitondium
869 1594 878 1609 ’

181 1640 314 1681 vocari,
336 1651 412 1674 eum
437 1646 559 1674 aestate
575 1641 762 1674 tondentur
777 1652 878 1682 oves;

183 1694 223 1722 ut
237 1695 274 1722 et
302 1690 562 1723 ‘mellamessio’
585 1691 778 1730 dicebatur,
800 1701 878 1724 cum

182 1741 285 1773 mella
303 1740 564 1780 condebantur3
587 1740 622 1772 id
643 1741 737 1772 nullo
755 1741 880 1772 idoneo

185 1795 275 1823 teste
288 1790 426 1831 probari
441 1799 540 1830 posse
563 1790 722 1822 arbitror.
764 1789 882 1821 Rusti-

185 1849 260 1871 cum
272 1839 515 1871 Kalendarium
529 1847 642 1870 mense
653 1838 748 1870 Maio
763 1838 812 1870 sic
824 1837 882 1870 ba-

187 1887 261 1928 bet,
281 1888 448 1928 ‘Segetes
476 1893 676 1928 runcantur,
701 1897 780 1920 oves
806 1892 882 1920 tun-

187 1937 285 1977 dunt,
307 1937 385 1969 lana
398 1936 556 1969 lavatur!
601 1938 653 1969 De
669 1938 769 1969 melle
787 1937 881 1969 nibil.

187 1987 255 2019 Sed
272 1987 335 2019 Rei
352 1987 486 2019 rusticae
502 1991 672 2027 auctores,
689 1992 728 2019 ut
749 1987 759 2005 ‘
775 1988 880 2019 melli-

187 2036 321 2069 ficium'
341 2041 465 2069 vocant
489 2036 597 2078 ipsum
620 2038 728 2069 mellis
743 2037 881 2070 artifici-

188 2095 257 2127 um,
272 2087 320 2118 sic
342 2087 353 2105 ‘
368 2078 619 2127 mellationem,'
635 2097 711 2119 cum
727 2089 792 2119 mel
808 2097 881 2120 cer·

187 2141 224 2168 ta
250 2137 382 2168 ratione
407 2135 627 2178 decoquitur:
651 2137 740 2178 quod
757 2137 882 2169 decoc-

187 2191 259 2218 tum
274 2187 343 2219 mel
356 2186 478 2218 dicitur
492 2191 529 2218 et
544 2185 586 2217 ad
602 2190 808 2218 vetustatem
829 2196 881 2219 re·

186 2236 336 2277 ponium
358 2235 640 2279 quemadmodum
655 2236 826 2269 defrutum
837 2247 882 2270 ex

188 2286 282 2326 uvis3
304 2296 411 2328 eaque
436 2287 480 2318 de
506 2295 542 2318 re
565 2286 658 2329 loqui
677 2287 813 2328 poetam
827 2288 882 2321 bic

179 2335 355 2379 γειιιίειίιιιο.
376 2335 519 2367 Torreat.

233 2387 272 2416 17
297 2385 401 2421 Quum
415 2385 571 2426 decorum]
591 2385 803 2425 Pingebatur
825 2396 883 2418 au-

190 2432 453 2474 tumnus,pomis
463 2433 578 2473 capite
589 2432 779 2466 redimitus.
795 2435 885 2467 Vide

191 2483 297 2514 Turn.
310 2491 361 2515 vr.
376 2485 428 2514 14.
447 2482 614 2515 Pulmamt·
657 2483 812 2517 Decorum
826 2487 886 2518 mi·

194 2532 277 2564 tibus
293 2531 407 2573 pomis]
431 2531 544 2573 caput
559 2532 654 2574 quasi
669 2535 775 2575 pomis
789 2545 884 2568 coro-

194 2587 324 2617 natum.

236 2633 296 2674 [18
311 2631 492 2673 Bamberg.
506 2631 620 2664 extulit
631 2633 730 2672 agris.
740 2633 887 2667 Schoen—

194 2683 290 2715 born.
304 2684 336 2715 2.
356 2683 446 2723 aquis
466 2681 607 2722 extulit]
625 2693 629 2699 ¹

238 2736 279 2766 19
309 2735 354 2766 Ut
364 2733 497 2775 gaudet]
519 2735 627 2768 Quam
645 2734 772 2775 gaudet
787 2736 887 2768 rusti-

197 2794 269 2817 cus.
311 2786 376 2817 Est
391 2784 600 2817 admirantis.
643 2785 795 2826 Insitiva]
818 2786 888 2818 Na—

195 2836 265 2868 tiva
294 2845 427 2879 quoque
456 2845 541 2878 pyra
575 2835 670 2869 nobis
707 2841 887 2870 autumnus

1502 292 1612 334 1535

916 395 1137 435 suppeditat;
1154 393 1213 426 sed
1230 403 1359 425 summa
1373 393 1542 426 insitionis
1558 405 1615 427 vo.

916 446 1044 486 luptas,
1054 446 1088 477 in
1104 455 1170 487 qua
1182 445 1287 476 veluti
1300 444 1496 475 miraculum
1508 446 1613 485 quod-

917 494 995 526 dam
1011 499 1139 526 naturae
1156 494 1364 526 decernitur.
1390 495 1479 526 Tm.
1530 495 1614 525 Insi-

916 544 984 575 tt'va
1007 545 1171 584 decerpens
1190 544 1285 586 pyra]
1311 545 1405 586 Pyra
1419 554 1487 576 non
1504 554 1547 576 ex
1563 554 1611 576 se·

917 593 1007 625 mine
1023 598 1114 634 nata,
1128 594 1188 625 sed
1211 604 1294 635 pyra
1322 595 1451 636 proprii
1476 595 1614 627 laboris.

920 643 1017 685 [Vnt.
1032 646 1064 675 3.
1079 645 1169 686 apud
1186 645 1303 684 Feam,
1315 655 1388 677 am.
1403 655 1474 677 sec.
1491 645 1615 687 aliique

918 695 1019 726 codd.
1040 705 1096 737 ap.
1114 695 1238 737 Jaeck,
1260 697 1307 728 At
1324 698 1464 736 gaudens
1484 696 1616 728 insitiva

918 745 1052 786 decerpit
1067 745 1168 786 pira.]

960 797 1003 827 20
1028 796 1070 826 Et
1083 805 1176 827 uvam
1185 795 1348 836 purpuroe]
1364 796 1528 837 Virgilius
1542 797 1618 828 Ecl.

920 853 972 876 lv.
995 844 1155 876 ‘Rubens
1173 845 1335 885 pendebit
1350 846 1503 878 sentibus
1527 845 1617 877 uva.’

921 894 1147 936 Cruquiilibri
1162 900 1319 936 quatuor,
1346 896 1501 937 Purpura.
1533 896 1620 927 Pur·

918 944 1023 985 puroe]
1037 945 1081 977 Et
1093 945 1284 986 decerpens
1295 956 1394 977 uvam
1404 955 1619 987 purpuream.

923 994 1148 1035 participium
1170 995 1343 1026 ‘certandi
1356 994 1364 1007 '
1380 995 1620 1036 dativojungi-

923 1048 990 1077 tur.

966 1097 1006 1126 21
1034 1095 1104 1131 Qua
1131 1094 1324 1135 muneretur]
1347 1094 1424 1128 Qua
1449 1093 1555 1126 donet
1572 1098 1620 1134 te,

923 1143 1065 1185 Priape,
1086 1144 1260 1175 hortorum
1277 1145 1385 1175 Deus.
1429 1144 1527 1185 [Quis
1554 1144 1621 1176 Cu-

925 1193 1020 1234 niug.
1045 1193 1142 1229 Queis
1162 1193 1288 1225 Sanad.
1303 1198 1339 1225 et
1356 1193 1399 1225 al.
1415 1203 1471 1234 ap.
1485 1193 1623 1235 saecla]

968 1246 1010 1275 22
1048 1243 1199 1284 Sylvane,
1226 1243 1326 1285 tutor]
1374 1243 1554 1285 Sylvarum
1585 1247 1625 1274 et

926 1302 1081 1334 agrorum
1097 1298 1222 1325 custos.

967 1346 1009 1374 23
1021 1343 1220 1381 Libetjacere
1230 1342 1332 1382 modo]
1347 1343 1412 1376 Qui
1424 1352 1521 1374 novae
1533 1341 1622 1374 Odae

925 1392 1057 1424 faciunt
1088 1393 1142 1424 bic
1170 1393 1390 1433 principium,
1418 1392 1623 1424 sententiam

926 1451 993 1474 nou
1008 1442 1203 1483 intelligunt
1218 1453 1226 1474 :
1243 1448 1294 1474 est
1309 1443 1395 1474 enim
1408 1443 1624 1483 ῧάιιπεριβο-

925 1493 1009 1531 λικὴ,
1025 1503 1100 1535 quae
1117 1494 1224 1524 multa
1238 1493 1342 1525 habet
1365 1492 1535 1532 πνεύματα.
1559 1494 1623 1525 Fa-

926 1542 1002 1575 bric.
1048 1543 1189 1584 Antiqua
1200 1543 1286 1584 ilice]
1302 1543 1374 1575 Sub
1390 1544 1466 1575 ilice
1483 1553 1624 1584 annosa,

927 1603 1002 1636 quae
1013 1593 1170 1624 latiorem
1187 1593 1337 1624 umbram
1354 1593 1517 1633 praebeat.

967 1645 1010 1675 24
1036 1643 1150 1675 Tenaci
1162 1643 1320 1684 gramine]
1345 1643 1408 1673 Vel
1422 1643 1512 1684 quod
1528 1652 1625 1674 recu-

926 1693 1063 1726 bantem
1079 1693 1190 1723 virore
1205 1702 1266 1724 suo
1282 1693 1434 1723 oblectet
1448 1701 1487 1723 ac
1509 1691 1627 1723 diutis-

928 1744 1012 1775 sime
1041 1743 1213 1774 retineat:
1244 1747 1282 1774 ut
1308 1742 1483 1773 Catullus:
1505 1745 1515 1760 ·
1527 1742 1627 1773 Men·

931 1797 999 1823 tem
1015 1800 1128 1823 amore
1146 1791 1348 1830 revinciens,
1362 1791 1411 1822 Ut
1427 1795 1529 1822 tenax
1545 1790 1627 1822 ede-

931 1850 970 1872 ra
984 1841 1046 1873 bac
1061 1845 1097 1872 et
1116 1841 1180 1872 hac
1205 1840 1373 1872 Arborem
1400 1840 1552 1881 implicat
1574 1850 1626 1872 er-

931 1890 1034 1923 rans.’
1082 1891 1193 1922 Tenaci
1210 1891 1368 1932 gramine]
1394 1891 1436 1922 In
1461 1891 1627 1932 gramine,

931 1941 1020 1982 quod
1038 1944 1139 1972 terrae
1152 1939 1292 1972 firmiter
1308 1940 1472 1973 adhaeret.
1591 1964 1598 1967 -

972 1993 1013 2022 25
1036 1990 1199 2022 Labuntur
1211 1989 1305 2031 ripis]
1327 1991 1449 2022 Plures
1464 1995 1500 2022 et
1511 1990 1629 2022 melio-

930 2049 985 2071 res
999 2040 1135 2072 codices
1160 2040 1239 2072 rivis
1260 2041 1391 2081 legunt,
1414 2041 1500 2073 haud
1525 2041 1628 2073 dubie

929 2090 1070 2122 melius:
1086 2094 1126 2121 ut
1139 2098 1182 2121 ιι.
1195 2089 1262 2121 od.
1275 2092 1306 2122 3.
1319 2090 1416 2124 ‘Qua
1428 2114 1437 2123 .
1449 2113 1457 2122 .
1469 2113 1479 2123 .
1490 2091 1629 2132 obliquo

929 2141 1061 2172 laborat
1087 2139 1241 2182 Lympha
1261 2138 1365 2181 fugax
1388 2140 1565 2182 trepidare
1586 2141 1630 2171 ri-

930 2189 994 2222 vo!
1019 2189 1160 2221 Torrent.

972 2241 1015 2271 26
1041 2239 1236 2280 Queruntur]
1268 2239 1378 2272 Recte
1408 2239 1543 2282 quidem
1573 2241 1628 2272 bic

931 2289 1119 2331 Cruquius;
1143 2289 1202 2321 sed
1219 2300 1304 2321 unus
1321 2300 1340 2321 e
1354 2291 1480 2322 nostris
1503 2291 1629 2323 codici·

931 2339 994 2370 bus
1021 2339 1070 2370 sic
1095 2339 1265 2372 habebat:
1287 2339 1458 2371 ‘Veteres
1482 2341 1628 2372 omnium

933 2388 1126 2419 animalium
1141 2398 1242 2420 voces
1263 2391 1436 2430 querelam
1453 2395 1631 2430 vocarunt,

935 2441 1164 2478 praeterquam
1179 2438 1298 2469 auium.
1342 2439 1399 2471 Sic
1416 2440 1515 2471 Maro
1541 2441 1630 2472 cica-

935 2487 1001 2526 dis,
1025 2487 1128 2526 ranis,
1155 2487 1264 2518 bubus
1285 2490 1460 2529 querelam
1489 2487 1629 2519 tribuit.’

934 2536 992 2567 Sic
1022 2539 1058 2567 et
1087 2536 1230 2567 Flaccus
1259 2541 1377 2568 noster
1405 2538 1414 2555 ‘
1432 2537 1607 2578 querulam
1620 2536 1631 2552 '

936 2588 1037 2616 vocat
1058 2584 1188 2625 tibiam,
1209 2594 1266 2616 ιιι.
1292 2585 1360 2618 Od.
1375 2588 1406 2619 7.
1422 2586 1466 2618 ob
1482 2587 1630 2618 modula·

936 2634 1038 2666 tionis
1049 2633 1277 2666 dulcedinem.
1329 2635 1419 2667 Nam
1448 2637 1457 2652 ‘
1471 2635 1630 2677 querula’

936 2694 999 2726 pro
1019 2685 1029 2702 ‘
1048 2683 1191 2715 sonora'
1217 2685 1357 2725 exponit
1381 2685 1454 2726 ipse
1482 2686 1630 2718 Servius.

939 2735 1080 2766 Tor-rent.
1114 2735 1295 2770 Queruntur
1308 2735 1342 2766 in
1356 2735 1452 2776 sylvis
1463 2735 1550 2777 aves]
1565 2736 1630 2768 Ca-

936 2792 1022 2820 nunt
1035 2796 1126 2819 aves.

979 2839 1020 2868 27
1045 2835 1248 2878 Obstrepunt]
1261 2837 1306 2869 Et
1321 2835 1431 2870 fontes
1445 2837 1628 2880 strepitum
