1916 3262
618 267 681 298 DE
713 265 849 298 ARTE
883 266 1107 298 vomica.
1473 257 1585 300 1293

138 362 363 414 Difficilis,
383 362 606 419 queruluS,
626 362 829 404 laudator
846 361 1059 416 temporis
1079 359 1168 403 acti

139 431 197 472 Se
216 443 369 484 puero,
390 442 546 471 censor
566 429 898 482 castigatorque
918 426 1149 469 minorum.

137 495 284 539 Multa
303 496 445 539 ferunt
464 497 566 538 anni
586 498 808 538 venientes
829 496 1059 538 commoda
1080 507 1251 545 secum,
1499 493 1584 534 175

138 563 285 606 Multa
302 562 553 605 recedentes
574 563 795 604 adimunt:
826 576 878 604 ne
897 562 1012 604 forte
1032 563 1194 604 seniles

136 629 401 672 Mandentur
414 630 570 684 juveni
591 635 760 684 partes,
781 642 1008 684 pueroque
1025 630 1186 679 viriles,

137 697 320 751 Semper
339 698 384 738 in
405 697 627 753 adjunctis
647 710 831 751 aevoque
849 697 1113 738 morabimur
1135 695 1268 749 aptis.

135 762 226 806 Aut
245 765 389 817 agitur
406 777 479 806 res
499 765 546 806 in
567 765 727 815 scenis,
749 768 824 806 aut
843 768 943 806 acta
960 763 1168 804 refertur:

134 831 324 884 Segnius
345 832 523 874 irritant
542 833 712 874 animos
734 833 926 874 demissa
941 845 1017 885 per
1037 843 1198 879 aurem,
1498 830 1583 872 180

133 897 282 949 Quam
304 913 404 953 quae
426 904 525 941 sunt
544 899 693 941 oculis
707 900 908 954 subjecta
925 898 1147 948 fidelibus,
1168 900 1212 938 et
1231 910 1332 952 quae

133 968 240 1022 Ipse
259 967 344 1008 sibi
366 967 495 1009 tradit
517 971 754 1020 spectator.
816 966 921 1009 Non
940 970 1102 1016 tamen,
1124 966 1242 1006 intus

133 1077 263 1117 diutius,
276 1089 425 1118 morosus,
445 1078 663 1119 quer-ibamus,
687 1079 830 1110 laudator
843 1079 905 1110 aevi
925 1088 957 1110 se
979 1088 1072 1119 puero
1089 1077 1252 1115 transacti,
1260 1076 1403 1116 juniores
1416 1077 1517 1106 autem
1532 1082 1582 1103 ar-

131 1127 231 1157 guens
254 1121 358 1152 crebro
382 1125 414 1152 et
438 1122 615 1160 objurgans.
659 1121 748 1152 Anni
767 1123 942 1154 accedentes
955 1123 1046 1162 plura
1070 1121 1147 1151 bona
1166 1129 1267 1151 secum
1284 1118 1434 1159 afferunt,
1448 1116 1584 1156 plurima

133 1161 276 1193 abeuntes
298 1163 455 1201 auserunt.
501 1164 550 1194 Ne
557 1164 646 1202 forte
660 1164 844 1195 adolescenti
861 1164 1097 1194 committantur
1113 1162 1212 1205 officia
1226 1161 1319 1197 senis,
1331 1164 1386 1191 aut
1406 1169 1500 1199 puero
1515 1166 1583 1197 quoe

132 1203 196 1234 viri
224 1208 310 1242 sunt,
329 1205 499 1245 diligenter
522 1205 695 1237 observabit
718 1209 848 1237 oetatum
868 1205 1066 1246 differentiae
1089 1209 1119 1236 et
1139 1205 1359 1245 proprietates.
1407 1201 1464 1232 Vel
1478 1210 1528 1231 res
1549 1199 1584 1247 iit

133 1245 255 1277 theatro
275 1248 451 1287 peragitur,
471 1248 616 1286 velsacta
629 1251 779 1279 narratur
789 1258 800 1279 .·
821 1249 931 1279 audita
945 1248 1047 1279 minus
1061 1247 1198 1278 animum
1210 1249 1333 1277 movent
1347 1254 1440 1285 quam
1454 1252 1522 1284 quoe
1535 1251 1584 1272 vz-

133 1288 257 1329 dentur,
263 1299 390 1331 quaeque
399 1293 554 1331 spectator
563 1290 703 1332 ipse-sibi
712 1290 824 1322 tradit.
845 1291 997 1321 Attamen
1007 1290 1041 1320 in
1051 1289 1171 1321 theatro
1179 1299 1239 1320 non
1252 1286 1409 1334 eafhibebie
1419 1286 1506 1317 intus
1513 1293 1584 1324 per-

734 1384 973 1398 eeeeeeeeeeee

129 1449 244 1487 uncus,
257 1449 352 1488 iners,
386 1449 554 1490 avidusque
562 1449 787 1488 futuri.—1⁷3
811 1450 898 1481 Post
914 1450 1002 1481 bunc
1020 1458 1167 1487 versum,
1182 1449 1271 1480 alter
1286 1448 1438 1479 intrusus
1455 1445 1581 1487 legitur

128 1490 162 1521 in
182 1490 261 1522 Vat.
281 1493 332 1522 19.
421 1492 477 1522 dat
488 1492 678 1532 proeterieoe,
690 1496 858 1532 praesentes
871 1492 1000 1533 despicit
1013 1494 1222 1525 actus.—174
1246 1491 1355 1523 Codd.
1370 1499 1426 1530 ap.
1447 1489 1582 1520 Valart.

127 1541 232 1564 cemr
245 1535 474 1574 castigatorque
485 1544 498 1571 ,·
513 1534 562 1566 ita
575 1533 683 1566 Aldus
698 1537 794 1566 1501.
811 1537 905 1567 1509.
920 1537 1016 1567 1519.
1030 1535 1139 1568 Junta
1151 1536 1245 1565 1503.
1262 1534 1337 1564 inde
1354 1533 1491 1572 vulgata
1507 1530 1582 1562 fere

128 1575 216 1615 apud
233 1585 361 1607 omneS.
406 1576 523 1608 Ceteri
542 1577 626 1608 Mss.
641 1586 772 1616 omnes,
786 1576 914 1616 Acron,
929 1583 963 1608 et
979 1578 1101 1617 priscae
1119 1577 1288 1608 editiones
1305 1575 1405 1607 alium
1426 1574 1581 1605 ordinem

129 1621 279 1655 tuentur,
292 1628 389 1659 quem
407 1619 581 1650 revocavit
596 1620 629 1650 in
645 1625 775 1651 textum
787 1620 923 1651 Talbot.
942 1620 1057 1651 Bentl.
1070 1620 1156 1651 Cun.
1172 1618 1326 1659 Sandby,
1340 1617 1415 1648 Val.
1433 1617 1581 1647 Schelle.

128 1661 233 1691 —175
257 1660 435 1692 Barberin.
448 1663 478 1692 1.
494 1671 514 1693 a
527 1671 570 1693 m.
587 1671 638 1702 pr.
652 1660 810 1693 commoda
826 1662 901 1693 vitoe
912 1672 925 1698 ‚·
947 1663 996 1693 ita
1011 1666 1166 1694 notatum
1191 1661 1223 1691 in
1248 1670 1308 1692 ora
1323 1659 1404 1691 Ald.
1426 1661 1520 1690 1519.
1547 1658 1582 1688 in

130 1701 292 1734 Bibliotli.
310 1702 576 1743 Angelic.—l'16
598 1704 721 1735 Venet.
746 1707 840 1736 1481.
863 1714 918 1735 nec
931 1703 1138 1742 sorte—1⁷8
1163 1703 1344 1741 Bamberg.
1359 1701 1438 1732 Vat.
1452 1703 1485 1731 4.
1502 1710 1522 1731 a
1536 1709 1582 1730 m.

132 1753 186 1784 pr.
202 1744 300 1775 Vatt.
318 1745 412 1776 Rom.
440 1748 472 1776 4.
489 1748 520 1776 5.
545 1745 626 1776 Vat.
643 1747 741 1777 Rom.
757 1749 790 1778 3.
812 1756 832 1777 a
854 1755 897 1776 m.
917 1755 968 1785 pr.
996 1746 1078 1777 Vat.
1094 1745 1204 1776 Palat.
1221 1747 1254 1775 4.
1278 1743 1427 1776 Chisian.
1444 1744 1475 1772 1.
1501 1751 1520 1772 a
1536 1751 1580 1774 m.

134 1795 186 1825 pr.
209 1795 294 1822 ituris
312 1787 434 1825 Aphin.
450 1787 563 1825 Statii,
593 1791 628 1818 et
654 1788 735 1818 Exc.
751 1787 830 1818 Sax.
847 1787 1139 1818 marabuttin—1⁷9
1166 1787 1207 1817 Ut
1224 1786 1334 1824 agitur
1349 1784 1579 1816 Schoenborn.

129 1830 160 1858 4.
203 1831 260 1859 ane
272 1832 347 1867 apta
360 1829 498 1866 refertur
512 1829 590 1860 vat.
611 1829 707 1860 Rom.
722 1832 755 1860 9.
771 1830 850 1860 Vat.
866 1829 978 1861 Palat.
996 1831 1135 1861 1.-180
1159 1828 1278 1859 Codex
1302 1827 1443 1858 Achillis
1466 1826 1580 1864 Statii,

130 1869 266 1900 animm
279 1871 421 1901 timuisset.
455 1870 684 1902 Schoenborn.
701 1873 730 1901 1.
745 1871 842 1902 Vatt.
857 1874 889 1901 5.
906 1873 956 1902 14.
980 1871 1060 1902 Vat.
1074 1871 1171 1902 Rom.
1184 1873 1216 1901 9.
1239 1870 1318 1900 vat.
1334 1869 1446 1901 Palat.
1461 1871 1490 1899 1.
1511 1867 1581 1899 An·

130 1911 232 1951 gene.
245 1914 278 1943 8.
301 1922 320 1943 a
337 1922 380 1943 m.
394 1921 462 1943 sec.
484 1913 640 1944 Britann.
658 1915 750 1944 1520.
772 1914 891 1944 animos
911 1913 1051 1944 dimissa.
1095 1913 1196 1944 Harl.
1212 1915 1244 1943 6.
1269 1912 1347 1942 Vat.
1363 1914 1415 1943 10.
1438 1915 1474 1942 et
1496 1911 1581 1941 Bar-

131 1953 240 1985 beriu.
254 1957 284 1986 1.
308 1964 364 1995 per
378 1957 586 1986 aurem—181
612 1956 712 1992 Quam
728 1965 797 1996 quoe
810 1956 874 1987 sint
888 1955 1118 1988 Sclioeuborn.
1135 1956 1273 1987 4.--184
1296 1953 1527 1986 Schoenborn.
1547 1956 1580 1984 4.

787 2040 927 2072 NOTAE

130 2102 267 2135 ibidem.
879 2104 1011 2145 turpior
1038 2103 1072 2135 in
1104 2113 1242 2135 scenam
1276 2101 1492 2144 proferatur3
1520 2107 1580 2134 aut

169 2155 231 2186 1⁷8
257 2153 427 2194 Querulus]
457 2154 545 2186 Nam
562 2163 658 2186 senes
675 2154 823 2194 plerum·
879 2153 1014 2194 publice
1038 2153 1124 2192 fiat;
1146 2153 1207 2185 sed
1227 2158 1380 2185 narretur
1401 2153 1578 2184 duntaxat.

126 2215 192 2247 que
207 2206 217 2223 ‘
234 2205 407 2238 contemni
421 2215 458 2237 se
474 2209 607 2246 putant,
627 2204 772 2246 despici,
787 2209 823 2236 et
878 2203 979 2236 Quod
1005 2203 1031 2235 si
1061 2207 1183 2234 contra
1206 2202 1277 2243 fiat,
1305 2207 1482 2243 spectator
1510 2211 1576 2233 non

127 2254 246 2287 illudi:
267 2255 339 2287 Cic.
352 2254 394 2286 de
408 2255 545 2287 Senect.
876 2257 1032 2284 movetur
1046 2253 1210 2292 suaviter,
1224 2251 1283 2283 sed
1301 2251 1448 2283 offensus
1469 2251 1578 2292 indig-

169 2305 330 2337 Laudator
354 2305 502 2346 temporis
526 2305 607 2346 acti]
633 2305 745 2336 Senex
774 2314 826 2336 res
877 2309 1044 2345 natusque
1060 2302 1228 2342 explodit.

128 2354 206 2386 olim
222 2353 416 2394 praeteritas
427 2364 502 2386 eum
516 2355 641 2395 gaudio
655 2354 689 2385 in
703 2364 825 2386 memo·
919 2353 1055 2395 Agitur]
1079 2353 1170 2385 Hinc
1193 2353 1354 2384 dramatis
1380 2357 1418 2384 et
1443 2353 1576 2384 drama-

128 2405 212 2437 riam
222 2410 375 2446 revocat,
384 2405 526 2447 aliisque
535 2410 664 2437 narrat.
681 2405 827 2437 Aristot.
877 2406 956 2436 ticae
974 2404 1116 2444 poeseos
1133 2411 1268 2433 nomen.

130 2455 191 2486 cit.
920 2457 983 2485 180
1014 2453 1150 2493 Segnius
1182 2453 1315 2483 irritant
1349 2452 1480 2490 animos,
1507 2451 1578 2490 θα]

175 2506 237 2536 178
260 2505 341 2535 AEva
363 2503 459 2543 aptis]
482 2505 531 2535 Ut
548 2504 668 2544 juveni
690 2505 822 2544 levitas,
877 2505 984 2536 Curet
1012 2504 1117 2543 igitur
1159 2500 1261 2541 poeta
1298 2500 1504 2531 dramaticus
1537 2503 1578 2529 ut

131 2553 340 2586 adolescenti
362 2553 489 2593 fervor,
507 2554 578 2585 viro
594 2563 675 2586 cura
691 2554 824 2586 divitia·
877 2559 998 2595 agatur
1017 2553 1051 2583 in
1070 2562 1171 2583 scena
1192 2550 1353 2592 quicquid
1375 2549 1484 2587 magis
1506 2547 1575 2578 affi-

130 2614 216 2640 rum.
241 2603 380 2635 ambitio
405 2608 441 2634 et
462 2603 632 2643 cupiditas
662 2604 822 2642 honoris;
877 2613 955 2635 cere
981 2605 1108 2643 potest,
1124 2601 1255 2631 ratione
1280 2604 1391 2629 tamen
1415 2603 1451 2628 et
1475 2596 1575 2629 modo

130 2655 202 2686 seni
226 2654 404 2685 maturitas
430 2658 467 2684 et
492 2652 674 2694 prudentia
698 2653 822 2685 tribua·
877 2653 993 2685 statim
1009 2649 1232 2690 explicandis.

131 2710 197 2743 tur,
211 2707 275 2736 &c.
923 2707 984 2734 181
1010 2697 1286 2740 Oculisfidelibus]
1311 2698 1426 2729 Plaut.
1439 2697 1574 2728 Trucul.

174 2757 236 2785 179
251 2754 317 2785 Aut
328 2756 435 2792 agitur
446 2762 508 2793 res,
521 2752 589 2793 Em]
605 2752 824 2793 Praeceptum
877 2754 886 2771 ‘
899 2753 1010 2784 Pluris
1024 2755 1075 2781 est
1089 2750 1242 2781 oculatus
1256 2748 1351 2780 testis
1364 2757 1461 2787 unus,
1473 2756 1572 2788 quam

132 2813 246 2845 grave,
269 2813 311 2835 ne
338 2813 391 2835 res
419 2803 488 2835 ulla
513 2804 565 2835 vel
590 2803 748 2844 atrocior,
773 2803 824 2834 vel
880 2802 977 2832 auriti
995 2798 1135 2832 decem!
