1890 3230
412 320 622 352 noan-11
657 318 934 352 suasionum
969 319 1066 351 mn.
1097 320 1150 351 11.
1178 310 1220 350 5.

135 407 178 445 25
201 411 435 454 Ῑηείἀίαῑονιηι]
466 414 503 446 Si
530 414 605 456 quis
632 412 729 445 vafer'
752 417 787 444 te

93 461 223 504 fugerit
251 462 495 503 insidiatorem,
523 464 580 505 qui
608 463 786 504 captandae

93 512 303 544 haereditatis
332 521 435 544 causa
460 521 599 544 munera
622 512 716 553 quasi
742 521 786 542 ex

93 561 224 594 insidiis
235 560 350 594 offers.
393 560 538 593 Proeroso
544 562 671 601 fugerit
685 561 789 602 humo]

92 611 150 643 Sic
164 611 208 643 de
217 610 341 652 insigni
351 611 494 651 quodam
504 615 681 651 captatore
694 611 787 642 Mar-

93 661 185 692 tialis
199 660 242 692 ad
257 661 467 711 Quanam:
482 664 492 680 ⁶
506 661 650 692 Munera
666 671 788 702 magua

93 709 230 751 quidem
245 709 350 750 misit,
368 709 427 742 sed
443 710 533 742 misit
546 709 581 741 in
597 710 719 750 hamo;
742 711 788 742 Et

93 762 303 800 captatorem
340 760 443 801 piscis
478 768 592 791 amare
628 759 788 799 potest?’

95 810 237 842 warren-t.
265 809 540 849 Prarorosngerit
553 809 658 849 humo]
674 809 788 841 Hamo

92 863 310 899 praegustato.
338 859 491 898 Metaph'.
507 869 527 890 a
543 859 700 899 piscibus.

143 911 186 940 26
207 907 368 948 Deponas]
406 906 478 939 Aut
506 918 602 949 spem
634 908 787 949 abjicias.

90 956 159 988 Aut
183 957 299 998 artem]
337 957 477 988 Dolum.
534 956 647 988 Artem
678 958 788 988 illusus

90 1006 231 1047 emireus]
269 1009 383 1038 Arcem
413 1007 538 1038 habent
567 1011 638 1039 tres
667 1008 787 1048 optimi

29 1057 39 1068 ‘
91 1056 247 1095 codices;
261 1065 326 1087 nec
338 1057 437 1096 male,
450 1057 545 1098 quasi
561 1057 594 1088 in
607 1067 647 1089 eo
659 1067 788 1089 summa

92 1113 204 1136 rerum
230 1105 404 1137 consistat.
430 1107 523 1138 Torr.
566 1107 682 1148 [Haud
703 1117 788 1147 spem

92 1154 175 1186 Vat.
189 1157 222 1186 4.
239 1159 276 1187 et
291 1155 372 1187 Vat.
390 1155 490 1187 Rom.
506 1156 554 1196 2.]

134 1206 178 1235 27
202 1204 386 1236 Cer-cabitur
398 1204 487 1245 olim]
521 1205 556 1236 Si
573 1215 626 1237 res
639 1206 786 1247 litigabi-

93 1258 148 1285 tur
164 1254 315 1294 posthac.
435 1252 437 1254 ’

134 1306 177 1334 28
199 1304 360 1344 [mprobus
383 1305 479 1345 ultro]
515 1306 601 1338 Esto
627 1307 727 1342 ultro,
752 1307 785 1338 id

91 1357 158 1392 est,
172 1358 246 1384 esto
262 1363 326 1385 non
345 1360 484 1395 rogatus
505 1355 592 1387 illius
617 1357 787 1398 improbus

92 1401 251 1434 defensor
265 1403 503 1436 etindefessus
530 1410 702 1446 patronus,
729 1408 785 1449 qui

92 1453 215 1493 audax,
228 1455 293 1485 ὅτε.
336 1454 435 1494 [Vat.
452 1455 550 1487 Rom.
564 1459 596 1488 7.
611 1456 722 1497 natis.]

134 1501 193 1542 [29
215 1503 360 1544 Cnuing.
373 1504 468 1542 injus
481 1506 597 1546 vocem]

133 1555 175 1584 30
191 1553 360 1594 Ddenor]
383 1555 444 1587 Rei
461 1556 532 1587 sive
543 1565 671 1587 caussae
686 1557 720 1587 in
731 1558 786 1597 ju-

91 1601 182 1633 dicio
205 1603 388 1642 pendentis
413 1604 634 1636 meminerat:
657 1606 785 1646 optime

90 1661 173 1691 ergo
193 1650 381 1684 defensoris
402 1653 506 1684 verbo
523 1654 642 1693 utitur,
663 1654 705 1686 ad
726 1655 784 1695 jus

90 1702 180 1733 enim
202 1702 364 1743 pertinet,
389 1712 452 1743 pro
473 1713 514 1734 eo
540 1705 596 1743 qui
620 1705 722 1734 alium
751 1705 784 1734 in

84 1751 216 1791 jndicio
244 1750 412 1783 defendit.
436 1752 582 1783 Torreat.
641 1752 787 1783 Priorem

91 1799 224 1840 Sper-ae]
246 1800 376 1840 Sperne
391 1800 500 1831 civem
515 1801 701 1832 meliorem.

145 1852 185 1880 31
209 1849 306 1880 Domi
325 1849 354 1880 si
375 1852 492 1888 gnatus
514 1850 587 1890 erit,
602 1850 788 1888 soecuudate

90 1898 220 1939 conjux]
234 1897 291 1929 Ita
303 1902 339 1929 et
351 1897 374 1930 J
378 1898 528 1930 uvenalis
540 1899 613 1931 Sat.
626 1909 662 1930 v.
677 1900 687 1917 ⁴
702 1900 787 1931 Nul-

93 1947 143 1980 lus
160 1944 222 1980 tibi
237 1950 398 1990 parvulus
413 1949 490 1981 auia
506 1951 640 1982 Luserit
651 1951 787 1990 AEneas,

93 2009 156 2031 nec
180 1999 249 2030 filia
273 1999 404 2031 dulcior
427 2000 497 2032 ilio.
541 2000 735 2033 Jucundum
752 2005 788 2033 et

93 2059 209 2080 carum
238 2049 364 2080 sterilis
391 2047 476 2081 facit
505 2059 590 2082 uxor
618 2050 786 2083 amicum:

95 2094 237 2130 Tarmia.
281 2097 377 2138 [Vat.
392 2099 491 2131 Rom.
504 2102 534 2131 8.
548 2099 787 2141 fecundusque]

134 2151 176 2180 32
201 2148 334 2184 Qaincte
346 2149 438 2189 puta]
467 2149 615 2181 Tiresias
631 2154 787 2191 captato-

92 2207 164 2229 rem
179 2197 280 2230 docet
290 2197 469 2229 formulam
481 2199 570 2230 senis
583 2200 788 2240 aucupandi.

93 2247 242 2278 Gaudent
255 2247 455 2288 proenomine]
469 2247 523 2279 An
539 2248 617 2280 ideo
633 2248 786 2281 fortassis

91 2297 180 2340 quod
221 2298 428 2339 praenomine
471 2298 634 2330 carebant
670 2299 760 2330 servi
776 2306 785 2330 ι

91 2347 250 2390 quodque
274 2346 402 2386 liberti,
427 2347 579 2387 quamvis
594 2357 787 2387 praenomen

93 2397 222 2438 adepti,
244 2405 320 2427 raro
335 2396 445 2436 aliter,
460 2405 560 2436 quam
576 2396 788 2436 cognomine,

94 2446 184 2488 quod
213 2445 286 2477 fere
316 2455 359 2477 ex
389 2446 554 2477 servitute
581 2445 787 2483 retinebaut,

92 2495 378 2537 appellabantur?
399 2495 502 2527 Turn.
518 2504 560 2527 11.
577 2498 628 2527 19.
645 2495 786 2527 Tor-rent.

94 2545 292 2577 Proenmnine
316 2544 433 2585 molles]
469 2546 614 2576 Veteres
643 2544 788 2576 Romani

94 2595 202 2627 tribus
213 2595 496 2636 appellationibus
507 2599 604 2627 erant
614 2594 788 2635 nominati,

94 2645 313 2685 prenomine,
338 2644 488 2684 nomine,
513 2643 724 2685 cognomine,
749 2648 787 2676 ut

93 2695 146 2726 M.
161 2694 250 2726 Tull.
264 2693 399 2726 Cicero.

138 2745 178 2774 33
207 2739 316 2774 Virtus
328 2741 397 2783 tua]
420 2743 498 2775 Non
515 2743 669 2785 pecunia.

138 2794 180 2824 34
201 2793 264 2824 Jus
277 2792 401 2833 anceps]
432 2792 523 2825 Alibi
540 2794 550 2812 ‘
562 2792 692 2825 vafrum
704 2793 713 2807 '
730 2804 788 2835 ap-

94 2842 220 2882 pellat3
257 2846 296 2872 ut
325 2841 617 2875 ‘controversum'
643 2853 683 2876 ac
707 2844 716 2861 ⁴
733 2853 787 2874 va·

179 2894 295 2935 Delph.
310 2898 342 2926 et
361 2895 435 2927 Var.
451 2895 536 2928 clas.

765 2895 883 2927 Horat.

1420 311 1532 353 1729

838 411 942 443 rium'
964 413 1108 444 Cicero:
1132 412 1211 443 hinc
1227 410 1293 443 litis
1308 411 1415 443 omnis
1430 420 1531 444 even-

838 467 905 501 tus,
918 466 956 494 ut
967 462 1037 493 dici
1053 462 1153 501 solet,
1165 461 1329 501 incertus,
1339 460 1399 492 red
1415 470 1534 493 eorum

838 514 874 542 et
902 510 1022 542 fraude
1051 516 1088 543 et
1115 510 1300 551 imperitia,
1322 509 1380 551 qui
1401 508 1533 550 injure

837 565 1028 592 versantur.
1052 565 1090 592 ut
1116 561 1206 592 enim
1231 564 1326 592 recte
1338 560 1389 591 M.
1404 560 1534 592 Tullius

837 609 880 640 de
908 610 1056 651 Legibus
1083 610 1140 641 lib.
1168 619 1193 641 1.
1220 614 1229 627 ‘
1244 610 1340 642 Juris
1363 609 1535 650 ignoratio

838 660 952 698 potius
974 659 1126 701 litigiosa
1146 663 1212 696 est,
1239 668 1338 700 quam
1365 658 1535 691 scientia)

840 708 984 740 Tor-rent.
1038 711 1100 740 δια
1121 719 1232 749 anceps
1255 709 1342 749 novi]
1373 709 1474 742 Quod
1499 710 1534 741 iu

836 763 1014 799 utramque
1029 763 1162 800 partem
1177 759 1264 790 trahi
1283 763 1406 798 potest.

880 807 938 847 [35
962 808 1042 839 Vat.
1059 812 1110 840 12.
1127 814 1162 839 et
1178 809 1260 839 Vat.
1282 809 1379 841 Rom.
1394 811 1426 840 9.
1451 809 1535 841 ocius

836 857 943 898 milri]

879 910 921 938 36
939 909 1037 939 Cassa
1050 908 1141 949 nuce]
1158 907 1251 939 Libri
1264 911 1398 939 veteres
1413 916 1536 948 magno

834 966 1001 988 consensu
1015 967 1127 997 quassa
1148 958 1286 998 legunt:
1313 957 1346 988 id
1370 957 1534 989 monitum

836 1007 1000 1046 oportuit.
1017 1007 1161 1038 Torreat.
1200 1007 1300 1038 Cassa
1315 1006 1406 1047 nuce]
1424 1007 1535 1040 Quam

837 1060 872 1087 te
887 1056 980 1087 inani
995 1065 1081 1088 nuce
1096 1055 1246 1087 fraudet.

877 1107 917 1135 37
943 1105 1017 1136 Neu
1035 1104 1201 1146 sajum]
1229 1105 1281 1136 Ne
1307 1106 1352 1136 sis
1375 1105 1537 1146 cuiquam

836 1154 994 1186 ludibrio.
1051 1155 1106 1187 Ire
1118 1156 1242 1187 domam
1255 1154 1363 1196 aeque]
1394 1155 1535 1188 Tiresia

837 1211 916 1237 sunt
933 1211 1108 1248 praecepta
1123 1207 1165 1238 ad
1179 1208 1350 1249 Ulyssem.

879 1258 920 1287 38
937 1256 1119 1288 Peniculum
1130 1256 1254 1297 curare]
1278 1257 1318 1288 ld
1332 1261 1396 1299 est,
1409 1262 1537 1299 cutem,

837 1315 984 1346 corpus:
1006 1306 1055 1338 sic
1079 1311 1113 1338 et
1137 1307 1221 1348 χρὼς
1245 1307 1367 1339 Graece
1394 1309 1474 1340 cutis
1499 1315 1536 1341 et

835 1365 944 1396 corpus
967 1360 1046 1396 est;
1068 1366 1145 1388 nam
1170 1357 1280 1388 Latini
1298 1357 1535 1390 Graecanicum

837 1415 1024 1437 sermonem
1040 1416 1099 1438 ore
1118 1407 1271 1438 Romano
1287 1408 1439 1439 aemulari
1455 1418 1537 1449 gan-

836 1455 979 1487 debant.
1038 1456 1126 1487 Vide
1154 1457 1305 1488 Turneb.
1342 1465 1447 1488 xxrv.
1483 1460 1537 1489 28.

837 1505 1021 1537 Pelliculom
1048 1506 1175 1547 curare]
1217 1505 1378 1537 Delicate
1407 1506 1534 1537 vivere.

837 1555 879 1585 Fi
894 1555 1051 1595 cognitor]
1085 1555 1239 1596 Antiqua
1265 1556 1381 1592 lectio,
1407 1565 1468 1596 pro
1492 1557 1539 1587 sis

834 1614 924 1644 cogn.
947 1606 957 1622 ‘
970 1603 1205 1645 Cognoscere'
1227 1609 1341 1636 autem
1358 1611 1538 1645 exponunt

836 1654 1072 1695 Grammatici,
1090 1665 1152 1695 pro
1167 1655 1351 1695 diligenter
1366 1660 1402 1686 et
1415 1661 1539 1688 exacte

835 1704 1064 1735 considerare.
1123 1703 1273 1734 Verbum
1303 1704 1335 1734 in
1359 1703 1441 1743 jure
1471 1705 1538 1736 fre-

838 1760 965 1792 quens:
984 1761 1049 1793 quo
1062 1752 1401 1792 monentur-judices,
1413 1753 1538 1795 quique

837 1801 1013 1842 quaestioni
1027 1801 1132 1833 alicui
1149 1806 1316 1842 praesunt,
1329 1811 1371 1833 ne
1387 1803 1467 1844 quid
1486 1810 1539 1836 te-

837 1858 931 1881 mere
961 1849 1151 1882 decernant
1168 1862 1175 1882 :
1214 1860 1418 1891 cognoscere
1448 1853 1538 1885 enirn

837 1903 916 1930 ante
931 1903 1080 1940 oportet,
1097 1909 1159 1932 nec
1174 1909 1292 1932 caussa
1307 1903 1446 1942 cognita
1461 1911 1538 1934 esse

837 1947 976 1988 dicitur,
997 1949 1060 1981 nisi
1086 1954 1228 1991 utraque
1252 1955 1352 1990 parte
1369 1950 1486 1982 audita
1502 1956 1540 1984 et

839 1999 967 2030 vocatis
980 1999 1031 2031 bis
1047 2010 1188 2041 quorum
1204 2001 1370 2032 interest:
1389 2006 1428 2032 ut
1442 2006 1537 2034 recte

837 2057 857 2079 a
871 2048 970 2081 JCtis
987 2050 1142 2081 traditur.
1182 2052 1193 2068 ⁴
1204 2050 1439 2092 Cognoscere'
1455 2061 1538 2092 ergo

836 2096 972 2130 forense
994 2099 1134 2131 verbum
1159 2104 1226 2132 est.
1270 2099 1371 2133 Quod
1397 2110 1476 2132 vero
1493 2101 1536 2132 ad

838 2147 848 2164 ‘
861 2149 1067 2188 cognitoris'
1094 2149 1297 2181 vocabulum
1320 2150 1458 2190 attinet,
1474 2151 1538 2182 hoc

836 2197 946 2237 ipsum
962 2199 1066 2230 etiam
1081 2199 1217 2231 forense
1230 2205 1300 2231 est:
1316 2200 1378 2231 sed
1392 2201 1456 2232 alia
1471 2201 1537 2240 sig-

837 2246 1032 2280 nificatione
1049 2259 1147 2290 quam
1163 2250 1331 2291 analogiae
1354 2250 1443 2282 ratio
1457 2260 1536 2291 pos-

838 2297 950 2337 tulat3
973 2308 1038 2330 non
1053 2299 1142 2330 enim
1160 2309 1220 2340 pro
1234 2309 1289 2341 eo,
1311 2300 1370 2342 qui
1391 2309 1537 2341 cognos-

838 2346 898 2383 cit,
923 2347 1112 2387 accipitur;
1135 2349 1197 2379 sed
1222 2358 1284 2388 pro
1306 2359 1359 2387 eo,
1375 2350 1432 2390 qui
1450 2351 1535 2381 alte-

838 2405 911 2426 rum
935 2396 1122 2437 injudicio
1142 2397 1318 2429 defendit:
1343 2408 1452 2440 neque
1468 2400 1536 2431 alio

837 2443 953 2476 differt
967 2455 987 2476 a
1000 2450 1233 2486 procuratore,
1244 2456 1341 2487 quam
1352 2448 1442 2488 quod
1456 2457 1535 2488 cog-

837 2494 940 2533 nitor,
958 2497 994 2525 ut
1008 2494 1116 2536 inquit
1133 2496 1266 2533 Festus,
1281 2496 1376 2528 litem
1393 2497 1537 2529 alterius

837 2543 979 2583 suscipit
993 2553 1104 2575 coram
1117 2554 1171 2584 eo,
1183 2545 1237 2576 cui
1253 2545 1352 2576 datus
1365 2551 1418 2576 est
1430 2556 1440 2584 ;
1457 2555 1535 2586 pro-

837 2597 972 2624 curator
981 2597 1093 2624 autem
1105 2593 1256 2625 absentis
1267 2595 1400 2626 nomine
1413 2600 1536 2627 auctor

836 2642 887 2673 fit.
916 2642 1069 2674 Turueb.
1085 2651 1170 2674 xur.
1186 2646 1237 2674 17.
1263 2643 1354 2675 Torr.
1399 2644 1535 2684 ficoe-

835 2692 921 2724 nitor
935 2691 1015 2732 ipse]
1037 2692 1122 2723 Esto
1138 2697 1312 2733 patronus.

879 2744 921 2773 39
944 2741 1053 2773 Rubra
1074 2742 1213 2773 canicula
1227 2741 1348 2783 findet]
1371 2742 1532 2775 Canicula

839 2791 960 2823 ardens
986 2795 1021 2823 et
1045 2791 1162 2831 ignita,
1189 2791 1224 2822 id
1250 2795 1314 2831 est,
1335 2793 1407 2824 sive
1431 2798 1530 2825 oestas

837 2842 954 2883 fuerit,
967 2842 1036 2874 sive
1047 2841 1175 2876 bruma.
1196 2842 1329 2884 [Prosta
1342 2843 1420 2874 Vat.
1434 2842 1529 2876 Rom.

1372 2899 1390 2926 5
1415 2896 1444 2926 R
