1904 3216
388 249 497 290 1676

387 350 446 381 sed
473 355 508 381 et
528 351 640 382 saeculi
666 351 715 380 sui
742 350 842 381 vitam
867 350 1071 382 describens.

390 401 531 432 Torreat.
578 400 683 439 Color]
706 400 938 441 Quodcunque
949 400 1015 431 erit
1025 401 1070 431 vi—

387 453 429 479 tae
446 458 561 488 genus.
617 450 646 478 0
661 457 737 488 puer
751 452 786 480 ut
805 448 864 488 sis]
889 449 919 479 Ο
938 449 1072 489 Horati,

386 497 494 538 inquit
519 497 706 535 Trebatius,
733 506 776 528 ne
803 506 868 528 nou
897 498 942 528 sis
973 497 1071 528 vivax

386 551 511 582 metuo,
526 545 552 575 si
569 545 706 586 satyras
721 545 857 576 scribes.

426 596 467 623 61
497 592 623 632 Vitatis]
644 594 654 610 ‘
667 593 799 624 Vitale’
813 593 1069 634 dicimus,quid-

386 642 466 682 quid
498 643 599 674 etiam
622 642 735 683 juvat,
764 642 869 683 fovet,
891 644 1066 675 continet:

384 692 539 730 exempla
556 693 676 731 passim
693 692 803 723 obvia.
857 692 903 724 At
918 694 979 724 hoc
996 694 1068 724 loco

385 739 490 770 vitalis
519 749 579 778 pro
604 741 718 771 vivace
741 750 780 772 ac
803 741 860 772 diu
883 742 1067 782 superstite

386 789 531 828 ponitur.
559 789 646 819 Vide
662 789 740 820 Pet.
757 790 880 821 Nannii
899 791 995 822 Misc.
1011 791 1067 822 lib.

382 844 435 868 xv.
481 838 604 878 Facete
634 842 745 869 autem
769 839 942 878 ‘puerum’
971 843 1069 870 vocat

382 885 557 916 Trebatius
572 896 658 926 eum,
682 896 700 916 a
721 896 784 927 quo
807 892 904 926 pater
925 888 997 927 ipse
1012 897 1067 918 au-

384 933 540 965 diverat:
572 939 610 965 ut
641 934 773 966 Ofellus
795 935 866 966 Sat.
895 936 1068 975 proxima:

387 984 397 998 ⁴
416 983 552 1014 Quanto
569 987 627 1014 aut
646 992 708 1021 ego
725 984 860 1023 parcius
878 989 935 1015 aut
951 994 1020 1026 vos,
1037 986 1068 1017 Ο

384 1031 493 1069 pueri,
504 1031 687 1062 nituistis?'
712 1032 850 1063 Tor-rent.
874 1033 998 1063 Amicus
1007 1043 1071 1064 ηια-

377 1078 492 1119 jorum]
512 1079 601 1111 Φίλος
626 1074 687 1111 ἑνῶν
708 1079 865 1119 μειζόνων.
912 1082 956 1112 Et
976 1083 1071 1121 mnjo-

383 1138 453 1158 rum
481 1138 518 1160 ne
546 1129 629 1170 quis]
665 1131 710 1162 Et
737 1141 779 1162 ne
804 1131 878 1172 quis
904 1133 1071 1172 gratiosus

384 1176 474 1216 apud
504 1179 647 1219 majores
679 1179 779 1219 viros,
812 1182 874 1212 ὅτε.
917 1181 1073 1220 qu'orum

381 1236 420 1256 ne
445 1227 513 1266 quis
536 1228 651 1260 amicus
675 1229 808 1268 Frigore
833 1234 864 1261 te
876 1230 994 1271 serint]
1030 1230 1071 1261 Id

384 1282 447 1315 est,
465 1276 586 1317 frigide
611 1283 643 1310 te
669 1284 845 1321 acceptum
869 1285 1072 1314 contemnat.

385 1327 501 1367 Guyet.

425 1377 466 1405 62
489 1376 621 1415 Frigore
636 1382 666 1409 te
675 1378 790 1419 feriat]
807 1379 904 1412 Quod
920 1379 1071 1420 vivimus,

382 1424 486 1455 calori
504 1426 596 1456 vitali
622 1432 796 1468 acceptum
819 1427 974 1460 ferimus:
992 1429 1070 1460 hinc

382 1483 463 1514 ergo
478 1475 487 1492 ⁴
501 1473 605 1515 frigus
616 1475 624 1487 '
640 1485 700 1515 pro
715 1481 834 1512 morte,
847 1482 882 1508 et
906 1479 915 1495 ‘
927 1476 1069 1517 frigere'

383 1531 445 1562 pro
473 1528 638 1554 mortuum
663 1533 748 1556 esse.
793 1525 889 1565 Virg.
918 1530 1070 1557 extremo

382 1571 456 1602 AEu.
473 1581 539 1604 xu.
569 1576 578 1590 ‘
594 1573 658 1604 Ast
686 1573 734 1604 illi
754 1574 929 1605 solvuntur
945 1573 1069 1613 frigore

382 1620 553 1651 membra.'
597 1622 642 1652 Et
669 1622 743 1652 AEn.
771 1631 820 1652 vr.
849 1623 1070 1663 ‘Corpusque

381 1669 494 1700 lavant
520 1668 673 1708 frigentis
697 1674 732 1700 et
754 1670 905 1709 ungunt.'
929 1671 1069 1702 Torrent.

382 1717 518 1756 Frigore
533 1717 687 1758 teseriat]
704 1719 850 1749 Mortem
865 1719 924 1750 tibi
936 1718 1070 1752 inferat.

383 1768 479 1806 Quid,
506 1779 573 1799 cum
597 1772 643 1800 est
668 1769 809 1800 Lucilius
829 1771 936 1811 onasus]
959 1771 1069 1810 Rogat

382 1815 543 1848 Horatius
573 1817 653 1858 quid
683 1827 798 1857 passus
825 1823 877 1850 est
909 1820 1069 1860 Lucilius,

381 1874 456 1896 cum
474 1875 610 1906 magnos
622 1867 710 1897 viros
723 1867 900 1907 carpserit.

419 1917 463 1944 63
487 1913 623 1954 Morem]
646 1915 686 1946 In
697 1924 820 1946 morem
833 1915 1031 1956 Satyricum.

422 1965 462 1993 ct
485 1963 657 1995 Detrahere
668 1967 698 1995 et
709 1965 834 2006 pellem]
851 1965 1068 2007 Uniuscujus-

382 2021 446 2052 que
459 2013 542 2044 vitia
557 2013 732 2054 detegere.

422 2064 462 2091 65
488 2062 617 2093 Cederet
632 2061 813 2101 introrsum]
836 2062 1016 2094 Incederet
1031 2067 1067 2094 et

381 2109 615 2141 obambularet
630 2111 769 2148 nitidus,
790 2111 822 2140 id
846 2114 910 2149 est,
932 2114 970 2141 ut
983 2111 1066 2141 civis

381 2157 498 2190 bonus.
542 2158 607 2189 Aut
633 2159 700 2198 qui]
726 2159 771 2189 Et
794 2158 909 2198 Scipio
936 2158 1065 2189 Africa-

380 2216 454 2237 uus.

421 2258 462 2286 67
486 2255 615 2294 Ingenio
634 2255 759 2295 offensi]
791 2255 910 2286 Lucilii
933 2255 1065 2296 ingenio

381 2310 459 2335 sunt
483 2303 622 2335 offensi?
665 2305 808 2345 Metello]
843 2304 910 2335 Hic
939 2304 996 2335 ille
1022 2305 1065 2337 Q.

380 2353 536 2384 Caecilius
549 2352 708 2383 Metellus
717 2360 753 2386 Q·
770 2361 800 2384 r.
815 2361 845 2383 1..
861 2360 896 2384 n.
909 2353 1067 2384 Macedo·

380 2403 454 2433 nius
482 2401 734 2441 cognominatus
753 2412 763 2432 ε
791 2401 834 2432 de
862 2401 956 2442 cujus
984 2402 1067 2432 mira

380 2450 546 2482 felicitate
562 2449 786 2481 Valeriuslib.
802 2459 866 2482 vu.
878 2455 914 2481 et
929 2450 1067 2492 egregie

381 2501 510 2532 Plinius
529 2508 594 2531 vn.
609 2502 664 2531 44.
687 2499 744 2530 ubi
766 2503 874 2531 tamen
897 2500 1068 2530 calamita·

380 2550 422 2581 tis
439 2551 513 2580 loco
528 2549 635 2588 ducit,
651 2547 739 2589 quod
755 2547 908 2579 Africani
924 2548 1066 2579 Minoris

381 2599 536 2630 inimicus
563 2596 639 2629 fuit.
691 2597 777 2628 Haee
803 2597 919 2637 itaque
950 2606 1068 2627 caussa

381 2648 470 2687 quod
488 2646 607 2678 Lucilii
623 2646 743 2687 stylum
761 2655 825 2677 non
841 2647 959 2677 evasit.
993 2646 1066 2676 Tor-

380 2699 460 2726 rent.
505 2693 649 2734 Metello]
681 2694 736 2726 Ob
760 2694 938 2726 Metellum
953 2699 989 2725 et
1003 2694 1066 2725 Lu-

382 2754 461 2785 pum
491 2744 639 2775 homines
675 2743 858 2785 improbos,
895 2743 1066 2776 maledicis

844 260 980 290 NOTAE
1013 260 1271 291 VAmoRUM
1305 263 1353 291 ΙΝ

1119 352 1269 382 versibus
1282 353 1490 385 conscissos?

1160 403 1201 431 68
1216 401 1318 441 Lupo]
1335 401 1424 443 Huic
1442 404 1536 444 Lupo
1551 404 1666 435 Rutilii
1681 413 1798 437 nomen

1119 448 1301 488 imponunt.
1345 451 1389 481 Et
1405 446 1520 483 Rutilii
1536 453 1670 493 quidem
1684 453 1799 486 multi:

1118 497 1206 528 iuter
1219 507 1300 538 quos
1322 498 1361 530 P.
1378 499 1521 531 Rutilius
1538 499 1655 540 Rufus,
1669 501 1770 533 toties
1783 511 1803 534 a

1119 547 1168 579 M.
1179 549 1286 579 Tullio
1299 550 1466 590 laudatus,
1477 551 1648 591 praecipue
1658 552 1780 583 claruit
1791 562 1800 582 ι

1119 596 1176 626 sed
1202 597 1283 637 Lupi
1307 607 1490 638 cognomen
1513 608 1578 630 non
1600 604 1726 630 temere
1747 600 1803 631 alii

1119 644 1269 675 additum
1303 647 1462 687 reperies,
1493 656 1590 688 quam
1618 648 1660 679 P.
1685 649 1803 679 Rutilii

1120 701 1151 724 ι..
1168 702 1198 723 1⁷.
1214 702 1244 725 1..
1259 702 1295 726 Ν.
1317 695 1372 736 qui
1395 706 1469 727 cum
1495 697 1534 728 L.
1553 697 1645 729 Julio
1669 698 1803 728 Caesare

1118 741 1159 773 A.
1176 742 1219 773 U.
1245 746 1318 775 663.
1341 745 1477 785 Consul,
1503 745 1591 776 bello
1616 746 1738 778 sociali
1760 745 1803 777 ab

1117 791 1267 823 hostibus
1290 793 1419 824 occisus
1441 793 1526 825 fuit:
1548 794 1646 835 hujus
1669 795 1722 826 vel
1743 805 1803 835 pa-

1119 844 1182 876 ter,
1212 842 1266 871 vel
1295 851 1374 873 avus
1399 843 1520 874 Lucilii
1546 843 1695 875 versibus
1725 853 1804 885 pro·

1117 887 1223 918 scindi
1246 889 1377 928 potuit3
1399 900 1594 931 quamquam
1620 901 1663 922 ex
1686 891 1805 922 summi

1119 936 1180 966 viri
1203 935 1341 967 Antonii
1363 936 1543 977 Augustini
1568 939 1738 970 sententia
1760 939 1801 971 ad

1119 985 1157 1016 L.
1172 985 1362 1016 Cornelium
1382 986 1443 1017 Cn.
1464 994 1496 1017 ιτ.
1514 995 1543 1017 1..
1561 995 1596 1018 Ν.
1625 988 1802 1018 Lentulum

1120 1034 1249 1073 Lupum
1266 1033 1387 1065 referri
1409 1035 1532 1066 malim.
1577 1035 1699 1067 Consul
1715 1036 1802 1067 enim

1118 1082 1171 1112 liic
1187 1081 1251 1112 fuit
1267 1091 1340 1113 cum
1357 1083 1393 1114 C.
1409 1083 1540 1114 Marcio
1559 1083 1679 1124 Figulo
1700 1085 1741 1116 A.
1758 1085 1803 1118 U.

1119 1131 1158 1162 C.
1173 1133 1247 1162 597.
1262 1131 1439 1162 damnatus
1463 1131 1744 1172 repetundarum:
1768 1138 1804 1165 et

1119 1179 1329 1210 nihilominus
1353 1184 1428 1219 post
1450 1179 1696 1212 damnationem
1717 1182 1806 1213 Cen·

1119 1236 1174 1258 sor
1185 1226 1306 1259 factus.
1333 1229 1388 1260 De
1406 1237 1471 1270 quo
1487 1231 1535 1260 sic
1549 1229 1650 1261 etiam
1667 1230 1804 1262 Persius

1118 1277 1191 1308 sat.
1217 1286 1242 1309 1.
1267 1281 1276 1294 ⁴
1293 1277 1408 1308 Secuit
1433 1278 1578 1309 Lucilius
1602 1278 1731 1317 urbem,
1755 1281 1802 1311 Te

1119 1326 1226 1365 Lupe,
1237 1330 1283 1365 te,
1295 1326 1399 1366 Muci,
1411 1330 1447 1357 et
1458 1327 1636 1367 genuinum
1650 1326 1754 1368 fregit
1769 1329 1803 1359 in

1118 1374 1207 1406 inis!
1225 1375 1366 1407 Torreat.
1407 1374 1601 1414 [Fumo-risve
1613 1377 1755 1418 Cuning.
1767 1383 1803 1409 et

1118 1423 1260 1464 Sanad]

1159 1476 1201 1504 69
1224 1474 1381 1505 Primores
1408 1476 1510 1515 populi
1535 1476 1682 1516 arripuit,
1708 1486 1800 1516 popu-

1117 1522 1234 1561 lumque
1255 1523 1408 1564 tributim]
1442 1524 1484 1554 Id
1511 1530 1574 1561 est,
1602 1524 1719 1556 ordine
1741 1535 1803 1565 per

1117 1570 1262 1608 singulas
1281 1571 1390 1602 tribus
1412 1571 1565 1612 Satyrico
1587 1572 1690 1604 dente
1713 1583 1802 1614 gras-

1118 1624 1220 1650 satus.
1255 1619 1376 1651 Douza.
1433 1620 1592 1662 Arripuit]
1631 1622 1801 1663 Culpavit.

1119 1668 1326 1708 Populumque
1361 1669 1517 1710 tributim]
1560 1671 1700 1702 Plebem
1729 1672 1802 1703 infi-

1118 1725 1204 1747 mam
1233 1721 1268 1748 et
1296 1717 1478 1749 tunicatum
1504 1719 1687 1759 popellum.
1731 1721 1803 1752 Tri-

1117 1765 1230 1806 butim]
1253 1766 1414 1798 Tributum
1430 1768 1544 1800 Lamb.
1567 1767 1614 1800 At
1629 1770 1733 1801 nostri
1747 1780 1804 1804 co·

1118 1814 1223 1854 dices,
1249 1825 1376 1847 summo
1398 1826 1574 1858 consensu,
1594 1819 1733 1851 tributim
1755 1820 1804 1852 le-

1118 1869 1211 1904 gunt,
1226 1864 1259 1895 id
1273 1869 1335 1901 est,
1351 1874 1411 1906 per
1427 1866 1547 1899 tribus.
1576 1867 1644 1900 Per
1654 1869 1803 1908 primore·

1117 1922 1198 1953 ergo
1218 1914 1334 1954 populi,
1365 1918 1479 1955 patres
1501 1915 1603 1956 ipsos,
1623 1925 1682 1948 seu
1700 1918 1801 1958 patri-

1117 1962 1182 1993 tios
1198 1963 1371 2003 intelligo;
1397 1973 1456 2004 per
1468 1966 1623 2005 populum,
1638 1966 1800 2007 reliquam

1116 2011 1248 2051 plebem
1273 2012 1396 2053 absque
1418 2014 1648 2046 senatoribus:
1671 2019 1709 2046 ut
1723 2024 1798 2047 eum

1116 2059 1256 2091 dicimus
1272 2061 1307 2092 S.
1320 2061 1359 2092 P.
1373 2062 1415 2094 Q.
1429 2062 1472 2094 R.
1495 2067 1596 2104 atque
1618 2065 1667 2096 ita
1685 2065 1800 2105 populi

1115 2108 1276 2138 vocabulo
1291 2118 1382 2149 saepe
1398 2110 1530 2141 utimur.
1577 2112 1726 2143 Tributs'm
1742 2122 1799 2144 au-

1114 2160 1180 2185 tem
1197 2155 1344 2195 additur,
1358 2162 1396 2188 ut
1411 2158 1515 2197 magis
1528 2164 1661 2191 constet
1675 2161 1798 2191 nemini

1114 2212 1189 2234 eum
1213 2204 1402 2244 pepercisse
1418 2215 1426 2236 τ
1450 2206 1558 2238 nullus
1574 2207 1662 2239 enim
1681 2209 1797 2241 Romae

1115 2252 1196 2283 civis
1211 2252 1336 2293 absque
1351 2253 1452 2284 tribu.
1496 2255 1603 2286 Recte
1621 2265 1702 2297 ergo
1717 2257 1802 2289 Per-

1115 2301 1203 2332 sius:
1224 2302 1233 2319 ‘
1252 2302 1363 2333 Secuit
1381 2303 1526 2334 Lucilius
1542 2304 1684 2337 urbem!
1714 2306 1799 2339 Tra-

1115 2351 1198 2384 dunt
1222 2352 1310 2383 enim
1333 2352 1480 2392 singulas
1509 2362 1585 2385 eum
1608 2355 1712 2387 tribus
1732 2357 1799 2388 siu-

1114 2401 1200 2441 gulis
1217 2401 1345 2442 Satyris
1358 2402 1532 2435 lacerasse.
1562 2402 1639 2435 Vid.
1653 2404 1799 2438 Turneb.

1114 2458 1180 2481 vn.
1196 2452 1248 2481 11.
1283 2450 1423 2482 Torrent-

1155 2501 1196 2529 70
1210 2497 1336 2529 Scilicet
1350 2498 1416 2538 uni,
1428 2498 1498 2538 ξω]
1512 2498 1642 2532 Arserit
1656 2509 1720 2532 non
1733 2502 1799 2533 alis

1114 2546 1156 2578 de
1173 2557 1288 2578 caussa
1303 2547 1465 2579 Lucilium
1482 2548 1668 2580 mordacius
1683 2549 1717 2580 iu
1733 2550 1799 2582 Ro-

1113 2604 1227 2626 manos
1249 2605 1291 2627 ex
1314 2605 1410 2637 aequo
1431 2596 1464 2627 in
1483 2606 1598 2628 omnes
1610 2598 1797 2638 invectum,

1114 2644 1176 2675 nisi
1193 2644 1293 2675 solius
1309 2644 1440 2676 virtutis
1458 2654 1589 2677 amore:
1614 2655 1728 2688 aeqnus
1741 2657 1796 2680 au-

1116 2699 1183 2724 tem
1200 2694 1226 2725 is
1242 2698 1294 2725 est
1309 2693 1437 2733 virtuti,
1453 2693 1510 2735 qui
1531 2695 1626 2726 bonis
1648 2697 1796 2728 omnibus

1115 2742 1317 2783 parcendum
1340 2742 1674 2785 judicat,'malosque
1707 2744 1792 2776 male
