<?xml version="1.0" encoding="UTF-8"?>
<!DOCTYPE html PUBLIC "-//W3C//DTD XHTML 1.0 Transitional//EN"
    "http://www.w3.org/TR/xhtml1/DTD/xhtml1-transitional.dtd">
<html xmlns="http://www.w3.org/1999/xhtml" xml:lang="en" lang="en">
 <head>
  <title>
</title>
<meta http-equiv="Content-Type" content="text/html;charset=utf-8" />
  <meta name='ocr-system' content='tesseract 3.04.00' />
  <meta name='ocr-capabilities' content='ocr_page ocr_carea ocr_par ocr_line ocrx_word'/>
</head>
<body>
  <div class='ocr_page' id='page_1' title='image "./operazeune03horauoft/operazeune03horauoft_0386.png"; bbox 0 0 1930 3204; ppageno 0'>
   <div class='ocr_carea' id='block_1_1' title="bbox 348 271 458 313">
    <p class='ocr_par' dir='ltr' id='par_1_1' title="bbox 348 271 458 313">
     <span class='ocr_line' id='line_1_1' title="bbox 348 271 458 313; baseline 0.018 -2"><span class='ocrx_word' id='word_1_1' title='bbox 348 271 458 313; x_wconf 75' lang='lat'>1532</span> 
     </span>
    </p>
   </div>
   <div class='ocr_carea' id='block_1_2' title="bbox 792 281 1295 312">
    <p class='ocr_par' dir='ltr' id='par_1_2' title="bbox 792 281 1295 312">
     <span class='ocr_line' id='line_1_2' title="bbox 792 281 1295 312; baseline 0 -1"><span class='ocrx_word' id='word_1_2' title='bbox 792 281 927 312; x_wconf 73' lang='lat' dir='ltr'><strong>NOTAE</strong></span> <span class='ocrx_word' id='word_1_3' title='bbox 961 281 1213 312; x_wconf 69' lang='lat' dir='ltr'><strong>VARIORUM</strong></span> <span class='ocrx_word' id='word_1_4' title='bbox 1250 282 1295 311; x_wconf 84' lang='lat' dir='ltr'>lN</span> 
     </span>
    </p>
   </div>
   <div class='ocr_carea' id='block_1_3' title="bbox 767 545 1328 596">
    <p class='ocr_par' dir='ltr' id='par_1_3' title="bbox 767 545 1328 596">
     <span class='ocr_line' id='line_1_3' title="bbox 767 545 1328 596; baseline -0.009 0"><span class='ocrx_word' id='word_1_5' title='bbox 767 547 1106 596; x_wconf 83' lang='grc' dir='ltr'><strong>ΕΡΟΒΩΝ</strong></span> <span class='ocrx_word' id='word_1_6' title='bbox 1171 545 1328 592; x_wconf 88' lang='lat' dir='ltr'><strong>LIB.</strong></span> 
     </span>
    </p>
   </div>
   <div class='ocr_carea' id='block_1_4' title="bbox 342 710 1033 2794">
    <p class='ocr_par' dir='ltr' id='par_1_4' title="bbox 349 710 1027 887">
     <span class='ocr_line' id='line_1_4' title="bbox 349 710 1025 742; baseline -0.003 0"><span class='ocrx_word' id='word_1_7' title='bbox 349 712 501 742; x_wconf 66' lang='lat' dir='ltr'>Ervom.</span> <span class='ocrx_word' id='word_1_8' title='bbox 535 710 589 742; x_wconf 83' lang='lat' dir='ltr'>An</span> <span class='ocrx_word' id='word_1_9' title='bbox 618 710 871 742; x_wconf 55' lang='lat' dir='ltr'>Maccui-mn.</span> <span class='ocrx_word' id='word_1_10' title='bbox 917 710 1025 741; x_wconf 84' lang='lat' dir='ltr'>Hora-</span> 
     </span>
     <span class='ocr_line' id='line_1_5' title="bbox 390 759 1025 798; baseline -0.002 -8"><span class='ocrx_word' id='word_1_11' title='bbox 390 761 455 791; x_wconf 86' lang='lat' dir='ltr'>tius</span> <span class='ocrx_word' id='word_1_12' title='bbox 477 760 539 791; x_wconf 84' lang='lat' dir='ltr'>ibit</span> <span class='ocrx_word' id='word_1_13' title='bbox 559 769 632 789; x_wconf 75' lang='lat' dir='ltr'>cunr</span> <span class='ocrx_word' id='word_1_14' title='bbox 663 760 852 790; x_wconf 70' lang='lat' dir='ltr'>Maeeenate</span> <span class='ocrx_word' id='word_1_15' title='bbox 880 759 1025 798; x_wconf 84' lang='lat' dir='ltr'>proficis-</span> 
     </span>
     <span class='ocr_line' id='line_1_6' title="bbox 389 807 1027 846; baseline -0.003 -8"><span class='ocrx_word' id='word_1_16' title='bbox 389 812 487 838; x_wconf 83' lang='lat' dir='ltr'>cente</span> <span class='ocrx_word' id='word_1_17' title='bbox 508 807 548 838; x_wconf 83' lang='lat' dir='ltr'>ad</span> <span class='ocrx_word' id='word_1_18' title='bbox 573 807 694 838; x_wconf 87' lang='lat' dir='ltr'>bellum</span> <span class='ocrx_word' id='word_1_19' title='bbox 710 807 895 846; x_wconf 87' lang='lat' dir='ltr'>Actiacum,</span> <span class='ocrx_word' id='word_1_20' title='bbox 911 813 1027 837; x_wconf 85' lang='lat' dir='ltr'>contra</span> 
     </span>
     <span class='ocr_line' id='line_1_7' title="bbox 389 856 581 887; baseline 0.005 -1"><span class='ocrx_word' id='word_1_21' title='bbox 389 856 581 887; x_wconf 87' lang='lat' dir='ltr'>Antonium.</span> 
     </span>
    </p>

    <p class='ocr_par' dir='ltr' id='par_1_5' title="bbox 342 905 1033 2587">
     <span class='ocr_line' id='line_1_8' title="bbox 387 905 1027 944; baseline 0 -10"><span class='ocrx_word' id='word_1_22' title='bbox 387 905 519 944; x_wconf 68' lang='lat' dir='ltr'>Epodczn</span> <span class='ocrx_word' id='word_1_23' title='bbox 534 905 641 944; x_wconf 76' lang='lat' dir='ltr'>Liber]</span> <span class='ocrx_word' id='word_1_24' title='bbox 661 905 805 944; x_wconf 82' lang='lat' dir='ltr'>Margini</span> <span class='ocrx_word' id='word_1_25' title='bbox 828 905 955 944; x_wconf 89' lang='lat' dir='ltr'>antiqui</span> <span class='ocrx_word' id='word_1_26' title='bbox 972 914 1027 935; x_wconf 88' lang='lat' dir='ltr'>co-</span> 
     </span>
     <span class='ocr_line' id='line_1_9' title="bbox 347 951 1031 991; baseline 0 -9"><span class='ocrx_word' id='word_1_27' title='bbox 347 951 432 982; x_wconf 87' lang='lat' dir='ltr'>dicis</span> <span class='ocrx_word' id='word_1_28' title='bbox 453 954 656 991; x_wconf 87' lang='lat' dir='ltr'>adscriptum</span> <span class='ocrx_word' id='word_1_29' title='bbox 674 953 878 991; x_wconf 83' lang='lat' dir='ltr'>reperimus:</span> <span class='ocrx_word' id='word_1_30' title='bbox 905 955 914 969; x_wconf 89' lang='lat'>‘</span> <span class='ocrx_word' id='word_1_31' title='bbox 930 953 1031 983; x_wconf 82' lang='lat' dir='ltr'>Liber</span> 
     </span>
     <span class='ocr_line' id='line_1_10' title="bbox 347 1000 1033 1039; baseline 0 -9"><span class='ocrx_word' id='word_1_32' title='bbox 347 1000 568 1031; x_wconf 65' lang='lat' dir='ltr'>hiessponffin</span> <span class='ocrx_word' id='word_1_33' title='bbox 597 1002 802 1037; x_wconf 72' lang='lat' dir='ltr'>inscribitur,</span> <span class='ocrx_word' id='word_1_34' title='bbox 818 1002 851 1032; x_wconf 91' lang='lat' dir='ltr'>id</span> <span class='ocrx_word' id='word_1_35' title='bbox 866 1006 928 1039; x_wconf 86' lang='lat' dir='ltr'>est,</span> <span class='ocrx_word' id='word_1_36' title='bbox 942 1002 1033 1032; x_wconf 83' lang='lat' dir='ltr'>clau-</span> 
     </span>
     <span class='ocr_line' id='line_1_11' title="bbox 347 1049 1028 1090; baseline 0.001 -12"><span class='ocrx_word' id='word_1_37' title='bbox 347 1049 477 1087; x_wconf 82' lang='lat' dir='ltr'>sularis,</span> <span class='ocrx_word' id='word_1_38' title='bbox 499 1050 586 1090; x_wconf 85' lang='lat' dir='ltr'>quod</span> <span class='ocrx_word' id='word_1_39' title='bbox 612 1050 645 1080; x_wconf 90' lang='lat' dir='ltr'>in</span> <span class='ocrx_word' id='word_1_40' title='bbox 669 1059 710 1079; x_wconf 90' lang='lat' dir='ltr'>eo</span> <span class='ocrx_word' id='word_1_41' title='bbox 734 1059 846 1079; x_wconf 86' lang='lat' dir='ltr'>versus</span> <span class='ocrx_word' id='word_1_42' title='bbox 871 1051 917 1080; x_wconf 87' lang='lat' dir='ltr'>ita</span> <span class='ocrx_word' id='word_1_43' title='bbox 941 1049 1028 1079; x_wconf 90' lang='lat' dir='ltr'>ordi-</span> 
     </span>
     <span class='ocr_line' id='line_1_12' title="bbox 347 1098 1030 1137; baseline 0.001 -11"><span class='ocrx_word' id='word_1_44' title='bbox 347 1102 480 1136; x_wconf 87' lang='lat' dir='ltr'>nantur,</span> <span class='ocrx_word' id='word_1_45' title='bbox 505 1103 542 1128; x_wconf 86' lang='lat' dir='ltr'>ut</span> <span class='ocrx_word' id='word_1_46' title='bbox 570 1098 707 1136; x_wconf 79' lang='lat' dir='ltr'>singuiis</span> <span class='ocrx_word' id='word_1_47' title='bbox 730 1098 915 1137; x_wconf 86' lang='lat' dir='ltr'>quibusque</span> <span class='ocrx_word' id='word_1_48' title='bbox 942 1098 1030 1128; x_wconf 89' lang='lat' dir='ltr'>clau-</span> 
     </span>
     <span class='ocr_line' id='line_1_13' title="bbox 346 1145 1028 1177; baseline 0.003 -2"><span class='ocrx_word' id='word_1_49' title='bbox 346 1147 426 1176; x_wconf 81' lang='lat' dir='ltr'>sulae</span> <span class='ocrx_word' id='word_1_50' title='bbox 442 1155 509 1177; x_wconf 79' lang='lat' dir='ltr'>suae</span> <span class='ocrx_word' id='word_1_51' title='bbox 526 1146 688 1176; x_wconf 77' lang='lat' dir='ltr'>recinant.</span> <span class='ocrx_word' id='word_1_52' title='bbox 733 1145 904 1176; x_wconf 75' lang='lat' dir='ltr'>Clausulas</span> <span class='ocrx_word' id='word_1_53' title='bbox 920 1150 1028 1177; x_wconf 85' lang='lat' dir='ltr'>autem</span> 
     </span>
     <span class='ocr_line' id='line_1_14' title="bbox 348 1194 1030 1235; baseline 0.003 -11"><span class='ocrx_word' id='word_1_54' title='bbox 348 1194 458 1233; x_wconf 82' lang='lat' dir='ltr'>Lyrici</span> <span class='ocrx_word' id='word_1_55' title='bbox 481 1195 650 1235; x_wconf 80' lang='lat' dir='ltr'>appeliant</span> <span class='ocrx_word' id='word_1_56' title='bbox 677 1194 817 1226; x_wconf 80' lang='lat' dir='ltr'>minores</span> <span class='ocrx_word' id='word_1_57' title='bbox 833 1204 946 1226; x_wconf 84' lang='lat' dir='ltr'>versus</span> <span class='ocrx_word' id='word_1_58' title='bbox 961 1205 1030 1226; x_wconf 86' lang='lat' dir='ltr'>ma·</span> 
     </span>
     <span class='ocr_line' id='line_1_15' title="bbox 342 1242 1027 1285; baseline 0.004 -12"><span class='ocrx_word' id='word_1_59' title='bbox 342 1242 473 1281; x_wconf 82' lang='lat' dir='ltr'>juribus</span> <span class='ocrx_word' id='word_1_60' title='bbox 504 1244 706 1284; x_wconf 85' lang='lat' dir='ltr'>suppositos,</span> <span class='ocrx_word' id='word_1_61' title='bbox 736 1244 827 1284; x_wconf 90' lang='lat' dir='ltr'>quasi</span> <span class='ocrx_word' id='word_1_62' title='bbox 857 1246 1027 1285; x_wconf 68' lang='lat' dir='ltr'>praecisos,</span> 
     </span>
     <span class='ocr_line' id='line_1_16' title="bbox 347 1292 1027 1332; baseline 0.003 -10"><span class='ocrx_word' id='word_1_63' title='bbox 347 1292 486 1331; x_wconf 77' lang='lat' dir='ltr'>integris</span> <span class='ocrx_word' id='word_1_64' title='bbox 517 1293 706 1332; x_wconf 74' lang='lat' dir='ltr'>subjectos:</span> <span class='ocrx_word' id='word_1_65' title='bbox 754 1293 788 1323; x_wconf 91' lang='lat' dir='ltr'>Si</span> <span class='ocrx_word' id='word_1_66' title='bbox 812 1303 893 1324; x_wconf 82' lang='lat' dir='ltr'>meae</span> <span class='ocrx_word' id='word_1_67' title='bbox 918 1299 1027 1324; x_wconf 77' lang='lat' dir='ltr'>tamen</span> 
     </span>
     <span class='ocr_line' id='line_1_17' title="bbox 347 1340 1027 1381; baseline 0.004 -11"><span class='ocrx_word' id='word_1_68' title='bbox 347 1340 496 1379; x_wconf 86' lang='lat' dir='ltr'>opinioni</span> <span class='ocrx_word' id='word_1_69' title='bbox 526 1341 617 1371; x_wconf 83' lang='lat' dir='ltr'>locus</span> <span class='ocrx_word' id='word_1_70' title='bbox 642 1346 743 1380; x_wconf 87' lang='lat' dir='ltr'>esset,</span> <span class='ocrx_word' id='word_1_71' title='bbox 773 1341 874 1372; x_wconf 86' lang='lat' dir='ltr'>Liber</span> <span class='ocrx_word' id='word_1_72' title='bbox 897 1342 1027 1381; x_wconf 76' lang='grc' dir='ltr'><strong><em>Ἐπῳδὸς</em></strong></span> 
     </span>
     <span class='ocr_line' id='line_1_18' title="bbox 347 1388 1026 1423; baseline 0.004 -5"><span class='ocrx_word' id='word_1_73' title='bbox 347 1388 597 1423; x_wconf 82' lang='lat' dir='ltr'>inscriberetur,</span> <span class='ocrx_word' id='word_1_74' title='bbox 619 1398 683 1419; x_wconf 88' lang='lat' dir='ltr'>non</span> <span class='ocrx_word' id='word_1_75' title='bbox 709 1399 728 1418; x_wconf 85' lang='lat' dir='ltr'>a</span> <span class='ocrx_word' id='word_1_76' title='bbox 753 1394 846 1420; x_wconf 89' lang='lat' dir='ltr'>certo</span> <span class='ocrx_word' id='word_1_77' title='bbox 873 1392 1026 1421; x_wconf 79' lang='lat' dir='ltr'>carminis</span> 
     </span>
     <span class='ocr_line' id='line_1_19' title="bbox 346 1437 1025 1478; baseline 0.004 -11"><span class='ocrx_word' id='word_1_78' title='bbox 346 1445 480 1476; x_wconf 80' lang='lat' dir='ltr'>genere,</span> <span class='ocrx_word' id='word_1_79' title='bbox 503 1437 589 1478; x_wconf 86' lang='lat' dir='ltr'>quod</span> <span class='ocrx_word' id='word_1_80' title='bbox 605 1438 637 1468; x_wconf 89' lang='lat' dir='ltr'>in</span> <span class='ocrx_word' id='word_1_81' title='bbox 655 1438 716 1468; x_wconf 87' lang='lat' dir='ltr'>hoc</span> <span class='ocrx_word' id='word_1_82' title='bbox 737 1439 902 1469; x_wconf 86' lang='lat' dir='ltr'>volumine</span> <span class='ocrx_word' id='word_1_83' title='bbox 924 1441 1025 1470; x_wconf 73' lang='lat' dir='ltr'>maxi-</span> 
     </span>
     <span class='ocr_line' id='line_1_20' title="bbox 346 1486 1026 1526; baseline 0 -9"><span class='ocrx_word' id='word_1_84' title='bbox 346 1494 398 1517; x_wconf 90' lang='lat' dir='ltr'>me</span> <span class='ocrx_word' id='word_1_85' title='bbox 414 1486 648 1526; x_wconf 85' lang='lat' dir='ltr'>variat‚neque</span> <span class='ocrx_word' id='word_1_86' title='bbox 659 1495 791 1525; x_wconf 80' lang='lat' dir='ltr'>semper</span> <span class='ocrx_word' id='word_1_87' title='bbox 802 1496 941 1526; x_wconf 87' lang='lat' dir='ltr'>sequens</span> <span class='ocrx_word' id='word_1_88' title='bbox 953 1497 1026 1518; x_wconf 87' lang='lat' dir='ltr'>ver·</span> 
     </span>
     <span class='ocr_line' id='line_1_21' title="bbox 346 1534 1026 1575; baseline 0.003 -11"><span class='ocrx_word' id='word_1_89' title='bbox 346 1543 400 1564; x_wconf 84' lang='lat' dir='ltr'>sus</span> <span class='ocrx_word' id='word_1_90' title='bbox 417 1534 630 1573; x_wconf 64' lang='lat' dir='ltr'>praecedente</span> <span class='ocrx_word' id='word_1_91' title='bbox 653 1534 784 1565; x_wconf 86' lang='lat' dir='ltr'>brevior</span> <span class='ocrx_word' id='word_1_92' title='bbox 805 1540 879 1573; x_wconf 85' lang='lat' dir='ltr'>est;</span> <span class='ocrx_word' id='word_1_93' title='bbox 901 1536 973 1575; x_wconf 83' lang='lat' dir='ltr'>sed,</span> <span class='ocrx_word' id='word_1_94' title='bbox 989 1540 1026 1567; x_wconf 90' lang='lat' dir='ltr'>ut</span> 
     </span>
     <span class='ocr_line' id='line_1_22' title="bbox 347 1583 1025 1615; baseline 0.001 -1"><span class='ocrx_word' id='word_1_95' title='bbox 347 1583 374 1614; x_wconf 85' lang='lat' dir='ltr'>si</span> <span class='ocrx_word' id='word_1_96' title='bbox 391 1584 508 1614; x_wconf 84' lang='lat' dir='ltr'>Latine</span> <span class='ocrx_word' id='word_1_97' title='bbox 530 1584 701 1614; x_wconf 72' lang='lat' dir='ltr'>incantator</span> <span class='ocrx_word' id='word_1_98' title='bbox 722 1584 832 1614; x_wconf 87' lang='lat' dir='ltr'>dicas:</span> <span class='ocrx_word' id='word_1_99' title='bbox 854 1584 916 1615; x_wconf 90' lang='lat' dir='ltr'>hoc</span> <span class='ocrx_word' id='word_1_100' title='bbox 939 1585 1025 1615; x_wconf 89' lang='lat' dir='ltr'>enim</span> 
     </span>
     <span class='ocr_line' id='line_1_23' title="bbox 347 1631 1026 1670; baseline 0.003 -8"><span class='ocrx_word' id='word_1_101' title='bbox 347 1632 479 1662; x_wconf 66' lang='lat' dir='ltr'>Graecis</span> <span class='ocrx_word' id='word_1_102' title='bbox 494 1637 546 1663; x_wconf 88' lang='lat' dir='ltr'>est</span> <span class='ocrx_word' id='word_1_103' title='bbox 565 1631 688 1670; x_wconf 74' lang='grc' dir='ltr'>ἐπῳδὸς,</span> <span class='ocrx_word' id='word_1_104' title='bbox 703 1638 739 1662; x_wconf 85' lang='lat' dir='ltr'>ut</span> <span class='ocrx_word' id='word_1_105' title='bbox 753 1637 787 1662; x_wconf 92' lang='lat' dir='ltr'>et</span> <span class='ocrx_word' id='word_1_106' title='bbox 803 1633 912 1670; x_wconf 66' lang='grc' dir='ltr'>ἐπῳδὴ,</span> <span class='ocrx_word' id='word_1_107' title='bbox 923 1634 1026 1664; x_wconf 79' lang='lat' dir='ltr'>incon-</span> 
     </span>
     <span class='ocr_line' id='line_1_24' title="bbox 347 1681 1029 1720; baseline 0.001 -10"><span class='ocrx_word' id='word_1_108' title='bbox 347 1683 522 1710; x_wconf 78' lang='lat' dir='ltr'>tamentum.</span> <span class='ocrx_word' id='word_1_109' title='bbox 565 1681 725 1710; x_wconf 83' lang='lat' dir='ltr'>Videmus</span> <span class='ocrx_word' id='word_1_110' title='bbox 738 1686 828 1710; x_wconf 83' lang='lat' dir='ltr'>certe</span> <span class='ocrx_word' id='word_1_111' title='bbox 841 1691 939 1720; x_wconf 90' lang='lat' dir='ltr'>quam</span> <span class='ocrx_word' id='word_1_112' title='bbox 949 1681 1029 1711; x_wconf 89' lang='lat' dir='ltr'>mul-</span> 
     </span>
     <span class='ocr_line' id='line_1_25' title="bbox 349 1728 1029 1759; baseline 0.001 -1"><span class='ocrx_word' id='word_1_113' title='bbox 349 1734 384 1758; x_wconf 83' lang='lat' dir='ltr'>ta</span> <span class='ocrx_word' id='word_1_114' title='bbox 399 1728 441 1759; x_wconf 91' lang='lat' dir='ltr'>de</span> <span class='ocrx_word' id='word_1_115' title='bbox 458 1728 738 1759; x_wconf 85' lang='lat' dir='ltr'>incantationibus</span> <span class='ocrx_word' id='word_1_116' title='bbox 754 1734 874 1759; x_wconf 87' lang='lat' dir='ltr'>tractet</span> <span class='ocrx_word' id='word_1_117' title='bbox 890 1729 943 1759; x_wconf 87' lang='lat' dir='ltr'>hic</span> <span class='ocrx_word' id='word_1_118' title='bbox 959 1729 1029 1759; x_wconf 89' lang='lat' dir='ltr'>Ho-</span> 
     </span>
     <span class='ocr_line' id='line_1_26' title="bbox 349 1778 1030 1818; baseline 0.003 -11"><span class='ocrx_word' id='word_1_119' title='bbox 349 1778 464 1815; x_wconf 82' lang='lat' dir='ltr'>ratius,</span> <span class='ocrx_word' id='word_1_120' title='bbox 480 1782 515 1808; x_wconf 89' lang='lat' dir='ltr'>et</span> <span class='ocrx_word' id='word_1_121' title='bbox 537 1787 633 1818; x_wconf 85' lang='lat' dir='ltr'>quam</span> <span class='ocrx_word' id='word_1_122' title='bbox 647 1778 767 1808; x_wconf 85' lang='lat' dir='ltr'>acriter</span> <span class='ocrx_word' id='word_1_123' title='bbox 782 1778 950 1809; x_wconf 84' lang='lat' dir='ltr'>Canidiam</span> <span class='ocrx_word' id='word_1_124' title='bbox 973 1787 1030 1809; x_wconf 88' lang='lat' dir='ltr'>ve-</span> 
     </span>
     <span class='ocr_line' id='line_1_27' title="bbox 349 1826 1029 1866; baseline 0.003 -10"><span class='ocrx_word' id='word_1_125' title='bbox 349 1826 486 1857; x_wconf 80' lang='lat' dir='ltr'>neficam</span> <span class='ocrx_word' id='word_1_126' title='bbox 511 1827 680 1866; x_wconf 82' lang='lat' dir='ltr'>exagitet:</span> <span class='ocrx_word' id='word_1_127' title='bbox 703 1835 811 1866; x_wconf 82' lang='lat' dir='ltr'>neque</span> <span class='ocrx_word' id='word_1_128' title='bbox 835 1836 956 1858; x_wconf 90' lang='lat' dir='ltr'>novum</span> <span class='ocrx_word' id='word_1_129' title='bbox 977 1832 1029 1858; x_wconf 86' lang='lat' dir='ltr'>est</span> 
     </span>
     <span class='ocr_line' id='line_1_28' title="bbox 349 1876 1028 1916; baseline 0.001 -11"><span class='ocrx_word' id='word_1_130' title='bbox 349 1885 370 1905; x_wconf 84' lang='lat' dir='ltr'>a</span> <span class='ocrx_word' id='word_1_131' title='bbox 385 1880 451 1906; x_wconf 77' lang='lat' dir='ltr'>tam</span> <span class='ocrx_word' id='word_1_132' title='bbox 464 1876 584 1915; x_wconf 80' lang='lat' dir='ltr'>insigni</span> <span class='ocrx_word' id='word_1_133' title='bbox 600 1876 708 1914; x_wconf 89' lang='lat' dir='ltr'>operis</span> <span class='ocrx_word' id='word_1_134' title='bbox 725 1881 820 1915; x_wconf 87' lang='lat' dir='ltr'>parte</span> <span class='ocrx_word' id='word_1_135' title='bbox 832 1880 936 1907; x_wconf 89' lang='lat' dir='ltr'>totum</span> <span class='ocrx_word' id='word_1_136' title='bbox 947 1886 1028 1916; x_wconf 88' lang='lat' dir='ltr'>opus</span> 
     </span>
     <span class='ocr_line' id='line_1_29' title="bbox 349 1925 1028 1966; baseline 0 -11"><span class='ocrx_word' id='word_1_137' title='bbox 349 1934 467 1956; x_wconf 87' lang='lat' dir='ltr'>nomen</span> <span class='ocrx_word' id='word_1_138' title='bbox 483 1925 666 1966; x_wconf 77' lang='lat' dir='ltr'>acquirere.</span> <span class='ocrx_word' id='word_1_139' title='bbox 708 1925 832 1955; x_wconf 89' lang='lat' dir='ltr'>Errant</span> <span class='ocrx_word' id='word_1_140' title='bbox 853 1928 962 1955; x_wconf 91' lang='lat' dir='ltr'>autem</span> <span class='ocrx_word' id='word_1_141' title='bbox 978 1934 1028 1955; x_wconf 71' lang='lat' dir='ltr'>so-</span> 
     </span>
     <span class='ocr_line' id='line_1_30' title="bbox 349 1973 1028 2014; baseline 0 -11"><span class='ocrx_word' id='word_1_142' title='bbox 349 1974 507 2011; x_wconf 81' lang='lat' dir='ltr'>lenniter,</span> <span class='ocrx_word' id='word_1_143' title='bbox 535 1973 591 2014; x_wconf 88' lang='lat' dir='ltr'>qui</span> <span class='ocrx_word' id='word_1_144' title='bbox 624 1973 759 2011; x_wconf 77' lang='grc' dir='ltr'><strong><em>Ἐπῳδὰς</em></strong></span> <span class='ocrx_word' id='word_1_145' title='bbox 788 1973 897 2004; x_wconf 84' lang='lat' dir='ltr'>vocari</span> <span class='ocrx_word' id='word_1_146' title='bbox 934 1982 1028 2012; x_wconf 86' lang='lat' dir='ltr'>posse</span> 
     </span>
     <span class='ocr_line' id='line_1_31' title="bbox 351 2021 1029 2053; baseline 0.003 -3"><span class='ocrx_word' id='word_1_147' title='bbox 351 2021 423 2052; x_wconf 73' lang='lat' dir='ltr'>liaec</span> <span class='ocrx_word' id='word_1_148' title='bbox 437 2022 554 2052; x_wconf 64' lang='lat' dir='ltr'>Potitae</span> <span class='ocrx_word' id='word_1_149' title='bbox 571 2023 676 2052; x_wconf 88' lang='lat' dir='ltr'>nostri</span> <span class='ocrx_word' id='word_1_150' title='bbox 698 2022 853 2052; x_wconf 87' lang='lat' dir='ltr'>Carmina</span> <span class='ocrx_word' id='word_1_151' title='bbox 867 2022 1029 2053; x_wconf 83' lang='lat' dir='ltr'>arbitran-</span> 
     </span>
     <span class='ocr_line' id='line_1_32' title="bbox 350 2070 1029 2109; baseline 0.003 -11"><span class='ocrx_word' id='word_1_152' title='bbox 350 2073 414 2107; x_wconf 88' lang='lat' dir='ltr'>tur,</span> <span class='ocrx_word' id='word_1_153' title='bbox 430 2073 587 2108; x_wconf 74' lang='lat' dir='ltr'>tanquam</span> <span class='ocrx_word' id='word_1_154' title='bbox 603 2078 645 2098; x_wconf 81' lang='lat' dir='ltr'>ex</span> <span class='ocrx_word' id='word_1_155' title='bbox 661 2070 837 2100; x_wconf 83' lang='lat' dir='ltr'>intervallo</span> <span class='ocrx_word' id='word_1_156' title='bbox 860 2076 934 2109; x_wconf 88' lang='lat' dir='ltr'>post</span> <span class='ocrx_word' id='word_1_157' title='bbox 949 2071 1029 2101; x_wconf 84' lang='lat' dir='ltr'>alios</span> 
     </span>
     <span class='ocr_line' id='line_1_33' title="bbox 349 2117 1029 2157; baseline 0.001 -9"><span class='ocrx_word' id='word_1_158' title='bbox 349 2117 451 2148; x_wconf 83' lang='lat' dir='ltr'>libros</span> <span class='ocrx_word' id='word_1_159' title='bbox 466 2119 601 2157; x_wconf 81' lang='lat' dir='ltr'>scripta.</span> <span class='ocrx_word' id='word_1_160' title='bbox 640 2119 725 2148; x_wconf 86' lang='lat' dir='ltr'>Nam</span> <span class='ocrx_word' id='word_1_161' title='bbox 741 2123 776 2148; x_wconf 89' lang='lat' dir='ltr'>ut</span> <span class='ocrx_word' id='word_1_162' title='bbox 793 2119 872 2148; x_wconf 83' lang='lat' dir='ltr'>alias</span> <span class='ocrx_word' id='word_1_163' title='bbox 886 2120 1029 2149; x_wconf 78' lang='lat' dir='ltr'>rationes</span> 
     </span>
     <span class='ocr_line' id='line_1_34' title="bbox 351 2165 1029 2206; baseline 0.001 -10"><span class='ocrx_word' id='word_1_164' title='bbox 351 2166 514 2204; x_wconf 86' lang='lat' dir='ltr'>omittam,</span> <span class='ocrx_word' id='word_1_165' title='bbox 541 2165 659 2206; x_wconf 86' lang='lat' dir='ltr'>quibus</span> <span class='ocrx_word' id='word_1_166' title='bbox 689 2165 787 2196; x_wconf 86' lang='lat' dir='ltr'>facile</span> <span class='ocrx_word' id='word_1_167' title='bbox 823 2165 1029 2205; x_wconf 79' lang='lat' dir='ltr'>refellantur,</span> 
     </span>
     <span class='ocr_line' id='line_1_35' title="bbox 352 2213 1030 2253; baseline 0.001 -8"><span class='ocrx_word' id='word_1_168' title='bbox 352 2215 433 2246; x_wconf 86' lang='lat' dir='ltr'>illud</span> <span class='ocrx_word' id='word_1_169' title='bbox 456 2213 631 2245; x_wconf 86' lang='lat' dir='ltr'>manifeste</span> <span class='ocrx_word' id='word_1_170' title='bbox 656 2220 800 2253; x_wconf 81' lang='lat' dir='ltr'>constat,</span> <span class='ocrx_word' id='word_1_171' title='bbox 816 2220 851 2246; x_wconf 90' lang='lat' dir='ltr'>et</span> <span class='ocrx_word' id='word_1_172' title='bbox 870 2217 972 2246; x_wconf 86' lang='lat' dir='ltr'>multa</span> <span class='ocrx_word' id='word_1_173' title='bbox 987 2226 1030 2246; x_wconf 84' lang='lat' dir='ltr'>ex</span> 
     </span>
     <span class='ocr_line' id='line_1_36' title="bbox 351 2263 1029 2303; baseline 0.001 -10"><span class='ocrx_word' id='word_1_174' title='bbox 351 2263 517 2303; x_wconf 82' lang='lat' dir='ltr'>prioribus</span> <span class='ocrx_word' id='word_1_175' title='bbox 542 2263 645 2298; x_wconf 87' lang='lat' dir='ltr'>libris,</span> <span class='ocrx_word' id='word_1_176' title='bbox 665 2267 769 2294; x_wconf 87' lang='lat' dir='ltr'>totum</span> <span class='ocrx_word' id='word_1_177' title='bbox 794 2273 889 2302; x_wconf 77' lang='lat' dir='ltr'>paene</span> <span class='ocrx_word' id='word_1_178' title='bbox 911 2264 1029 2294; x_wconf 83' lang='lat' dir='ltr'>librum</span> 
     </span>
     <span class='ocr_line' id='line_1_37' title="bbox 354 2313 1029 2352; baseline 0.001 -10"><span class='ocrx_word' id='word_1_179' title='bbox 354 2317 505 2352; x_wconf 85' lang='lat' dir='ltr'>quartum</span> <span class='ocrx_word' id='word_1_180' title='bbox 527 2313 731 2352; x_wconf 79' lang='lat' dir='ltr'>carminum,</span> <span class='ocrx_word' id='word_1_181' title='bbox 747 2317 822 2350; x_wconf 89' lang='lat' dir='ltr'>post</span> <span class='ocrx_word' id='word_1_182' title='bbox 844 2313 906 2343; x_wconf 87' lang='lat' dir='ltr'>boc</span> <span class='ocrx_word' id='word_1_183' title='bbox 922 2313 1029 2352; x_wconf 83' lang='lat' dir='ltr'>ipsum</span> 
     </span>
     <span class='ocr_line' id='line_1_38' title="bbox 353 2359 1032 2399; baseline 0.001 -8"><span class='ocrx_word' id='word_1_184' title='bbox 353 2361 504 2391; x_wconf 85' lang='lat' dir='ltr'>volumen</span> <span class='ocrx_word' id='word_1_185' title='bbox 533 2361 694 2399; x_wconf 82' lang='lat' dir='ltr'>scriptum</span> <span class='ocrx_word' id='word_1_186' title='bbox 729 2359 841 2390; x_wconf 84' lang='lat' dir='ltr'>fuisse.</span> <span class='ocrx_word' id='word_1_187' title='bbox 883 2361 969 2391; x_wconf 87' lang='lat' dir='ltr'>Vide</span> <span class='ocrx_word' id='word_1_188' title='bbox 997 2365 1032 2392; x_wconf 86' lang='lat' dir='ltr'>et</span> 
     </span>
     <span class='ocr_line' id='line_1_39' title="bbox 351 2408 1031 2442; baseline 0.004 -4"><span class='ocrx_word' id='word_1_189' title='bbox 351 2409 495 2439; x_wconf 79' lang='lat' dir='ltr'>Tur-neb.</span> <span class='ocrx_word' id='word_1_190' title='bbox 525 2408 665 2439; x_wconf 73' lang='lat' dir='ltr'>Advers.</span> <span class='ocrx_word' id='word_1_191' title='bbox 689 2417 755 2439; x_wconf 77' lang='lat' dir='ltr'>xit.</span> <span class='ocrx_word' id='word_1_192' title='bbox 786 2412 835 2440; x_wconf 76' lang='lat'>14.</span> <span class='ocrx_word' id='word_1_193' title='bbox 879 2410 1031 2442; x_wconf 86' lang='lat' dir='ltr'>Muretus</span> 
     </span>
     <span class='ocr_line' id='line_1_40' title="bbox 353 2457 1030 2500; baseline 0.004 -12"><span class='ocrx_word' id='word_1_194' title='bbox 353 2457 436 2488; x_wconf 88' lang='lat' dir='ltr'>dicit</span> <span class='ocrx_word' id='word_1_195' title='bbox 452 2466 488 2488; x_wconf 87' lang='lat' dir='ltr'>se</span> <span class='ocrx_word' id='word_1_196' title='bbox 498 2458 618 2487; x_wconf 81' lang='lat' dir='ltr'>vidisse</span> <span class='ocrx_word' id='word_1_197' title='bbox 628 2462 772 2487; x_wconf 80' lang='lat' dir='ltr'>veterem</span> <span class='ocrx_word' id='word_1_198' title='bbox 786 2458 904 2488; x_wconf 85' lang='lat' dir='ltr'>librum</span> <span class='ocrx_word' id='word_1_199' title='bbox 922 2459 953 2489; x_wconf 94' lang='lat' dir='ltr'>in</span> <span class='ocrx_word' id='word_1_200' title='bbox 966 2469 1030 2500; x_wconf 87' lang='lat' dir='ltr'>quo</span> 
     </span>
     <span class='ocr_line' id='line_1_41' title="bbox 352 2506 1031 2548; baseline 0.004 -11"><span class='ocrx_word' id='word_1_201' title='bbox 352 2508 405 2538; x_wconf 85' lang='lat' dir='ltr'>hic</span> <span class='ocrx_word' id='word_1_202' title='bbox 426 2508 579 2548; x_wconf 84' lang='lat' dir='ltr'>‘quintus</span> <span class='ocrx_word' id='word_1_203' title='bbox 595 2506 743 2536; x_wconf 83' lang='lat' dir='ltr'>Odarum</span> <span class='ocrx_word' id='word_1_204' title='bbox 759 2506 859 2537; x_wconf 72' lang='lat' dir='ltr'>liber¹</span> <span class='ocrx_word' id='word_1_205' title='bbox 874 2508 1031 2540; x_wconf 84' lang='lat' dir='ltr'>inscribe-</span> 
     </span>
     <span class='ocr_line' id='line_1_42' title="bbox 354 2556 628 2587; baseline -0.004 0"><span class='ocrx_word' id='word_1_206' title='bbox 354 2556 462 2587; x_wconf 87' lang='lat' dir='ltr'>batur.</span> <span class='ocrx_word' id='word_1_207' title='bbox 489 2557 628 2587; x_wconf 75' lang='lat' dir='ltr'>Tor-rent.</span> 
     </span>
    </p>

    <p class='ocr_par' dir='ltr' id='par_1_6' title="bbox 355 2605 1032 2794">
     <span class='ocr_line' id='line_1_43' title="bbox 393 2605 1030 2646; baseline 0.005 -11"><span class='ocrx_word' id='word_1_208' title='bbox 393 2609 413 2643; x_wconf 73' lang='lat' dir='ltr'>J</span> <span class='ocrx_word' id='word_1_209' title='bbox 438 2605 504 2636; x_wconf 83' lang='lat' dir='ltr'>Ibis</span> <span class='ocrx_word' id='word_1_210' title='bbox 525 2605 685 2644; x_wconf 71' lang='lat' dir='ltr'>Liburnia]</span> <span class='ocrx_word' id='word_1_211' title='bbox 708 2605 773 2638; x_wconf 82' lang='lat' dir='ltr'>Qui</span> <span class='ocrx_word' id='word_1_212' title='bbox 795 2606 861 2637; x_wconf 86' lang='lat' dir='ltr'>sint</span> <span class='ocrx_word' id='word_1_213' title='bbox 878 2606 1030 2646; x_wconf 86' lang='lat' dir='ltr'>Liburni,</span> 
     </span>
     <span class='ocr_line' id='line_1_44' title="bbox 355 2654 1032 2693; baseline 0.006 -11"><span class='ocrx_word' id='word_1_214' title='bbox 355 2661 472 2692; x_wconf 72' lang='lat' dir='ltr'>quaeve</span> <span class='ocrx_word' id='word_1_215' title='bbox 494 2663 514 2683; x_wconf 87' lang='lat' dir='ltr'>a</span> <span class='ocrx_word' id='word_1_216' title='bbox 538 2659 636 2693; x_wconf 84' lang='lat' dir='ltr'>gente</span> <span class='ocrx_word' id='word_1_217' title='bbox 656 2654 712 2683; x_wconf 81' lang='lat' dir='ltr'>illa</span> <span class='ocrx_word' id='word_1_218' title='bbox 733 2654 954 2686; x_wconf 83' lang='lat' dir='ltr'>donominatae</span> <span class='ocrx_word' id='word_1_219' title='bbox 977 2656 1032 2686; x_wconf 85' lang='lat' dir='ltr'>Li-</span> 
     </span>
     <span class='ocr_line' id='line_1_45' title="bbox 355 2701 1032 2742; baseline 0.009 -12"><span class='ocrx_word' id='word_1_220' title='bbox 355 2701 482 2739; x_wconf 65' lang='lat' dir='ltr'>burum,</span> <span class='ocrx_word' id='word_1_221' title='bbox 495 2701 594 2732; x_wconf 88' lang='lat' dir='ltr'>docet</span> <span class='ocrx_word' id='word_1_222' title='bbox 607 2703 768 2742; x_wconf 84' lang='lat' dir='ltr'>Vegetins</span> <span class='ocrx_word' id='word_1_223' title='bbox 783 2703 840 2734; x_wconf 89' lang='lat' dir='ltr'>lib.</span> <span class='ocrx_word' id='word_1_224' title='bbox 856 2713 905 2735; x_wconf 83' lang='grc' dir='ltr'>ιν.</span> <span class='ocrx_word' id='word_1_225' title='bbox 920 2704 962 2736; x_wconf 89' lang='lat' dir='ltr'>de</span> <span class='ocrx_word' id='word_1_226' title='bbox 983 2705 1032 2736; x_wconf 87' lang='lat' dir='ltr'>Re</span> 
     </span>
     <span class='ocr_line' id='line_1_46' title="bbox 356 2750 1031 2794; baseline 0.009 -16"><span class='ocrx_word' id='word_1_227' title='bbox 356 2750 457 2782; x_wconf 75' lang='lat' dir='ltr'>Milit.</span> <span class='ocrx_word' id='word_1_228' title='bbox 501 2750 622 2780; x_wconf 80' lang='lat' dir='ltr'>Errant</span> <span class='ocrx_word' id='word_1_229' title='bbox 638 2760 714 2781; x_wconf 82' lang='lat' dir='ltr'>vero</span> <span class='ocrx_word' id='word_1_230' title='bbox 728 2752 788 2791; x_wconf 78' lang='lat' dir='ltr'>qui</span> <span class='ocrx_word' id='word_1_231' title='bbox 811 2757 876 2786; x_wconf 79' lang='lat' dir='ltr'>tam</span> <span class='ocrx_word' id='word_1_232' title='bbox 898 2753 1031 2794; x_wconf 81' lang='lat' dir='ltr'>exiguas</span> 
     </span>
    </p>
   </div>
   <div class='ocr_carea' id='block_1_5' title="bbox 1076 709 1764 2798">
    <p class='ocr_par' dir='ltr' id='par_1_7' title="bbox 1076 709 1759 1531">
     <span class='ocr_line' id='line_1_47' title="bbox 1076 709 1751 751; baseline 0.004 -12"><span class='ocrx_word' id='word_1_233' title='bbox 1076 709 1213 748; x_wconf 80' lang='lat' dir='ltr'>faciunt,</span> <span class='ocrx_word' id='word_1_234' title='bbox 1228 714 1264 741; x_wconf 89' lang='lat' dir='ltr'>ut</span> <span class='ocrx_word' id='word_1_235' title='bbox 1287 710 1415 750; x_wconf 77' lang='lat' dir='ltr'>cymbae</span> <span class='ocrx_word' id='word_1_236' title='bbox 1439 710 1560 750; x_wconf 78' lang='lat' dir='ltr'>potius,</span> <span class='ocrx_word' id='word_1_237' title='bbox 1575 719 1672 751; x_wconf 84' lang='lat' dir='ltr'>quam</span> <span class='ocrx_word' id='word_1_238' title='bbox 1695 719 1751 742; x_wconf 78' lang='lat' dir='ltr'>na·</span> 
     </span>
     <span class='ocr_line' id='line_1_48' title="bbox 1077 758 1754 799; baseline 0.001 -11"><span class='ocrx_word' id='word_1_239' title='bbox 1077 767 1134 789; x_wconf 85' lang='lat' dir='ltr'>ves</span> <span class='ocrx_word' id='word_1_240' title='bbox 1160 759 1288 789; x_wconf 79' lang='lat' dir='ltr'>bellicae</span> <span class='ocrx_word' id='word_1_241' title='bbox 1318 760 1420 790; x_wconf 86' lang='lat' dir='ltr'>videri</span> <span class='ocrx_word' id='word_1_242' title='bbox 1450 764 1595 799; x_wconf 76' lang='lat' dir='ltr'>possent.</span> <span class='ocrx_word' id='word_1_243' title='bbox 1635 758 1754 790; x_wconf 82' lang='lat' dir='ltr'>Suidas</span> 
     </span>
     <span class='ocr_line' id='line_1_49' title="bbox 1078 807 1754 848; baseline 0 -10"><span class='ocrx_word' id='word_1_244' title='bbox 1078 813 1169 838; x_wconf 84' lang='lat' dir='ltr'>certe</span> <span class='ocrx_word' id='word_1_245' title='bbox 1195 812 1350 838; x_wconf 77' lang='lat' dir='ltr'>rostratas</span> <span class='ocrx_word' id='word_1_246' title='bbox 1379 814 1629 848; x_wconf 82' lang='lat' dir='ltr'>constratasque</span> <span class='ocrx_word' id='word_1_247' title='bbox 1650 807 1754 838; x_wconf 82' lang='lat' dir='ltr'>fuisse</span> 
     </span>
     <span class='ocr_line' id='line_1_50' title="bbox 1079 855 1754 897; baseline 0.003 -12"><span class='ocrx_word' id='word_1_248' title='bbox 1079 856 1192 890; x_wconf 84' lang='lat' dir='ltr'>tradit,</span> <span class='ocrx_word' id='word_1_249' title='bbox 1207 856 1269 886; x_wconf 76' lang='lat' dir='ltr'>alia</span> <span class='ocrx_word' id='word_1_250' title='bbox 1285 861 1393 886; x_wconf 81' lang='lat' dir='ltr'>tamen</span> <span class='ocrx_word' id='word_1_251' title='bbox 1408 867 1504 897; x_wconf 87' lang='lat' dir='ltr'>qnam</span> <span class='ocrx_word' id='word_1_252' title='bbox 1524 857 1674 888; x_wconf 78' lang='lat' dir='ltr'>triremes</span> <span class='ocrx_word' id='word_1_253' title='bbox 1687 855 1754 887; x_wconf 81' lang='lat' dir='ltr'>sor-</span> 
     </span>
     <span class='ocr_line' id='line_1_51' title="bbox 1078 904 1753 945; baseline 0.004 -12"><span class='ocrx_word' id='word_1_254' title='bbox 1078 913 1142 934; x_wconf 80' lang='lat' dir='ltr'>rna.</span> <span class='ocrx_word' id='word_1_255' title='bbox 1186 904 1225 934; x_wconf 88' lang='lat' dir='ltr'>In</span> <span class='ocrx_word' id='word_1_256' title='bbox 1246 913 1285 934; x_wconf 91' lang='lat' dir='ltr'>eo</span> <span class='ocrx_word' id='word_1_257' title='bbox 1301 914 1380 935; x_wconf 87' lang='lat' dir='ltr'>vero</span> <span class='ocrx_word' id='word_1_258' title='bbox 1395 906 1606 936; x_wconf 86' lang='lat' dir='ltr'>consentiunt</span> <span class='ocrx_word' id='word_1_259' title='bbox 1625 915 1753 945; x_wconf 88' lang='lat' dir='ltr'>omnes,</span> 
     </span>
     <span class='ocr_line' id='line_1_52' title="bbox 1079 952 1754 992; baseline 0.004 -11"><span class='ocrx_word' id='word_1_260' title='bbox 1079 952 1166 992; x_wconf 87' lang='lat' dir='ltr'>quod</span> <span class='ocrx_word' id='word_1_261' title='bbox 1188 952 1230 982; x_wconf 86' lang='lat' dir='ltr'>ab</span> <span class='ocrx_word' id='word_1_262' title='bbox 1245 953 1395 991; x_wconf 81' lang='lat' dir='ltr'>agilitate</span> <span class='ocrx_word' id='word_1_263' title='bbox 1410 958 1446 983; x_wconf 87' lang='lat' dir='ltr'>et</span> <span class='ocrx_word' id='word_1_264' title='bbox 1467 954 1652 984; x_wconf 78' lang='lat' dir='ltr'>incredibili</span> <span class='ocrx_word' id='word_1_265' title='bbox 1666 955 1754 985; x_wconf 84' lang='lat' dir='ltr'>eele-</span> 
     </span>
     <span class='ocr_line' id='line_1_53' title="bbox 1077 1000 1754 1040; baseline 0.001 -9"><span class='ocrx_word' id='word_1_266' title='bbox 1077 1001 1178 1032; x_wconf 88' lang='lat' dir='ltr'>ritate</span> <span class='ocrx_word' id='word_1_267' title='bbox 1194 1001 1362 1040; x_wconf 79' lang='lat' dir='ltr'>praecipue</span> <span class='ocrx_word' id='word_1_268' title='bbox 1374 1000 1701 1036; x_wconf 82' lang='lat' dir='ltr'>commendabantur,</span> <span class='ocrx_word' id='word_1_269' title='bbox 1711 1001 1754 1032; x_wconf 87' lang='lat' dir='ltr'>ob</span> 
     </span>
     <span class='ocr_line' id='line_1_54' title="bbox 1078 1049 1754 1090; baseline 0 -10"><span class='ocrx_word' id='word_1_270' title='bbox 1078 1051 1139 1081; x_wconf 90' lang='lat' dir='ltr'>hoc</span> <span class='ocrx_word' id='word_1_271' title='bbox 1169 1051 1348 1090; x_wconf 62' lang='lat' dir='ltr'>aptissimae</span> <span class='ocrx_word' id='word_1_272' title='bbox 1381 1050 1479 1089; x_wconf 80' lang='lat' dir='ltr'>bello,</span> <span class='ocrx_word' id='word_1_273' title='bbox 1508 1050 1594 1090; x_wconf 85' lang='lat' dir='ltr'>quod</span> <span class='ocrx_word' id='word_1_274' title='bbox 1623 1049 1754 1080; x_wconf 77' lang='lat' dir='ltr'>Actiaci</span> 
     </span>
     <span class='ocr_line' id='line_1_55' title="bbox 1078 1098 1759 1140; baseline -0.003 -10"><span class='ocrx_word' id='word_1_275' title='bbox 1078 1100 1186 1140; x_wconf 84' lang='lat' dir='ltr'>proelii</span> <span class='ocrx_word' id='word_1_276' title='bbox 1201 1104 1340 1130; x_wconf 85' lang='lat' dir='ltr'>eventus</span> <span class='ocrx_word' id='word_1_277' title='bbox 1361 1099 1485 1130; x_wconf 88' lang='lat' dir='ltr'>docuit.</span> <span class='ocrx_word' id='word_1_278' title='bbox 1510 1099 1650 1131; x_wconf 64' lang='lat' dir='ltr'>Torreat.</span> <span class='ocrx_word' id='word_1_279' title='bbox 1691 1098 1759 1137; x_wconf 12' lang='lat' dir='ltr'>Ibis*</span> 
     </span>
     <span class='ocr_line' id='line_1_56' title="bbox 1078 1148 1754 1189; baseline 0 -10"><span class='ocrx_word' id='word_1_280' title='bbox 1078 1149 1240 1189; x_wconf 80' lang='lat' dir='ltr'>Liburnis]</span> <span class='ocrx_word' id='word_1_281' title='bbox 1265 1148 1380 1180; x_wconf 89' lang='lat' dir='ltr'>Amice</span> <span class='ocrx_word' id='word_1_282' title='bbox 1406 1149 1587 1187; x_wconf 66' lang='lat' dir='ltr'>Maecenas,</span> <span class='ocrx_word' id='word_1_283' title='bbox 1602 1153 1638 1179; x_wconf 82' lang='lat' dir='ltr'>tu</span> <span class='ocrx_word' id='word_1_284' title='bbox 1660 1157 1754 1189; x_wconf 79' lang='lat' dir='ltr'>para·</span> 
     </span>
     <span class='ocr_line' id='line_1_57' title="bbox 1079 1197 1757 1238; baseline 0 -10"><span class='ocrx_word' id='word_1_285' title='bbox 1079 1203 1132 1228; x_wconf 85' lang='lat' dir='ltr'>tus</span> <span class='ocrx_word' id='word_1_286' title='bbox 1154 1199 1264 1229; x_wconf 85' lang='lat' dir='ltr'>subire</span> <span class='ocrx_word' id='word_1_287' title='bbox 1280 1207 1376 1229; x_wconf 88' lang='lat' dir='ltr'>omne</span> <span class='ocrx_word' id='word_1_288' title='bbox 1401 1198 1584 1238; x_wconf 83' lang='lat' dir='ltr'>periculum</span> <span class='ocrx_word' id='word_1_289' title='bbox 1602 1197 1757 1235; x_wconf 68' lang='lat' dir='ltr'>Caesaris,</span> 
     </span>
     <span class='ocr_line' id='line_1_58' title="bbox 1078 1246 1758 1288; baseline -0.001 -10"><span class='ocrx_word' id='word_1_290' title='bbox 1078 1247 1179 1288; x_wconf 87' lang='lat' dir='ltr'>idque</span> <span class='ocrx_word' id='word_1_291' title='bbox 1202 1252 1260 1278; x_wconf 88' lang='lat' dir='ltr'>tuo</span> <span class='ocrx_word' id='word_1_292' title='bbox 1282 1247 1440 1288; x_wconf 87' lang='lat' dir='ltr'>periculo,</span> <span class='ocrx_word' id='word_1_293' title='bbox 1453 1247 1516 1278; x_wconf 91' lang='lat' dir='ltr'>ibis</span> <span class='ocrx_word' id='word_1_294' title='bbox 1533 1246 1686 1278; x_wconf 81' lang='lat' dir='ltr'>Liburnis</span> <span class='ocrx_word' id='word_1_295' title='bbox 1700 1255 1758 1277; x_wconf 79' lang='lat' dir='ltr'>na-</span> 
     </span>
     <span class='ocr_line' id='line_1_59' title="bbox 1078 1297 1757 1337; baseline 0 -10"><span class='ocrx_word' id='word_1_296' title='bbox 1078 1298 1171 1328; x_wconf 84' lang='lat' dir='ltr'>vibus</span> <span class='ocrx_word' id='word_1_297' title='bbox 1187 1297 1275 1328; x_wconf 85' lang='lat' dir='ltr'>inter</span> <span class='ocrx_word' id='word_1_298' title='bbox 1290 1298 1359 1328; x_wconf 81' lang='lat' dir='ltr'>alta</span> <span class='ocrx_word' id='word_1_299' title='bbox 1378 1297 1509 1328; x_wconf 81' lang='lat' dir='ltr'>navium</span> <span class='ocrx_word' id='word_1_300' title='bbox 1529 1305 1757 1337; x_wconf 80' lang='lat' dir='ltr'>propugnacu-</span> 
     </span>
     <span class='ocr_line' id='line_1_60' title="bbox 1078 1345 1758 1385; baseline -0.001 -9"><span class='ocrx_word' id='word_1_301' title='bbox 1078 1347 1122 1384; x_wconf 86' lang='lat' dir='ltr'>la,</span> <span class='ocrx_word' id='word_1_302' title='bbox 1142 1346 1176 1376; x_wconf 91' lang='lat' dir='ltr'>id</span> <span class='ocrx_word' id='word_1_303' title='bbox 1193 1351 1257 1385; x_wconf 85' lang='lat' dir='ltr'>est,</span> <span class='ocrx_word' id='word_1_304' title='bbox 1271 1346 1359 1376; x_wconf 87' lang='lat' dir='ltr'>inter</span> <span class='ocrx_word' id='word_1_305' title='bbox 1380 1346 1514 1377; x_wconf 82' lang='lat' dir='ltr'>turritas</span> <span class='ocrx_word' id='word_1_306' title='bbox 1537 1354 1636 1376; x_wconf 78' lang='lat' dir='ltr'>naves</span> <span class='ocrx_word' id='word_1_307' title='bbox 1651 1345 1758 1376; x_wconf 86' lang='lat' dir='ltr'>Anto·</span> 
     </span>
     <span class='ocr_line' id='line_1_61' title="bbox 1079 1393 1754 1434; baseline -0.004 -8"><span class='ocrx_word' id='word_1_308' title='bbox 1079 1396 1203 1427; x_wconf 79' lang='lat' dir='ltr'>nianas.</span> <span class='ocrx_word' id='word_1_309' title='bbox 1251 1396 1396 1427; x_wconf 75' lang='lat' dir='ltr'>Liburnis</span> <span class='ocrx_word' id='word_1_310' title='bbox 1417 1395 1498 1426; x_wconf 77' lang='lat' dir='ltr'>inter</span> <span class='ocrx_word' id='word_1_311' title='bbox 1524 1395 1588 1425; x_wconf 78' lang='lat' dir='ltr'>alta</span> <span class='ocrx_word' id='word_1_312' title='bbox 1615 1393 1754 1434; x_wconf 76' lang='lat' dir='ltr'>navium]</span> 
     </span>
     <span class='ocr_line' id='line_1_62' title="bbox 1078 1442 1755 1483; baseline -0.003 -9"><span class='ocrx_word' id='word_1_313' title='bbox 1078 1445 1117 1474; x_wconf 87' lang='lat' dir='ltr'>In</span> <span class='ocrx_word' id='word_1_314' title='bbox 1143 1445 1281 1476; x_wconf 80' lang='lat' dir='ltr'>navibus</span> <span class='ocrx_word' id='word_1_315' title='bbox 1305 1445 1541 1483; x_wconf 81' lang='lat' dir='ltr'>humilioribus,</span> <span class='ocrx_word' id='word_1_316' title='bbox 1553 1443 1601 1474; x_wconf 87' lang='lat' dir='ltr'>sic</span> <span class='ocrx_word' id='word_1_317' title='bbox 1621 1442 1720 1473; x_wconf 86' lang='lat' dir='ltr'>dictis</span> <span class='ocrx_word' id='word_1_318' title='bbox 1735 1451 1755 1472; x_wconf 90' lang='lat' dir='ltr'>a</span> 
     </span>
     <span class='ocr_line' id='line_1_63' title="bbox 1076 1492 1427 1531; baseline -0.003 -9"><span class='ocrx_word' id='word_1_319' title='bbox 1076 1492 1295 1522; x_wconf 88' lang='lat' dir='ltr'>Liburnorum</span> <span class='ocrx_word' id='word_1_320' title='bbox 1315 1497 1427 1531; x_wconf 82' lang='lat' dir='ltr'>gente.</span> 
     </span>
    </p>

    <p class='ocr_par' dir='ltr' id='par_1_8' title="bbox 1077 1539 1762 2208">
     <span class='ocr_line' id='line_1_64' title="bbox 1118 1539 1754 1579; baseline 0 -9"><span class='ocrx_word' id='word_1_321' title='bbox 1118 1542 1138 1570; x_wconf 84' lang='lat'>2</span> <span class='ocrx_word' id='word_1_322' title='bbox 1162 1539 1281 1579; x_wconf 83' lang='lat' dir='ltr'>Amice]</span> <span class='ocrx_word' id='word_1_323' title='bbox 1302 1540 1387 1570; x_wconf 82' lang='lat' dir='ltr'>Illud</span> <span class='ocrx_word' id='word_1_324' title='bbox 1403 1539 1614 1578; x_wconf 83' lang='lat' dir='ltr'>mouendum,</span> <span class='ocrx_word' id='word_1_325' title='bbox 1629 1547 1682 1570; x_wconf 89' lang='lat' dir='ltr'>me</span> <span class='ocrx_word' id='word_1_326' title='bbox 1697 1547 1754 1570; x_wconf 84' lang='lat' dir='ltr'>ex-</span> 
     </span>
     <span class='ocr_line' id='line_1_65' title="bbox 1077 1589 1756 1628; baseline -0.003 -8"><span class='ocrx_word' id='word_1_327' title='bbox 1077 1589 1224 1620; x_wconf 83' lang='lat' dir='ltr'>istimare</span> <span class='ocrx_word' id='word_1_328' title='bbox 1251 1589 1375 1620; x_wconf 78' lang='lat' dir='ltr'>celebri</span> <span class='ocrx_word' id='word_1_329' title='bbox 1405 1589 1446 1619; x_wconf 80' lang='lat' dir='ltr'>ad</span> <span class='ocrx_word' id='word_1_330' title='bbox 1473 1589 1606 1619; x_wconf 79' lang='lat' dir='ltr'>Actium</span> <span class='ocrx_word' id='word_1_331' title='bbox 1634 1597 1756 1628; x_wconf 67' lang='lat' dir='ltr'>pugnae</span> 
     </span>
     <span class='ocr_line' id='line_1_66' title="bbox 1079 1637 1756 1674; baseline -0.001 -6"><span class='ocrx_word' id='word_1_332' title='bbox 1079 1647 1143 1671; x_wconf 83' lang='lat' dir='ltr'>non</span> <span class='ocrx_word' id='word_1_333' title='bbox 1177 1637 1370 1668; x_wconf 81' lang='lat' dir='ltr'>interfuisse</span> <span class='ocrx_word' id='word_1_334' title='bbox 1404 1638 1638 1674; x_wconf 69' lang='lat' dir='ltr'>Maecenatem,</span> <span class='ocrx_word' id='word_1_335' title='bbox 1674 1642 1756 1668; x_wconf 83' lang='lat' dir='ltr'>tnnc</span> 
     </span>
     <span class='ocr_line' id='line_1_67' title="bbox 1080 1684 1758 1724; baseline -0.001 -9"><span class='ocrx_word' id='word_1_336' title='bbox 1080 1685 1240 1724; x_wconf 86' lang='lat' dir='ltr'>temporis</span> <span class='ocrx_word' id='word_1_337' title='bbox 1267 1685 1381 1715; x_wconf 80' lang='lat' dir='ltr'>Romae</span> <span class='ocrx_word' id='word_1_338' title='bbox 1411 1689 1446 1714; x_wconf 83' lang='lat' dir='ltr'>et</span> <span class='ocrx_word' id='word_1_339' title='bbox 1475 1684 1584 1715; x_wconf 69' lang='lat' dir='ltr'>Italiae</span> <span class='ocrx_word' id='word_1_340' title='bbox 1605 1684 1758 1715; x_wconf 79' lang='lat' dir='ltr'>adminis-</span> 
     </span>
     <span class='ocr_line' id='line_1_68' title="bbox 1081 1731 1759 1772; baseline 0.003 -10"><span class='ocrx_word' id='word_1_341' title='bbox 1081 1732 1208 1763; x_wconf 83' lang='lat' dir='ltr'>trandae</span> <span class='ocrx_word' id='word_1_342' title='bbox 1235 1731 1443 1771; x_wconf 67' lang='lat' dir='ltr'>praefectum.</span> <span class='ocrx_word' id='word_1_343' title='bbox 1458 1733 1544 1772; x_wconf 86' lang='lat' dir='ltr'>quod</span> <span class='ocrx_word' id='word_1_344' title='bbox 1569 1732 1759 1772; x_wconf 82' lang='lat' dir='ltr'>significare</span> 
     </span>
     <span class='ocr_line' id='line_1_69' title="bbox 1081 1780 1760 1820; baseline 0.001 -9"><span class='ocrx_word' id='word_1_345' title='bbox 1081 1781 1212 1811; x_wconf 86' lang='lat' dir='ltr'>videtur</span> <span class='ocrx_word' id='word_1_346' title='bbox 1236 1781 1304 1812; x_wconf 88' lang='lat' dir='ltr'>Dio</span> <span class='ocrx_word' id='word_1_347' title='bbox 1327 1781 1383 1813; x_wconf 88' lang='lat' dir='ltr'>lib.</span> <span class='ocrx_word' id='word_1_348' title='bbox 1409 1788 1457 1812; x_wconf 75' lang='lat' dir='ltr'>Li.</span> <span class='ocrx_word' id='word_1_349' title='bbox 1500 1780 1656 1820; x_wconf 78' lang='lat' dir='ltr'>Virgilius</span> <span class='ocrx_word' id='word_1_350' title='bbox 1681 1790 1760 1812; x_wconf 74' lang='lat' dir='ltr'>sane</span> 
     </span>
     <span class='ocr_line' id='line_1_70' title="bbox 1081 1829 1760 1870; baseline 0 -10"><span class='ocrx_word' id='word_1_351' title='bbox 1081 1830 1179 1861; x_wconf 81' lang='lat' dir='ltr'>solius</span> <span class='ocrx_word' id='word_1_352' title='bbox 1194 1829 1354 1869; x_wconf 73' lang='lat' dir='ltr'>Agrippae</span> <span class='ocrx_word' id='word_1_353' title='bbox 1375 1830 1538 1868; x_wconf 90' lang='lat' dir='ltr'>meminit,</span> <span class='ocrx_word' id='word_1_354' title='bbox 1549 1829 1668 1870; x_wconf 81' lang='lat' dir='ltr'>insigni</span> <span class='ocrx_word' id='word_1_355' title='bbox 1689 1830 1760 1860; x_wconf 82' lang='lat' dir='ltr'>lau—</span> 
     </span>
     <span class='ocr_line' id='line_1_71' title="bbox 1081 1878 1760 1918; baseline 0.001 -10"><span class='ocrx_word' id='word_1_356' title='bbox 1081 1878 1219 1909; x_wconf 91' lang='lat' dir='ltr'>datione</span> <span class='ocrx_word' id='word_1_357' title='bbox 1247 1878 1353 1918; x_wconf 90' lang='lat' dir='ltr'>ipsum</span> <span class='ocrx_word' id='word_1_358' title='bbox 1387 1878 1508 1909; x_wconf 81' lang='lat' dir='ltr'>Caesari</span> <span class='ocrx_word' id='word_1_359' title='bbox 1537 1878 1760 1918; x_wconf 79' lang='lat' dir='ltr'>aequiparans,</span> 
     </span>
     <span class='ocr_line' id='line_1_72' title="bbox 1082 1927 1762 1966; baseline 0.001 -9"><span class='ocrx_word' id='word_1_360' title='bbox 1082 1936 1146 1958; x_wconf 89' lang='lat' dir='ltr'>non</span> <span class='ocrx_word' id='word_1_361' title='bbox 1160 1927 1338 1957; x_wconf 79' lang='lat' dir='ltr'>amissurus</span> <span class='ocrx_word' id='word_1_362' title='bbox 1349 1927 1566 1958; x_wconf 74' lang='lat' dir='ltr'>Maecenatem</span> <span class='ocrx_word' id='word_1_363' title='bbox 1576 1936 1682 1966; x_wconf 87' lang='lat' dir='ltr'>suum,</span> <span class='ocrx_word' id='word_1_364' title='bbox 1693 1936 1762 1958; x_wconf 88' lang='lat' dir='ltr'>mo-</span> 
     </span>
     <span class='ocr_line' id='line_1_73' title="bbox 1081 1977 1759 2010; baseline 0 -2"><span class='ocrx_word' id='word_1_365' title='bbox 1081 1978 1124 2008; x_wconf 87' lang='lat' dir='ltr'>do</span> <span class='ocrx_word' id='word_1_366' title='bbox 1146 1977 1317 2009; x_wconf 78' lang='lat' dir='ltr'>adfuisset.</span> <span class='ocrx_word' id='word_1_367' title='bbox 1360 1979 1472 2010; x_wconf 84' lang='lat' dir='ltr'>Quare</span> <span class='ocrx_word' id='word_1_368' title='bbox 1487 1987 1619 2008; x_wconf 87' lang='lat' dir='ltr'>carmen</span> <span class='ocrx_word' id='word_1_369' title='bbox 1633 1978 1694 2008; x_wconf 86' lang='lat' dir='ltr'>boc</span> <span class='ocrx_word' id='word_1_370' title='bbox 1708 1987 1759 2008; x_wconf 85' lang='lat' dir='ltr'>so-</span> 
     </span>
     <span class='ocr_line' id='line_1_74' title="bbox 1079 2026 1759 2066; baseline 0 -10"><span class='ocrx_word' id='word_1_371' title='bbox 1079 2027 1113 2056; x_wconf 84' lang='lat' dir='ltr'>la</span> <span class='ocrx_word' id='word_1_372' title='bbox 1125 2027 1279 2066; x_wconf 88' lang='lat' dir='ltr'>opinione</span> <span class='ocrx_word' id='word_1_373' title='bbox 1295 2026 1415 2057; x_wconf 55' lang='lat' dir='ltr'>futuras</span> <span class='ocrx_word' id='word_1_374' title='bbox 1428 2026 1645 2066; x_wconf 84' lang='lat' dir='ltr'>profectionis</span> <span class='ocrx_word' id='word_1_375' title='bbox 1655 2026 1759 2066; x_wconf 80' lang='lat' dir='ltr'>scrip-</span> 
     </span>
     <span class='ocr_line' id='line_1_75' title="bbox 1079 2074 1760 2114; baseline -0.003 -10"><span class='ocrx_word' id='word_1_376' title='bbox 1079 2075 1122 2104; x_wconf 86' lang='lat' dir='ltr'>sit</span> <span class='ocrx_word' id='word_1_377' title='bbox 1153 2075 1324 2105; x_wconf 83' lang='lat' dir='ltr'>Horatius.</span> <span class='ocrx_word' id='word_1_378' title='bbox 1363 2076 1502 2106; x_wconf 69' lang='lat' dir='ltr'>Torreat.</span> <span class='ocrx_word' id='word_1_379' title='bbox 1555 2074 1678 2114; x_wconf 76' lang='lat' dir='ltr'>[eodo.</span> <span class='ocrx_word' id='word_1_380' title='bbox 1706 2083 1760 2112; x_wconf 82' lang='lat' dir='ltr'>ap.</span> 
     </span>
     <span class='ocr_line' id='line_1_76' title="bbox 1079 2122 1757 2162; baseline -0.001 -9"><span class='ocrx_word' id='word_1_381' title='bbox 1079 2122 1204 2154; x_wconf 79' lang='lat' dir='ltr'>Jaeck:</span> <span class='ocrx_word' id='word_1_382' title='bbox 1226 2122 1359 2152; x_wconf 77' lang='lat' dir='ltr'>Coesaris</span> <span class='ocrx_word' id='word_1_383' title='bbox 1374 2144 1383 2152; x_wconf 90' lang='lat'>.</span> <span class='ocrx_word' id='word_1_384' title='bbox 1397 2143 1406 2152; x_wconf 88' lang='lat'><strong>.</strong></span> <span class='ocrx_word' id='word_1_385' title='bbox 1421 2144 1429 2153; x_wconf 89' lang='lat'><strong>.</strong></span> <span class='ocrx_word' id='word_1_386' title='bbox 1445 2123 1503 2162; x_wconf 75' lang='lat' dir='ltr'>tui,</span> <span class='ocrx_word' id='word_1_387' title='bbox 1515 2122 1647 2153; x_wconf 78' lang='lat' dir='ltr'>Coesaris</span> <span class='ocrx_word' id='word_1_388' title='bbox 1657 2143 1665 2152; x_wconf 91' lang='lat'><strong>.</strong></span> <span class='ocrx_word' id='word_1_389' title='bbox 1677 2144 1685 2153; x_wconf 86' lang='lat'><strong>.</strong></span> <span class='ocrx_word' id='word_1_390' title='bbox 1699 2144 1706 2153; x_wconf 92' lang='lat'><strong>.</strong></span> <span class='ocrx_word' id='word_1_391' title='bbox 1717 2122 1757 2152; x_wconf 75' lang='lat' dir='ltr'>ei-</span> 
     </span>
     <span class='ocr_line' id='line_1_77' title="bbox 1081 2169 1418 2208; baseline 0 -9"><span class='ocrx_word' id='word_1_392' title='bbox 1081 2169 1122 2204; x_wconf 84' lang='lat' dir='ltr'>bi,</span> <span class='ocrx_word' id='word_1_393' title='bbox 1140 2170 1256 2199; x_wconf 75' lang='lat' dir='ltr'>Caesari</span> <span class='ocrx_word' id='word_1_394' title='bbox 1273 2190 1280 2199; x_wconf 92' lang='lat'>.</span> <span class='ocrx_word' id='word_1_395' title='bbox 1294 2191 1302 2200; x_wconf 93' lang='lat'>.</span> <span class='ocrx_word' id='word_1_396' title='bbox 1319 2190 1326 2199; x_wconf 90' lang='lat'><strong>.</strong></span> <span class='ocrx_word' id='word_1_397' title='bbox 1339 2169 1418 2208; x_wconf 66' lang='lat' dir='ltr'>tum]</span> 
     </span>
    </p>

    <p class='ocr_par' dir='ltr' id='par_1_9' title="bbox 1082 2217 1764 2738">
     <span class='ocr_line' id='line_1_78' title="bbox 1122 2217 1758 2259; baseline 0.002 -11"><span class='ocrx_word' id='word_1_398' title='bbox 1122 2221 1140 2248; x_wconf 86' lang='lat'>5</span> <span class='ocrx_word' id='word_1_399' title='bbox 1166 2218 1250 2252; x_wconf 76' lang='lat' dir='ltr'>Quid</span> <span class='ocrx_word' id='word_1_400' title='bbox 1263 2217 1329 2257; x_wconf 86' lang='lat' dir='ltr'>nos]</span> <span class='ocrx_word' id='word_1_401' title='bbox 1352 2218 1438 2250; x_wconf 83' lang='lat' dir='ltr'>Quid</span> <span class='ocrx_word' id='word_1_402' title='bbox 1455 2227 1513 2249; x_wconf 84' lang='lat' dir='ltr'>nos</span> <span class='ocrx_word' id='word_1_403' title='bbox 1530 2218 1686 2251; x_wconf 81' lang='lat' dir='ltr'>faciemus</span> <span class='ocrx_word' id='word_1_404' title='bbox 1703 2219 1758 2259; x_wconf 79' lang='lat' dir='ltr'>qui</span> 
     </span>
     <span class='ocr_line' id='line_1_79' title="bbox 1083 2267 1758 2308; baseline 0 -10"><span class='ocrx_word' id='word_1_405' title='bbox 1083 2268 1196 2298; x_wconf 80' lang='lat' dir='ltr'>Romae</span> <span class='ocrx_word' id='word_1_406' title='bbox 1212 2268 1389 2297; x_wconf 70' lang='lat' dir='ltr'>tentamus?</span> <span class='ocrx_word' id='word_1_407' title='bbox 1410 2267 1529 2308; x_wconf 88' lang='lat' dir='ltr'>quibus</span> <span class='ocrx_word' id='word_1_408' title='bbox 1545 2269 1613 2299; x_wconf 78' lang='lat' dir='ltr'>vita</span> <span class='ocrx_word' id='word_1_409' title='bbox 1630 2273 1683 2299; x_wconf 86' lang='lat' dir='ltr'>est</span> <span class='ocrx_word' id='word_1_410' title='bbox 1703 2268 1758 2308; x_wconf 87' lang='lat' dir='ltr'>ju-</span> 
     </span>
     <span class='ocr_line' id='line_1_80' title="bbox 1082 2315 1759 2356; baseline 0.003 -11"><span class='ocrx_word' id='word_1_411' title='bbox 1082 2315 1192 2346; x_wconf 90' lang='lat' dir='ltr'>cunda</span> <span class='ocrx_word' id='word_1_412' title='bbox 1207 2320 1240 2346; x_wconf 87' lang='lat' dir='ltr'>te</span> <span class='ocrx_word' id='word_1_413' title='bbox 1256 2316 1434 2354; x_wconf 77' lang='lat' dir='ltr'>superstite</span> <span class='ocrx_word' id='word_1_414' title='bbox 1456 2322 1490 2346; x_wconf 86' lang='lat' dir='ltr'>et</span> <span class='ocrx_word' id='word_1_415' title='bbox 1503 2316 1670 2352; x_wconf 88' lang='lat' dir='ltr'>incolumi,</span> <span class='ocrx_word' id='word_1_416' title='bbox 1686 2325 1759 2356; x_wconf 80' lang='lat' dir='ltr'>gra-</span> 
     </span>
     <span class='ocr_line' id='line_1_81' title="bbox 1083 2364 1762 2406; baseline 0.004 -13"><span class='ocrx_word' id='word_1_417' title='bbox 1083 2364 1132 2393; x_wconf 80' lang='lat' dir='ltr'>vis</span> <span class='ocrx_word' id='word_1_418' title='bbox 1159 2372 1238 2394; x_wconf 89' lang='lat' dir='ltr'>vero</span> <span class='ocrx_word' id='word_1_419' title='bbox 1264 2367 1297 2394; x_wconf 86' lang='lat' dir='ltr'>te</span> <span class='ocrx_word' id='word_1_420' title='bbox 1322 2369 1462 2395; x_wconf 89' lang='lat' dir='ltr'>mortuo.</span> <span class='ocrx_word' id='word_1_421' title='bbox 1505 2365 1555 2395; x_wconf 79' lang='lat' dir='ltr'>Sit</span> <span class='ocrx_word' id='word_1_422' title='bbox 1584 2365 1762 2406; x_wconf 74' lang='lat' dir='ltr'>superstite]</span> 
     </span>
     <span class='ocr_line' id='line_1_82' title="bbox 1083 2412 1761 2453; baseline 0 -9"><span class='ocrx_word' id='word_1_423' title='bbox 1083 2413 1198 2444; x_wconf 85' lang='lat' dir='ltr'>Codex</span> <span class='ocrx_word' id='word_1_424' title='bbox 1222 2412 1449 2444; x_wconf 83' lang='lat' dir='ltr'>Gandavensis</span> <span class='ocrx_word' id='word_1_425' title='bbox 1463 2414 1596 2453; x_wconf 76' lang='lat' dir='ltr'>optimae</span> <span class='ocrx_word' id='word_1_426' title='bbox 1620 2418 1718 2449; x_wconf 83' lang='lat' dir='ltr'>notae,</span> <span class='ocrx_word' id='word_1_427' title='bbox 1733 2414 1761 2444; x_wconf 77' lang='lat' dir='ltr'>si</span> 
     </span>
     <span class='ocr_line' id='line_1_83' title="bbox 1083 2463 1762 2504; baseline 0.001 -11"><span class='ocrx_word' id='word_1_428' title='bbox 1083 2463 1176 2502; x_wconf 79' lang='lat' dir='ltr'>legit,</span> <span class='ocrx_word' id='word_1_429' title='bbox 1200 2471 1259 2502; x_wconf 89' lang='lat' dir='ltr'>pro</span> <span class='ocrx_word' id='word_1_430' title='bbox 1282 2463 1336 2500; x_wconf 74' lang='lat' dir='ltr'>sit,</span> <span class='ocrx_word' id='word_1_431' title='bbox 1359 2463 1630 2504; x_wconf 77' lang='lat' dir='ltr'>adscriptumque</span> <span class='ocrx_word' id='word_1_432' title='bbox 1658 2463 1762 2494; x_wconf 83' lang='lat' dir='ltr'>abun·</span> 
     </span>
     <span class='ocr_line' id='line_1_84' title="bbox 1083 2511 1764 2552; baseline 0.001 -11"><span class='ocrx_word' id='word_1_433' title='bbox 1083 2511 1174 2542; x_wconf 86' lang='lat' dir='ltr'>dare.</span> <span class='ocrx_word' id='word_1_434' title='bbox 1214 2511 1280 2542; x_wconf 91' lang='lat' dir='ltr'>Sed</span> <span class='ocrx_word' id='word_1_435' title='bbox 1302 2515 1338 2542; x_wconf 91' lang='lat' dir='ltr'>et</span> <span class='ocrx_word' id='word_1_436' title='bbox 1362 2512 1502 2543; x_wconf 78' lang='lat' dir='ltr'>alterurn</span> <span class='ocrx_word' id='word_1_437' title='bbox 1526 2512 1696 2552; x_wconf 78' lang='lat' dir='ltr'>exemplar</span> <span class='ocrx_word' id='word_1_438' title='bbox 1719 2511 1764 2542; x_wconf 77' lang='lat' dir='ltr'>sic</span> 
     </span>
     <span class='ocr_line' id='line_1_85' title="bbox 1082 2559 1761 2591; baseline 0.001 -1"><span class='ocrx_word' id='word_1_439' title='bbox 1082 2560 1240 2591; x_wconf 84' lang='lat' dir='ltr'>habebat.</span> <span class='ocrx_word' id='word_1_440' title='bbox 1275 2561 1399 2591; x_wconf 82' lang='lat' dir='ltr'>Verum</span> <span class='ocrx_word' id='word_1_441' title='bbox 1410 2561 1506 2591; x_wconf 82' lang='lat' dir='ltr'>alicui</span> <span class='ocrx_word' id='word_1_442' title='bbox 1518 2561 1579 2591; x_wconf 82' lang='lat' dir='ltr'>hoc</span> <span class='ocrx_word' id='word_1_443' title='bbox 1593 2559 1681 2591; x_wconf 87' lang='lat' dir='ltr'>forte</span> <span class='ocrx_word' id='word_1_444' title='bbox 1695 2559 1761 2591; x_wconf 83' lang='lat' dir='ltr'>dis-</span> 
     </span>
     <span class='ocr_line' id='line_1_86' title="bbox 1084 2609 1761 2650; baseline 0.001 -11"><span class='ocrx_word' id='word_1_445' title='bbox 1084 2609 1240 2648; x_wconf 86' lang='lat' dir='ltr'>plicebat,</span> <span class='ocrx_word' id='word_1_446' title='bbox 1255 2609 1367 2646; x_wconf 75' lang='lat' dir='ltr'>erasit,</span> <span class='ocrx_word' id='word_1_447' title='bbox 1381 2614 1416 2639; x_wconf 91' lang='lat' dir='ltr'>et</span> <span class='ocrx_word' id='word_1_448' title='bbox 1431 2613 1476 2640; x_wconf 72' lang='lat' dir='ltr'>est</span> <span class='ocrx_word' id='word_1_449' title='bbox 1495 2610 1688 2650; x_wconf 84' lang='lat' dir='ltr'>supposuit:</span> <span class='ocrx_word' id='word_1_450' title='bbox 1713 2609 1761 2640; x_wconf 82' lang='lat' dir='ltr'>ait</span> 
     </span>
     <span class='ocr_line' id='line_1_87' title="bbox 1083 2656 1758 2698; baseline 0.003 -10"><span class='ocrx_word' id='word_1_451' title='bbox 1083 2659 1170 2688; x_wconf 89' lang='lat' dir='ltr'>enim</span> <span class='ocrx_word' id='word_1_452' title='bbox 1193 2658 1230 2689; x_wconf 80' lang='grc' dir='ltr'>τὸ</span> <span class='ocrx_word' id='word_1_453' title='bbox 1247 2656 1287 2696; x_wconf 77' lang='lat' dir='ltr'>si,</span> <span class='ocrx_word' id='word_1_454' title='bbox 1303 2658 1482 2698; x_wconf 81' lang='lat' dir='ltr'>abundare,</span> <span class='ocrx_word' id='word_1_455' title='bbox 1502 2663 1538 2690; x_wconf 85' lang='lat' dir='ltr'>et</span> <span class='ocrx_word' id='word_1_456' title='bbox 1554 2659 1670 2690; x_wconf 72' lang='lat' dir='ltr'>melius</span> <span class='ocrx_word' id='word_1_457' title='bbox 1693 2657 1758 2698; x_wconf 68' lang='lat' dir='ltr'>legi</span> 
     </span>
     <span class='ocr_line' id='line_1_88' title="bbox 1082 2708 1309 2738; baseline -0.004 0"><span class='ocrx_word' id='word_1_458' title='bbox 1082 2711 1136 2738; x_wconf 78' lang='lat' dir='ltr'>est.</span> <span class='ocrx_word' id='word_1_459' title='bbox 1158 2708 1309 2738; x_wconf 87' lang='lat' dir='ltr'>Torrent.</span> 
     </span>
    </p>

    <p class='ocr_par' dir='ltr' id='par_1_10' title="bbox 1125 2751 1756 2798">
     <span class='ocr_line' id='line_1_89' title="bbox 1125 2751 1756 2798; baseline -0.005 -13"><span class='ocrx_word' id='word_1_460' title='bbox 1125 2758 1142 2786; x_wconf 90' lang='grc'><strong>7</strong></span> <span class='ocrx_word' id='word_1_461' title='bbox 1166 2756 1253 2786; x_wconf 65' lang='lat' dir='ltr'>aussi</span> <span class='ocrx_word' id='word_1_462' title='bbox 1264 2765 1472 2795; x_wconf 79' lang='lat' dir='ltr'>persequemur</span> <span class='ocrx_word' id='word_1_463' title='bbox 1481 2755 1593 2798; x_wconf 74' lang='lat' dir='ltr'>otium]</span> <span class='ocrx_word' id='word_1_464' title='bbox 1611 2753 1699 2786; x_wconf 72' lang='lat' dir='ltr'>sus-i</span> <span class='ocrx_word' id='word_1_465' title='bbox 1714 2751 1756 2783; x_wconf 79' lang='lat' dir='ltr'>ab</span> 
     </span>
    </p>
   </div>
  </div>
 </body>
</html>
