1904 3216
399 290 508 332 1680

401 395 437 422 et
471 400 560 422 arma
597 388 713 427 miles‚’
744 387 852 418 obiter
884 389 1081 420 notavimus.

399 441 498 474 Quod
515 449 587 472 cum
604 441 647 470 ita
663 440 719 476 sit,
732 447 873 478 cumque
889 438 899 454 ‘
913 438 1080 469 Graecari'

400 495 436 521 et
458 490 477 532 (-
494 487 716 530 pergraecari‚’
745 491 781 518 et
809 492 819 507 ‘
842 488 965 519 Graeco
984 493 1082 519 ‘more

400 536 538 572 bibere,'
552 535 692 567 Romani
703 536 937 575 usurpaverint
949 532 1008 576 pro
1019 536 1082 567 dis-

399 588 508 617 solute
522 595 561 616 ac
573 585 751 625 genialiter
763 585 888 624 vivere,
901 590 935 615 et
946 591 1082 615 strenue

401 635 564 674 potitare3
579 634 680 664 miror
701 633 780 674 quid
801 634 957 664 Turnebo
973 642 1035 664 vn.
1050 636 1082 664 9.

400 682 434 712 in
459 688 602 713 mentem
629 683 772 721 venerit,
794 683 850 723 qni
867 683 1008 714 Groecari
1023 691 1083 723 pro

401 732 523 763 Graeco
553 741 644 763 more
673 742 746 763 sese
769 733 957 764 exercitare
981 733 1082 763 inter-

400 785 553 820 pretatus
568 781 621 812 sit.
644 781 800 822 Denique
815 782 912 821 hujus
929 782 993 812 loci
1009 791 1082 812 sen-

399 829 509 860 tentia
522 834 574 860 est
596 830 755 869 optimum
773 829 1017 860 condimentum
1035 835 1083 860 at-

401 887 465 918 que
487 877 658 908 obsonium
682 887 756 908 esse
779 877 911 912 famem,
927 887 1083 918 quacum-

399 935 464 967 que
483 926 723 957 exercitatione
740 930 881 965 partam.
926 928 977 957 De
993 926 1085 957 disco

402 979 513 1005 autern
531 974 606 1004 vide
623 983 646 1004 1.
657 974 724 1004 Od.
736 977 767 1005 8.
778 974 877 1005 ubiet
887 975 960 1005 aliae
973 984 1084 1005 assue-

404 1029 446 1053 tae
476 1023 510 1052 in
537 1023 663 1062 Campo
689 1023 813 1053 Martio
829 1024 1085 1055 exercitationes

401 1075 650 1102 enumerantur.
672 1072 811 1102 Torrent.

444 1122 481 1150 11
500 1121 663 1151 assuetum
680 1120 836 1160 Graecari]
855 1121 902 1151 Te
919 1124 1085 1151 assuetum

402 1169 578 1208 genialiter
604 1171 729 1207 vivere,
759 1170 811 1199 vel
845 1169 969 1200 Graeco
995 1177 1087 1199 more

401 1217 530 1248 ludere.
572 1217 633 1248 Seu
651 1219 715 1258 pila
740 1217 842 1257 velox]
863 1219 929 1249 Seu
960 1218 1027 1257 pila
1053 1222 1087 1248 te

403 1267 485 1306 agit,
500 1266 531 1297 id
548 1272 610 1302 est,
626 1267 784 1298 delectat.

442 1318 485 1346 >12
522 1316 677 1355 Molliter]
710 1315 890 1356 Synchusis
929 1314 1087 1346 dictionis

403 1365 545 1403 molliter,
555 1375 628 1404 quae
642 1365 812 1396 adhaerere
824 1365 926 1395 debet
938 1366 986 1403 τῷ
999 1365 1088 1395 Groe-

402 1413 554 1451 cnri,non
567 1414 668 1444 etiam
682 1414 727 1452 τῷ
742 1413 884 1451 fallente,
900 1418 937 1444 ut
953 1413 1089 1454 quidam

405 1463 469 1492 viri
495 1463 586 1493 docti
613 1462 817 1492 existimant.
843 1463 936 1501 Cruq.
981 1461 1089 1492 Studio

395 1510 528 1548 fallente
538 1509 685 1548 laborem]
701 1510 784 1540 Pilae
798 1509 876 1539 ludo
888 1509 1088 1539 oblivionem

403 1558 526 1589 laboris
540 1556 702 1588 afferente
718 1557 875 1597 molliter,
889 1556 922 1586 id
935 1561 999 1596 est,
1014 1565 1088 1587 cum

407 1606 550 1647 quadarn
570 1606 753 1644 voluptate.

449 1657 487 1686 13
502 1654 563 1684 Seu
575 1657 605 1684 te
617 1654 719 1684 discus
729 1653 812 1691 agit]
832 1652 998 1683 Delectat.
1030 1654 1091 1683 Est

406 1708 518 1733 autem
547 1702 661 1740 discus,
685 1710 791 1731 massa
814 1699 894 1730 ferri
925 1701 978 1738 vel
1002 1701 1092 1739 aeris,

407 1751 461 1782 vel
488 1751 597 1790 gravis
624 1750 723 1790 lapis,
745 1750 801 1790 qui
827 1750 975 1789 corporis
998 1759 1093 1780 exer-

407 1799 505 1831 cendi
521 1797 628 1838 gratia
650 1799 683 1828 in
705 1798 809 1829 altum
825 1798 877 1828 vel
895 1799 996 1828 latum
1017 1807 1093 1838 pro·

402 1847 463 1887 jici
482 1848 581 1878 solet.
605 1847 698 1886 Cruq.
742 1847 857 1878 Discus
877 1847 961 1886 agit]
984 1847 1094 1878 Ludus

407 1899 440 1926 in
471 1896 607 1926 Graecia
635 1896 790 1926 usitatus.
841 1895 919 1926 Pete
944 1897 1095 1926 cedentem

407 1945 479 1974 ae‘ra
506 1943 603 1983 disco]
639 1944 809 1982 Militiam,
843 1945 1094 1984 equitationem,

409 1993 523 2033 pilam,
558 1993 684 2023 discum
718 1993 960 2023 nominaverat.
1017 1993 1094 2024 Jam

408 2041 500 2071 disco
526 2041 655 2080 saitem,
677 2041 798 2081 inquit,
820 2050 1016 2081 quamquam
1035 2041 1094 2071 mi-

409 2098 470 2119 nus
487 2090 642 2119 Romanis
658 2094 803 2128 assueto,
818 2094 852 2120 te
868 2099 1002 2120 exerce.
1020 2089 1094 2119 Tor-

407 2141 487 2168 rent.
524 2138 603 2168 Pete
615 2138 782 2176 cedentem]
801 2138 901 2170 Jacta
917 2138 1044 2168 discum
1061 2138 1092 2167 in

410 2185 533 2223 ae'rem,
549 2186 604 2225 qui
622 2184 715 2215 cedit
729 2185 923 2225 corporibus
938 2185 1093 2223 graviori·

409 2233 484 2265 bus.

453 2284 492 2313 14
515 2282 699 2322 Extuderit]
723 2282 813 2314 Nihil
833 2286 943 2313 muto:
968 2282 1025 2312 sed
1044 2286 1094 2313 ta-

409 2340 485 2362 men
515 2331 698 2362 monendus
727 2336 779 2362 est
815 2331 950 2369 Lector,
982 2340 1094 2361 onmes

411 2388 506 2420 paene
522 2378 624 2410 libros
642 2383 771 2409 nostros
792 2379 915 2409 habere
931 2379 1094 2409 extulerit:

410 2429 497 2469 quod
525 2428 581 2459 alii
607 2427 783 2458 affirmanti
807 2428 861 2458 vix
885 2428 1094 2459 crediderim.

412 2477 580 2507 Extuderit
594 2485 686 2516 ergo,
701 2476 852 2515 ejecerit,
865 2476 1030 2516 depulerit
1045 2485 1095 2506 sa-

411 2527 579 2564 tietatem,
593 2535 667 2566 quae
685 2524 819 2555 fastidia
835 2525 934 2564 parit.
959 2525 1096 2556 Tor-rent.

412 2574 582 2605 Extuderit
594 2573 744 2613 fastidia]
777 2575 860 2604 Cum
886 2573 979 2604 labor
1002 2573 1095 2615 fuga-

413 2623 500 2654 verit
517 2623 721 2661 satietatem,
735 2633 808 2662 quae
825 2632 980 2653 nauseam
996 2623 1096 2663 parit.

413 2672 530 2711 Siccus,
549 2672 650 2702 inanis
666 2671 780 2711 Sperne
799 2671 913 2712 cibum]
937 2672 1096 2712 Expulso,

413 2720 530 2759 inquit,
556 2730 614 2759 per
642 2720 788 2751 laborem
816 2721 1006 2751 nauseantis
1028 2725 1096 2751 sto-

414 2767 521 2797 machi
547 2767 694 2807 fastidio‚
711 2767 826 2808 inanis,
843 2778 964 2808 sperne
987 2768 1096 2801 cibum

850 299 990 328 NOTAE
1021 298 1282 328 VAluoRUM
1315 298 1365 328 IN

1131 388 1241 420 vilem.
1286 389 1348 420 Est
1362 392 1472 420 autem
1498 389 1711 429 antiphrasis:
1735 397 1810 421 111111

1131 436 1219 468 aliud
1244 437 1355 477 jubet.
1382 447 1479 478 quam
1517 437 1683 469 facturum
1717 437 1812 468 sciet.

1134 485 1272 517 Tor-rent.
1302 486 1421 527 Siccus,
1434 485 1552 526 inanis]
1561 485 1768 526 sitibundus,
1778 489 1813 516 et

1130 533 1315 567 famelicus.

1174 585 1212 613 15
1234 583 1350 622 Sperne
1367 583 1466 615 cibum
1486 583 1591 624 vilem]
1612 583 1747 615 Ironica
1761 586 1815 614 est

1133 632 1313 662 concessio.
1349 633 1451 665 Quasi
1465 633 1568 673 dicat,
1582 641 1650 663 non
1665 640 1814 672 spernes.

1137 679 1297 719 Hymettia
1317 681 1406 711 mella
1430 681 1577 721 Falerno]
1598 679 1676 710 vid.
1693 689 1720 711 1.
1735 679 1813 710 Sat.

1133 730 1185 758 10.
1208 729 1218 746 ‘
1235 727 1316 759 Chio
1340 734 1420 760 nota
1442 730 1469 760 si
1491 728 1667 760 commista
1681 727 1814 758 Falerni

1133 775 1209 808 est.'
1266 777 1333 807 Ubi
1361 777 1404 808 de
1436 777 1654 818 temperanda
1681 775 1816 807 Falerni

1133 825 1331 856 austeritate
1347 826 1413 856 vini
1429 826 1541 858 Graeci
1567 826 1712 857 mixtura
1732 833 1816 860 11011-

1132 873 1212 903 1111ιί1
1228 873 1382 904 diximus.
1427 875 1495 906 Hic
1515 883 1587 905 eam
1609 874 1707 905 melle
1729 873 1815 904 miti-

1135 927 1210 961 gat:
1223 931 1320 961 quem
1332 923 1437 953 mellis
1449 932 1540 953 usum
1551 923 1703 954 declarat
1712 922 1814 953 etiam

1133 970 1204 1000 Sat.
1230 979 1281 1000 ιν.
1317 971 1327 987 ‘
1355 970 1508 1001 Aufidius
1543 970 1624 1002 forti
1652 970 1816 1003 miscebat

1135 1018 1234 1048 mella
1258 1018 1422 1048 Falerno!
1447 1018 1588 1050 Torrent.
1653 1018 1818 1059 Hymettia

1135 1066 1238 1106 mella]
1260 1066 1290 1098 A
1307 1072 1419 1098 monte
1435 1067 1601 1108 Hymetto
1627 1067 1663 1099 111
1689 1067 1815 1104 Attica.

1136 1115 1199 1146 Est
1211 1115 1415 1156 Hypallage.
1440 1115 1535 1155 [Vat.
1551 1117 1647 1149 Rom.
1664 1117 1816 1153 l.,vilem,·

1135 1167 1166 1195 et
1179 1164 1268 1204 nisi]

1180 1216 1220 1245 16
1242 1213 1334 1244 Foris
1357 1217 1402 1245 est
1426 1214 1565 1255 promus]
1588 1213 1664 1247 Qui>
1678 1214 1737 1246 tibi
1760 1224 1818 1255 pe-

1136 1271 1215 1293 num
1240 1267 1371 1303 promat
1391 1269 1427 1295 et
1450 1267 1622 1303 congerat,
1644 1263 1820 1296 domi-non

1135 1315 1199 1351 est,
1212 1321 1302 1342 mare
1316 1316 1428 1343 autem
1441 1312 1699 1353 tempestuosius
1712 1313 1820 1353 pisca-

1137 1361 1261 1391 tionem
1277 1359 1428 1400 impedit.
1467 1362 1580 1394 Quare
1597 1362 1624 1392 si
1639 1370 1820 1403 1181111808-

1136 1418 1198 1439 nus
1214 1408 1301 1440 adsit
1317 1418 1377 1449 pro
1393 1414 1482 1446 voto,
1495 1419 1602 1452 neque
1614 1411 1720 1450 pisces
1730 1419 1821 1441 mare

1138 1458 1332 1498 suppeditet
1343 1459 1533 1500 ,reliquum
1543 1464 1607 1499 est,
1617 1465 1655 1492 ut
1663 1464 1722 1492 aut
1731 1459 1820 1492 fame

1137 1507 1259 1547 sitique
1289 1517 1419 1547 pereas,
1444 1514 1502 1540 aut
1528 1509 1622 1549 panis
1642 1518 1716 1541 cum
1741 1510 1822 1544 sale,

1137 1555 1199 1586 hoc
1216 1559 1281 1595 est,
1301 1556 1449 1586 modicus
1473 1557 1696 1598 parabilisque
1715 1557 1821 1596 cibus,

1139 1605 1344 1635 stomachum
1361 1605 1549 1644 latrantem,
1571 1605 1709 1647 cibique
1723 1606 1822 1637 vehe—

1139 1659 1270 1683 menter
1295 1659 1510 1692 appetentem
1537 1653 1670 1694 mitiget
1692 1655 1820 1694 placet-

1140 1710 1218 1741 que,
1241 1701 1273 1731 id
1290 1700 1379 1741 quod
1396 1701 1494 1736 bene,
1515 1701 1579 1732 hoc
1593 1706 1658 1740 est,
1673 1703 1822 1742 jucunde

1141 1754 1177 1780 et
1198 1758 1325 1779 summa
1345 1758 1419 1780 cum
1445 1749 1616 1790 voluptate
1633 1750 1715 1782 fiee·
1729 1751 1824 1791 Cmq.

1142 1799 1234 1830 Foris
1253 1801 1298 1829 est
1318 1797 1454 1837 promus]
1478 1797 1544 1829 Ubi
1566 1798 1673 1839 labor,
1698 1808 1737 1829 eo
1757 1808 1824 1839 quo

1142 1847 1283 1877 diximus
1306 1846 1416 1884 modo,
1439 1846 1596 1886 obsonat;
1619 1846 1824 1878 1818118118-

1142 1901 1199 1936 gat
1229 1905 1271 1926 an
1296 1895 1379 1926 foris
1405 1895 1450 1926 sit
1475 1905 1622 1936 promus,
1646 1905 1687 1926 an
1711 1897 1825 1927 clausa

1142 1945 1346 1987 piscantibus
1372 1945 1492 1976 maria:
1517 1955 1635 1985 panem
1659 1955 1698 1977 ac
1722 1947 1825 1977 salem

1142 1994 1310 2026 affirmans
1336 2003 1397 2034 pro
1421 1993 1550 2024 deliciis
1574 1993 1659 2025 fore.
1684 1995 1826 2026 Torraene.

1142 2044 1235 2074 Foris
1247 2047 1293 2074 est
1314 2042 1452 2083 promus]
1475 2043 1639 2074 Cellarius
1655 2043 1742 2075 dorni
1757 2052 1823 2074 11011

1141 2096 1204 2124 est.

1185 2142 1223 2171 1⁷
1240 2139 1369 2169 Hiemnt
1384 2141 1484 2180 mare]
1500 2141 1546 2171 Ut
1558 2140 1687 2171 Graecis
1700 2139 1825 2180 χειμὼν,

1140 2187 1228 2217 unde
1243 2185 1393 2226 χειμάζω,
1407 2187 1454 2218 sic
1470 2188 1597 2218 Latinis
1610 2188 1704 2218 hiems
1723 2190 1823 2219 enam

1142 2239 1375 2275 tempestatem
1397 2235 1572 2275 significat.
1615 2237 1745 2268 Hieme
1764 2237 1823 2278 igi-

1142 2288 1195 2314 tur
1210 2293 1292 2313 mare
1307 2293 1382 2314 cum
1396 2285 1548 2323 procellis
1561 2285 1715 2324 agitatur.
1747 2286 1823 2317 Non

1143 2341 1260 2362 recuso
1284 2336 1408 2371 tamen,
1427 2332 1506 2373 quin
1529 2333 1713 2365 ‘hiemare'
1735 2334 1825 2366 dica-

1143 2385 1199 2411 tur
1226 2389 1330 2418 mare,
1360 2385 1395 2411 et
1424 2381 1553 2413 claudi:
1584 2383 1643 2413 sed
1669 2383 1824 2423 qnoniam

1143 2428 1243 2460 etiam
1258 2438 1297 2460 eo
1312 2434 1461 2469 tempore
1469 2430 1646 2470 piscationi
1661 2431 1751 2463 locus
1764 2438 1826 2471 est,

1144 2478 1184 2508 ad
1209 2483 1428 2517 tempestates
1455 2479 1581 2510 referre
1606 2481 1726 2512 malim.
1751 2481 1825 2512 Tor-

1143 2530 1222 2558 rent.
1266 2527 1395 2558 Hiemat
1410 2528 1507 2568 mare]
1525 2528 1620 2559 Mare
1634 2529 1668 2559 in
1683 2523 1827 2569 tempes-

1144 2581 1250 2607 tatem
1266 2576 1416 2615 iusnrgit.
1463 2578 1542 2608 Cum
1555 2578 1618 2608 sale
1629 2577 1733 2618 panis]
1755 2577 1826 2609 Ali·

1145 2624 1224 2665 quid
1241 2625 1382 2655 diximus
1399 2625 1440 2656 ad
1457 2635 1531 2656 eum
1546 2627 1653 2657 locum
1669 2635 1693 2657 1.
1709 2627 1781 2658 Sat.
1793 2629 1824 2658 3.

1145 2675 1154 2691 ‘
1166 2673 1298 2704 Concha
1310 2673 1386 2703 salis
1396 2673 1498 2714 puri!
1528 2674 1594 2706 Hic
1608 2675 1711 2707 Plinii
1723 2676 1825 2706 verba

1146 2721 1333 2752 adscribam
1351 2722 1406 2753 lib.
1419 2731 1520 2754 xxxi.
1530 2725 1563 2754 7.
1582 2723 1592 2740 ‘
1607 2723 1712 2755 Varro
1725 2723 1823 2754 etiam

1147 2771 1357 2810 pulmentarii
1387 2771 1458 2803 vice
1494 2781 1567 2803 usos
1595 2773 1663 2804 sale
1693 2776 1821 2803 veteres
