1930 3204
371 290 482 331 1598

373 393 496 433 probus
524 392 731 423 foenerator:
768 390 863 430 cujus
892 390 1056 420 scelerum

371 443 559 481 occasione,
576 441 885 474 senatusconsulto,
905 439 992 480 quod
1014 439 1056 469 ab

372 501 412 524 eo
428 491 704 523 Macedonianum
721 489 907 527 dicebatur,
923 495 1056 520 cautum

372 539 437 575 fuit
450 550 491 571 ne
503 541 545 576 ei,
560 537 832 579 quifiliofamilias
839 543 986 569 mutuam
1000 547 1057 578 pe-

373 590 503 621 cuniam
527 588 687 627 dedisset,
702 587 804 618 etiam
824 593 899 628 post
916 592 1058 618 mortem

373 639 538 678 parentis,
562 629 593 668 in
618 638 710 678 cujus
738 641 907 676 potestate
928 636 1058 673 suisset,

372 687 464 718 actio
489 686 677 726 petitioque
702 686 861 719 daretur:
891 690 926 716 et.
945 695 1058 726 quam·

372 746 472 776 qnam
498 736 681 776 periculum
706 735 884 767 foeneranti
907 736 1057 771 suberat,

373 785 460 816 lucri
490 791 626 825 sperata
649 785 847 826 improbitas
872 785 954 816 illud
980 794 1059 816 con-

372 838 524 865 temnere
539 834 693 874 jubebat.
735 834 803 864 Sub
827 833 949 864 Fufidii
977 843 1058 873 ergo

316 918 319 923 Ὺ
372 891 516 923 persona
526 883 715 922 exemplum
729 882 824 922 ponit
838 882 978 922 alicujus
991 892 1059 912 sor-

374 932 541 962 didissimi
571 931 726 971 Romani,
762 931 989 971 superioribus
1018 941 1060 961 ex

374 980 533 1011 antithesi
545 975 745 1019 repugnans,
762 980 860 1019 Cruq.
882 980 963 1010 vid.
974 979 1061 1010 Tur·

372 1028 451 1059 neb.
474 1036 550 1059 xxx.
576 1031 627 1060 15.
671 1027 828 1068 Fufidius]
864 1028 1062 1059 Foenerator

373 1077 647 1117 improbissimus.
702 1077 815 1117 Vappae
830 1077 951 1114 samam
976 1077 1063 1108 timet

372 1137 409 1157 m:
422 1125 593 1165 nebulonis]
617 1125 770 1157 Hominis
781 1135 922 1167 nequam
937 1130 971 1157 et
986 1135 1062 1166 pro·

373 1174 452 1206 fusi.
467 1176 542 1206 vide
558 1177 627 1207 Sat.
643 1184 668 1207 1.

418 1227 457 1256 14
482 1225 601 1261 Quintis
615 1225 666 1256 hic
687 1225 783 1266 capiti
805 1227 954 1257 mercedes
976 1235 1062 1257 exse·

372 1274 438 1314 cot]
473 1274 628 1315 ‘Caput’
660 1279 756 1306 vocat
784 1279 905 1306 sortem
930 1275 1061 1315 ipsam3

375 1323 615 1355 ‘Mercedem'
645 1333 725 1355 vero
754 1324 854 1355 sortis
886 1323 1057 1362 fructnm3

374 1372 463 1412 quod
490 1373 625 1412 proprie
653 1374 705 1403 vel
730 1372 826 1403 fenus
851 1373 903 1403 vel
926 1382 1060 1404 usuram

375 1421 539 1459 dicimus3
576 1423 586 1439 ‘
600 1421 728 1452 Fenus'
759 1427 914 1462 tanquam
951 1421 1061 1453 ferum

375 1470 551 1510 quemdam
581 1470 705 1501 sortis:
749 1472 758 1488 ‘
776 1470 940 1509 Usuram,'
972 1471 1061 1510 qnod

375 1528 437 1559 pro
453 1528 514 1549 usu
534 1518 645 1549 detur.
688 1519 699 1536 ‘
712 1519 844 1550 Merces
857 1519 866 1533 ’
888 1528 965 1550 vero
988 1529 1061 1559 pro-

375 1568 449 1609 prie
478 1569 512 1599 in
542 1569 707 1599 locatione
736 1570 939 1610 appellatur,
968 1574 1005 1599 nt
1029 1569 1062 1599 in

377 1617 550 1657 emptione
570 1619 580 1635 ‘
596 1618 766 1657 pretium-³
809 1619 972 1650 Horatius
1002 1619 1063 1658 igi-

375 1672 433 1696 tur
444 1667 708 1705 καταχρησννικῶς,
718 1671 756 1697 ut
768 1667 866 1706 paulo
879 1671 956 1697 ante
969 1668 978 1684 ‘
988 1676 1064 1696 con-

378 1713 517 1745 ductos’
542 1718 641 1745 vocat
664 1719 673 1733 ¹
687 1715 859 1746 nummos'
877 1714 985 1745 fenori
1010 1724 1063 1745 ac-

376 1768 506 1804 ceptos,
521 1764 569 1795 sic
589 1774 676 1796 nunc
697 1764 885 1795 mercedem
905 1774 980 1805 quae
1005 1773 1064 1803 pro

376 1814 424 1845 eis
442 1813 613 1853 penditur.
658 1813 702 1844 Et
721 1813 764 1844 de
785 1813 915 1844 fenebri
930 1811 1063 1853 quidem

377 1864 533 1902 pecunia,
555 1873 620 1903 qno
645 1862 756 1902 modo,
784 1871 891 1903 quove
914 1867 1065 1901 tempore

376 1913 533 1943 collocari
556 1917 614 1944 aut
635 1912 742 1953 redigi
762 1913 881 1947 soleat,
898 1911 1006 1952 Epod.
1023 1920 1064 1943 11.

376 1961 632 1994 declaravimus.
677 1963 753 1993 Hoc
777 1962 851 1992 loco
877 1960 1063 1992 monendus

377 2015 428 2040 est
445 2011 578 2050 Lector,
592 2011 808 2041 centesimam
826 2019 958 2040 usuram
975 2007 1063 2047 apud

378 2060 557 2098 Romanos,
572 2070 646 2100 quae
668 2059 854 2090 centesimo
878 2067 991 2088 mense
1019 2067 1064 2088 ae-

376 2108 505 2148 quabat
531 2113 666 2145 sortem,
681 2109 763 2138 assis
787 2109 860 2138 loco
883 2106 996 2140 fuisse,
1015 2106 1065 2136 ita

378 2161 417 2187 nt
431 2156 472 2187 ad
487 2157 577 2187 illam
590 2156 728 2196 reliquae
741 2164 854 2185 omnes
871 2154 1064 2193 redigeren-

378 2210 444 2236 tur.
489 2205 612 2245 Itaque
630 2203 773 2235 semissis
795 2212 902 2233 usurae
921 2211 987 2232 non
1002 2201 1065 2231 nisi

378 2254 553 2286 dimidium
577 2258 674 2285 erant
699 2253 912 2290 centesimae3
945 2260 1066 2291 nempe

379 2313 455 2335 cum
476 2313 541 2334 non
564 2302 739 2334 duodecim
761 2299 951 2342 quotannis,
971 2304 1009 2330 ut
1032 2299 1066 2329 in

380 2352 576 2390 centesima,
591 2351 650 2384 sed
671 2360 730 2382 sex
753 2354 883 2381 tantum
907 2357 968 2389 pro
990 2357 1067 2379 cen-

380 2406 452 2432 tum
468 2401 719 2441 penderentnr;
751 2403 787 2429 et
801 2398 849 2428 sic
866 2407 977 2438 porro.
1022 2396 1069 2427 At

380 2460 460 2482 vero
489 2449 770 2491 improbissimum
798 2451 871 2478 erat
900 2445 1011 2484 fenus,
1041 2445 1068 2475 si

379 2500 633 2540 duplicarentnr
645 2498 848 2530 centesimae.
892 2496 939 2527 Et
957 2500 1068 2526 tamen

380 2548 531 2580 Fufidius
553 2548 615 2579 iste
634 2547 751 2588 quinas
771 2546 803 2576 in
818 2545 963 2585 singulos
978 2553 1069 2575 meu—

382 2607 434 2628 ses
461 2598 564 2638 capiti
587 2596 761 2628 mercedes
787 2594 983 2635 exoecabat,
1005 2593 1068 2625 hoc

382 2651 447 2683 est,
461 2647 577 2686 quinos
592 2651 673 2687 quot
688 2645 855 2676 mensibus
872 2653 989 2675 aureos
1007 2652 1068 2683 pro

384 2700 519 2724 centum
558 2699 672 2726 mutuo
709 2694 796 2725 datis
833 2697 1003 2733 tamquam
1036 2691 1068 2722 vi

383 2743 526 2784 quadam
539 2744 572 2773 in
584 2754 710 2775 summa
720 2743 940 2784 indigentium
953 2751 1069 2774 neces-

385 2793 486 2823 sitate
499 2792 684 2832 auferebat,
694 2803 758 2823 non
769 2798 840 2824 toto
853 2792 989 2823 biennio
1002 2801 1068 2822 sor-

819 298 955 328 NO'rAE
989 298 1243 329 VARIORUM
1279 299 1328 328 lN

1103 394 1172 420 tem
1194 397 1343 429 aeqnanS.
1388 386 1494 419 Moris
1509 392 1619 419 autem
1635 393 1710 420 erat
1725 390 1785 422 sub

1105 438 1202 469 finem
1215 439 1335 468 mensis
1349 446 1463 467 usuras
1479 437 1628 478 exigere,
1643 438 1706 469 nisi
1717 448 1788 470 cre-

1105 487 1195 518 ditor
1215 496 1344 517 usuram
1367 494 1540 517 usurarum
1557 487 1688 517 solvere
1709 487 1790 517 mal—

1106 537 1172 566 let:
1197 545 1294 576 quem
1310 533 1513 573 ἂνατοκισμὸν
1530 540 1651 566 vocant
1666 534 1790 574 Gra’ci,

1090 602 1093 605 v
1107 585 1197 624 quasi
1207 584 1364 616 iteratum
1375 583 1482 615 fenus.
1508 584 1656 625 Exsecat]
1675 584 1713 615 ld
1728 588 1793 623 est,

1107 633 1257 674 deducit,
1277 638 1335 665 aut
1358 634 1486 664 adimit.
1531 634 1690 665 Mer-cedes
1705 643 1791 665 exse-

1106 684 1170 723 cat]
1213 683 1339 715 Qninas
1369 692 1484 714 usuras
1520 683 1603 714 sorti
1636 682 1793 722 detrahit,

1107 733 1207 773 Angl.
1221 734 1307 764 takes
1313 734 1376 774 sive
1382 735 1468 772 from
1482 735 1534 765 the
1547 734 1707 775 principol.

1150 785 1188 814 15
1223 783 1395 823 Perditior]
1432 785 1566 817 Quanto
1593 784 1793 816 luxuriosior

1108 837 1143 863 et
1172 833 1405 872 negligentior.
1460 833 1635 874 Perditior]
1674 833 1792 865 Codex

1108 890 1191 911 unus
1219 891 1238 911 e
1267 883 1387 913 nostris
1414 882 1583 922 proditior:
1620 892 1728 924 neque
1756 882 1790 914 id

1109 930 1304 961 Lambinum
1320 929 1419 969 fugit,
1443 940 1507 961 non
1527 932 1648 973 probat
1669 937 1793 964 tamen.

1108 978 1174 1009 Sed
1189 978 1378 1008 meminisse
1399 978 1578 1016 debuerat,
1593 982 1629 1009 et
1648 980 1658 997 ‘
1673 979 1792 1019 prode-

1110 1027 1162 1058 re’
1180 1037 1240 1067 pro
1254 1028 1263 1044 ‘
1276 1026 1440 1067 perdere,’
1459 1031 1494 1058 et
1516 1028 1526 1044 ‘
1542 1027 1693 1067 proditus
1704 1027 1713 1041 ’
1732 1037 1794 1068 pro

1110 1076 1120 1093 ‘
1132 1076 1280 1116 perditus
1293 1074 1301 1088 ’
1315 1085 1379 1106 non
1395 1085 1460 1106 uno
1476 1075 1510 1106 in
1525 1076 1599 1107 loco
1621 1075 1710 1117 apud
1730 1075 1796 1108 Lu-

1110 1125 1249 1156 cretium
1260 1125 1412 1156 inveniri.
1430 1125 1556 1155 Ennius
1567 1133 1698 1166 qnoque
1706 1123 1717 1141 ‘
1726 1133 1795 1156 rem

1110 1175 1255 1214 prodere
1271 1184 1430 1205 summam
1441 1173 1449 1187 ’
1464 1173 1550 1204 dixit
1571 1182 1631 1214 pro
1655 1178 1664 1191 ‘
1677 1173 1796 1213 perde-

1111 1222 1169 1259 re,'
1185 1227 1273 1254 teste
1287 1224 1399 1254 Festo.
1420 1222 1594 1254 Sententia
1606 1225 1716 1253 autem
1733 1226 1798 1261 est,

1111 1277 1236 1314 quanto
1252 1273 1392 1313 quisque
1413 1272 1493 1302 luxu
1511 1270 1675 1311 perditior
1688 1269 1798 1312 profli-

1111 1322 1284 1363 gatiorque
1301 1321 1358 1360 sit,
1372 1325 1464 1352 tanto
1476 1321 1583 1351 acrius
1596 1319 1720 1351 instare
1733 1320 1797 1351 Fu-

1109 1371 1236 1408 fidium,
1252 1375 1290 1402 ut
1311 1371 1465 1410 graviore
1488 1379 1564 1400 eum
1588 1369 1703 1401 fenore
1722 1378 1797 1410 pes-

1110 1420 1245 1451 snndet.
1302 1421 1346 1451 Et
1379 1419 1495 1461 nequis
1530 1419 1621 1450 forte
1657 1419 1797 1450 miretur

1111 1473 1241 1499 tantam
1265 1467 1390 1499 fenoris
1412 1468 1676 1508 improbitatem,
1701 1467 1796 1498 addit

1111 1517 1219 1548 Poeta
1239 1518 1357 1558 quibus
1381 1517 1590 1557 potissimum
1612 1516 1796 1556 feneretur,

1111 1567 1223 1597 stultis
1239 1567 1308 1598 scil.
1324 1564 1604 1599 adolescentibus,
1615 1564 1735 1604 quibus
1748 1564 1797 1594 ni-

1111 1616 1158 1646 hil
1174 1625 1264 1647 curae
1288 1616 1344 1655 sit,
1362 1624 1460 1655 qnam
1482 1618 1520 1645 ut
1541 1613 1686 1644 habeant
1708 1613 1796 1654 qnod

1113 1663 1330 1703 profundant.
1367 1664 1464 1694 Tanto
1472 1661 1588 1702 acrius]
1603 1663 1712 1694 Tanto
1723 1672 1798 1702 gra-

1113 1713 1207 1744 viore
1222 1722 1320 1743 usura
1336 1716 1467 1743 onerat.
1488 1719 1492 1724 ’
1705 1721 1710 1724 ·

1157 1765 1198 1793 16
1221 1762 1357 1792 Nomina
1370 1761 1522 1802 sectatur]
1544 1760 1704 1792 Sectatur
1719 1760 1800 1792 tiro-

1114 1820 1191 1842 num
1215 1811 1359 1846 nomina,
1381 1811 1436 1851 qui
1460 1811 1547 1841 ultro
1571 1810 1633 1840 hoc
1657 1809 1740 1849 agit,
1764 1812 1802 1839 ut

1114 1860 1260 1892 tironum
1284 1859 1470 1891 nominibus
1492 1869 1538 1890 ωε
1560 1859 1703 1890 alienum
1723 1866 1802 1888 con-

1115 1910 1237 1942 trahat.
1283 1910 1329 1941 At
1350 1908 1600 1948 Jurisconsulti,
1623 1907 1722 1948 paulo
1743 1906 1801 1937 ali-

1115 1962 1168 1989 ter
1187 1958 1300 1999 ‘sequi
1322 1957 1463 1988 nomen’
1485 1957 1604 1988 dicunt
1629 1965 1689 1996 pro
1712 1955 1801 1986 acci-

1114 2016 1209 2048 pere,
1224 2007 1293 2038 sive
1306 2017 1346 2038 eo
1359 2011 1552 2038 contentum
1567 2015 1649 2036 esse.
1675 2005 1801 2036 Notum

1113 2060 1237 2094 autem,
1250 2055 1550 2086 Senatusconsulto
1559 2053 1733 2084 Venetam>
1743 2061 1798 2083 ve-

1114 2104 1214 2134 titum
1229 2103 1330 2134 fuisse
1345 2113 1386 2133 ne
1403 2113 1465 2143 pro
1483 2104 1550 2133 ullo
1565 2103 1684 2133 mulier
1697 2102 1801 2133 inter-

1114 2152 1251 2183 cederet
1265 2162 1274 2190 ;
1298 2151 1574 2188 quemadmodum
1591 2156 1626 2182 et
1642 2150 1803 2182 Macedo-

1116 2201 1223 2239 niano,
1238 2201 1332 2242 cujus
1350 2201 1447 2241 paulo
1465 2205 1541 2230 ante
1556 2199 1647 2230 facta
1662 2199 1799 2237 mentio,

1116 2259 1157 2280 ne
1173 2249 1245 2290 quis
1261 2248 1472 2280 filiofamilias
1487 2253 1599 2279 mutuo
1620 2247 1734 2279 datum
1746 2248 1801 2287 ju-

1117 2307 1153 2329 re
1171 2301 1352 2338 repeteret.
1398 2297 1526 2327 Malum
1542 2305 1622 2336 ergo
1637 2301 1672 2327 et
1687 2296 1802 2327 mulie-

1118 2348 1163 2378 ris
1179 2352 1213 2378 et
1228 2346 1431 2377 filiifamilias
1450 2355 1583 2385 nomen,
1598 2345 1656 2377 sed
1673 2344 1800 2377 fenera-

1118 2402 1208 2428 tores
1229 2397 1337 2437 legem
1353 2395 1544 2427 eludebant.
1575 2396 1651 2434 Vel,
1665 2401 1703 2427 nt
1717 2396 1801 2427 Cru-

1117 2447 1212 2489 qnius
1235 2447 1319 2484 vult,
1337 2445 1460 2476 nomina
1479 2455 1539 2485 pro
1554 2444 1698 2476 debitis:
1732 2455 1802 2476 sec·

1118 2501 1209 2528 tatur
1224 2495 1358 2527 nomina
1370 2495 1527 2533 tironum,
1541 2495 1603 2525 hoc
1613 2500 1676 2534 est,
1687 2494 1803 2526 studet

1117 2544 1273 2576 foenerari
1290 2544 1464 2576 tironibus.
1507 2543 1665 2584 Sectatur]
1688 2543 1802 2576 Nomi·

1116 2603 1158 2625 na
1175 2594 1433 2625 adolescentium
1457 2592 1637 2633 investigat
1660 2593 1693 2624 in
1716 2602 1800 2624 mer-

1117 2649 1266 2675 catorum
1290 2642 1392 2674 libris.
1435 2641 1565 2682 Sumpta
1587 2641 1684 2682 veste]
1716 2641 1798 2673 Cum

1119 2703 1138 2724 a
1154 2692 1345 2733 paedagogis
1361 2695 1437 2722 sunt
1455 2690 1567 2732 liberi,
1590 2696 1662 2732 post
1679 2698 1796 2722 annum

1118 2743 1228 2774 aetatis
1245 2750 1320 2772 xvi.

1159 2793 1198 2821 17
1223 2788 1337 2828 Duris]
1360 2788 1508 2820 Quorum
1523 2791 1634 2827 patres
1647 2790 1723 2817 sunt
1738 2785 1796 2816 du-
