1904 3216
503 294 712 326 uoRA'ru
746 291 1024 324 sannionum
1058 291 1155 321 Lm.
1190 289 1221 320 1.
1249 277 1292 318 9.

203 396 243 426 41
260 393 313 424 An
322 391 402 432 rem]
417 391 426 409 ‘
440 391 524 423 Rem
538 389 729 430 relinquere
743 387 751 399 '
768 396 858 418 nunc

161 445 258 485 dicit,
280 442 446 486 quomodo
468 441 568 483 panio
587 445 668 472 ante
690 437 858 478 ‘perdere

160 493 281 534 litem,‘
298 498 335 526 ut
348 498 384 526 et
395 493 475 527 JCti
498 492 508 510 ⁸
519 500 588 522 rem
601 486 781 526 amittere:
796 496 858 528 pro

160 545 271 577 ‘litem
288 542 470 575 amittere?
506 542 516 559 ⁴
529 539 592 572 Rei
604 538 614 552 ’
637 538 724 569 enim
742 537 858 577 appel-

163 594 260 633 latio,
276 598 314 626 ut
327 593 412 627 JCti
437 591 587 629 tradunt,
600 587 767 630 generalis
783 591 859 626 est;

161 648 198 675 et
218 644 310 675 inter
329 647 445 674 cetera
459 641 553 672 litem
573 636 781 678 significare,
798 636 858 668 tri-

162 699 216 726 tus
228 694 284 726 ille
294 692 438 725 Ausonii
449 699 564 723 versus
577 687 750 720 ostendit:
766 688 776 704 ‘
790 687 858 718 Im-

162 743 304 784 perium,
318 742 424 780 litem,
439 740 606 772 Venerem
623 747 685 769 cur
710 746 778 768 una
798 746 858 768 no-

162 795 215 824 tet
227 790 304 824 res-¹
328 790 470 823 Tor-rene.
493 788 545 820 An
556 788 637 829 rem]
654 786 708 818 An
721 795 858 818 causam

161 843 214 874 vel
227 842 332 874 litem.
365 838 533 879 Mesodes]
555 838 615 870 Me
628 837 794 878 relinque,
808 836 858 867 in-

159 891 232 932 quit
247 889 426 923 Horatius.
467 887 544 929 lue]
561 888 640 919 Non
656 886 792 926 faciam,
808 885 859 917 in-

158 941 230 983 quit
239 941 415 974 Garrulus.
439 939 536 980 [vat.
546 939 642 970 Rom.
654 941 685 968 9.
699 940 754 968 aut
766 935 858 975 rem.]

201 993 243 1024 4³
277 991 357 1022 Cum
384 988 518 1029 victore]
555 988 642 1019 Cum
679 985 859 1027 pertinaci.

161 1041 327 1082 [Cbisian.
342 1043 374 1072 l.
397 1044 431 1071 et
447 1039 515 1071 duo
530 1038 587 1070 alii
602 1037 702 1070 codd.
718 1046 774 1078 ap.
790 1036 859 1067 Va·

162 1092 238 1123 lart.
254 1094 354 1122 tecum
368 1093 411 1121 est
423 1090 451 1130 ?]

204 1143 246 1173 44
269 1141 358 1172 Hine
382 1139 516 1182 repetet]
540 1138 593 1170 Ab
609 1139 671 1170 hoc
693 1135 861 1178 principio

163 1191 328 1223 Garrulus
349 1198 538 1222 sermonem
563 1187 791 1219 intermissum
812 1185 861 1216 sic

162 1242 310 1282 repetit:
334 1239 518 1274 Quomodo
545 1238 721 1270 Maecenas
749 1241 861 1268 tecum

162 1291 231 1331 agit
244 1291 256 1321 ?
302 1291 474 1322 Paucorum
488 1283 658 1328 hominum]
683 1288 770 1319 Haec
781 1287 862 1318 Tur·

163 1340 271 1374 nebus
283 1340 408 1380 garruli
426 1339 528 1370 verba
541 1347 616 1370 esse
630 1337 760 1369 maluit.
793 1336 861 1368 Sed

163 1390 279 1422 Lamb.
303 1390 376 1421 vult
402 1394 438 1420 ut
458 1399 477 1420 a
501 1388 611 1420 Poe'ta
633 1386 863 1428 proferantur,

163 1443 347 1471 excusante
363 1448 412 1474 se,
437 1440 463 1470 si
480 1436 704 1477 interroganti
719 1435 763 1466 de
778 1435 861 1466 Mae-

162 1489 292 1522 cenans
304 1488 538 1520 familiaritate
551 1496 617 1518 non
629 1486 711 1517 satis
726 1495 770 1516 ex
783 1490 862 1516 voto

162 1539 397 1581 responderet,
421 1538 511 1580 quod
533 1538 590 1569 ille
614 1545 680 1568 non
703 1536 767 1566 nisi
787 1544 861 1575 per-

163 1589 292 1629 paucis,
305 1589 414 1630 iisque
441 1592 632 1628 perspectae
656 1584 860 1625 integritatis

162 1643 328 1674 uteretur,
351 1647 495 1680 quorum
517 1637 552 1668 in
577 1645 718 1667 numero
740 1644 806 1666 non
824 1644 860 1666 se

163 1691 362 1730 agnosceret
389 1687 567 1719 Horatius.
612 1685 661 1717 At
689 1694 768 1716 vero
796 1684 860 1715 hoc

162 1748 291 1779 negans
317 1738 492 1778 garrulus:
525 1737 651 1773 Tanto,
677 1734 800 1775 inquit,
824 1739 862 1765 tu

163 1789 350 1824 dexterior,
365 1787 421 1828 qui
445 1795 521 1818 cum
546 1785 664 1825 paucis
680 1784 744 1815 illis
760 1792 862 1824 pene-

163 1837 276 1873 trasti,
290 1846 373 1878 quos
388 1845 504 1868 omnes
520 1844 573 1866 me
590 1833 745 1874 adjutore
760 1832 863 1864 facile

167 1895 392 1919 summovens.
430 1886 475 1917 Et
488 1885 562 1916 haec
577 1883 712 1925 quidem
732 1892 798 1915 uon
813 1883 862 1914 in—

165 1937 331 1968 concinna
361 1935 461 1975 hujus
498 1934 563 1966 loci
600 1934 771 1965 enarratio
798 1938 863 1965 est.

166 1988 234 2019 Sed
250 1997 325 2028 ego,
341 1991 379 2019 ut
392 1996 507 2018 verum
525 1985 647 2022 fatear,
663 1985 774 2016 omnia
788 1994 862 2026 gar·

166 2039 232 2070 ruli
257 2047 331 2070 esse
363 2037 474 2068 malim
500 2045 604 2077 usqne
629 2035 670 2066 ad
695 2035 764 2073 illa,
790 2035 862 2067 Non

165 2089 236 2120 iseo.
280 2088 390 2120 Nemo
414 2086 502 2118 enim
529 2085 703 2117 dexterius
725 2084 863 2116 fortuna

166 2149 245 2171 usus
265 2142 331 2178 est,
351 2137 435 2174 sive,
456 2136 546 2178 quod
570 2135 660 2166 idem
683 2144 756 2166 esse
775 2134 862 2165 arbi·

166 2194 249 2229 tror,
261 2187 432 2220 fortunam
449 2187 524 2218 tulit
539 2185 659 2217 melius
674 2194 773 2225 quam
786 2184 861 2224 ipse

165 2240 347 2272 Maecenas·
400 2237 479 2268 Vid.
516 2235 668 2267 Turneb.
706 2243 767 2266 xv.
807 2236 861 2266 18.

165 2290 307 2322 Torreat.
349 2288 526 2320 Paucorum
540 2284 712 2325 hominum]
734 2285 858 2317 Maece·

163 2348 224 2371 nas
234 2337 363 2380 (inquit
376 2334 558 2375 Horatius)
570 2340 622 2366 est
634 2335 731 2365 bomo
745 2334 862 2373 paucis

165 2386 388 2421 familiaribus
400 2388 590 2416 contentus.
614 2384 657 2414 Et
671 2383 782 2414 mentis
790 2383 864 2414 bene

165 2437 266 2478 sance]
290 2437 336 2468 Et
364 2434 498 2474 sapiens
528 2437 592 2464 est.
638 2432 726 2463 Hinc
749 2433 864 2472 repetit

165 2494 332 2529 paucorum
346 2483 501 2516 hominum
514 2485 544 2513 ee
559 2482 672 2514 mentis
683 2483 755 2514 bene
767 2492 864 2519 sauoe,

167 2537 237 2578 εμπ]
259 2534 434 2567 Turnebus
449 2534 522 2564 haec
535 2533 647 2564 omnia
658 2533 792 2572 garrulo
807 2533 864 2567 tri-

168 2587 256 2627 buit,
269 2595 375 2628 usque
401 2584 442 2616 ad
466 2584 535 2618 illa,
561 2583 635 2614 Non
656 2583 710 2614 illo
733 2583 866 2615 vivimus

167 2639 246 2678 illic,
258 2639 311 2677 δῖε.
356 2636 402 2667 Et
416 2635 476 2666 hos
488 2643 605 2666 versus
617 2633 660 2664 de
675 2634 866 2666 Moecenate

170 2688 307 2730 accipit.
354 2687 437 2726 Ego,
460 2689 498 2715 ut
523 2683 556 2714 in
580 2693 621 2715 eo
635 2683 793 2714 Turnebo
813 2694 866 2715 as·

171 2739 311 2778 sentiar,
326 2736 414 2778 quod
430 2735 504 2765 liaec
527 2733 641 2764 omnia
658 2733 748 2764 illius
764 2743 866 2774 nuga.

171 2789 252 2821 toris
279 2786 383 2818 verba
404 2792 477 2816 esse
493 2788 610 2824 putem
635 2783 693 2822 ita,
718 2793 784 2824 quo
805 2785 866 2815 mi-

171 2849 234 2871 nus
259 2838 342 2870 duos
367 2836 448 2868 istos
479 2842 594 2866 versus
620 2832 662 2864 ad
693 2833 865 2866 Maecena·

1499 276 1611 318 1659

910 391 977 418 tem
1005 383 1162 423 referam,
1192 382 1276 414 facit
1306 380 1340 412 id
1379 379 1467 422 quod
1499 379 1611 420 seqni-

909 440 978 474 tur,
1004 435 1146 467 Haberes
1179 433 1332 472 Magnum
1351 430 1537 469 adjutorem,
1559 431 1611 468 ξε.

908 486 995 518 Quae
1010 483 1191 516 manifesto
1207 483 1355 514 clamant
1380 479 1611 522 praecedentia

908 545 975 567 non
1000 535 1043 566 ad
1059 535 1162 566 alium
1178 542 1276 575 quam
1291 532 1334 564 ad
1351 530 1531 563 Horatium
1558 538 1611 560 re-

907 585 991 617 ferri
1006 594 1114 626 posse.
1149 583 1272 616 Scribo
1287 583 1393 623 igitur
1418 581 1482 612 hoc
1499 579 1612 619 modo,

908 636 1068 667 Maecemrs
1081 635 1228 675 quomodo
1247 637 1346 665 tecum
1359 632 1466 675 (Hinc
1481 629 1612 671 repetit)

903 695 1072 725 paucorum
1087 685 1256 724 hominum,
1269 685 1322 723 ἔμ’.
1368 683 1418 714 Ut
1443 682 1499 718 sit,
1514 685 1614 712 tecum

905 744 1073 777 paucorum
1085 734 1252 772 hominum,
1267 734 1330 764 hoc
1346 736 1412 768 est,
1430 737 1542 763 tecum
1556 731 1615 772 qui

907 793 944 816 es
979 793 1164 824 paucorum
1199 781 1382 814 hominum‘.
1427 781 1615 814 Quaerebat

908 834 1084 875 garrulus:
1102 833 1278 864 Maecenas
1293 832 1427 873 qualem
1440 840 1514 862 sese
1526 840 1614 870 prae-

907 884 968 916 bet
983 893 1065 924 erga
1081 887 1130 923 te,
1143 882 1200 924 qui
1216 891 1283 914 non
1295 891 1332 912 es
1346 880 1390 912 εἲς
1400 883 1462 912 τῶν
1472 882 1614 919 πολλῶν,

908 943 1018 977 neque
1034 939 1072 966 ut
1087 943 1106 965 e
1122 933 1224 974 vulgo
1239 933 1406 974 quispiam
1423 942 1432 971 ;
1448 931 1506 963 sed
1521 931 1613 973 quod

907 994 973 1017 non
1002 990 1056 1017 est
1071 984 1137 1015 nisi
1154 983 1292 1015 maximi
1310 983 1477 1023 cujusque
1497 981 1614 1013 admo-

909 1035 990 1067 dum
1018 1044 1109 1066 sanae
1137 1034 1284 1065 mentis?
1325 1033 1479 1064 Parabat
1504 1032 1613 1063 Hora·

910 1085 976 1116 tius
993 1083 1213 1126 respondere,
1228 1083 1288 1115 sed
1305 1081 1613 1123 importunissimus

910 1135 1047 1173 nebulo,
1072 1144 1140 1166 non
1163 1138 1363 1175 exspectata
1386 1131 1614 1174 respondendi

911 1186 1000 1227 vice,
1025 1185 1208 1217 Horatium
1246 1184 1386 1216 laudare
1418 1183 1555 1225 pergin
1578 1186 1615 1214 et

911 1245 1011 1277 quem
1026 1244 1276 1276 perpaucorum
1292 1234 1476 1273 hominum,
1499 1237 1534 1264 et
1560 1242 1614 1263 sa-

912 1286 1056 1317 nissimae
1068 1285 1192 1316 mentis
1203 1283 1500 1323 dixerat,eundem
1511 1282 1614 1313 etiam

912 1336 1042 1377 optime
1071 1334 1210 1367 fortuna
1246 1344 1342 1366 usum
1371 1333 1475 1365 fuisse
1507 1332 1615 1364 addit.

912 1386 1068 1426 Denique
1085 1385 1111 1415 si
1126 1394 1162 1416 se
1175 1383 1413 1415 commendare
1430 1381 1615 1413 Maecenati

913 1435 1030 1471 vellet,
1044 1444 1182 1475 operam
1196 1442 1289 1464 suani
1307 1433 1407 1464 talem
1421 1432 1616 1472 pollicetur,

912 1496 979 1527 qua
1013 1486 1178 1518 Horatius
1209 1484 1305 1515 brevi
1335 1493 1451 1515 omues
1482 1483 1615 1514 anteire

912 1540 1039 1576 posset,
1054 1536 1112 1576 qui
1136 1534 1225 1575 apud
1249 1538 1426 1574 patronum
1450 1533 1482 1564 ei
1503 1532 1616 1573 gratia

911 1585 1151 1626 praevalerent.
1198 1583 1285 1615 Haec
1311 1583 1391 1614 mihi
1416 1593 1495 1614 vera
1517 1583 1614 1624 hujus

912 1637 978 1668 loci
1008 1636 1181 1668 sententia
1212 1635 1415 1667 videbatur:
1441 1635 1542 1667 aliter
1567 1640 1615 1666 ta-

911 1695 988 1717 men
1005 1686 1167 1717 sentienti
1184 1694 1251 1716 non
1270 1685 1438 1725 pugnabo.
1462 1685 1614 1724 Rutgers.

911 1735 996 1775 [Hic
1019 1734 1134 1773 repetit
1149 1733 1297 1764 Cliisian.
1320 1736 1351 1764 2.
1378 1743 1398 1764 a
1419 1743 1462 1764 m.
1487 1743 1556 1765 sec.
1578 1738 1615 1765 et

912 1783 1067 1815 Vallicel.
1084 1782 1130 1823 l.]

955 1836 995 1864 45
1022 1834 1120 1864 Nemo
1143 1833 1304 1864 dexterius
1315 1834 1449 1872 fortuna
1463 1837 1510 1865 est
1524 1835 1613 1875 usus]

912 1883 947 1915 Is
977 1883 1122 1915 dextere
1144 1882 1283 1915 fortuna
1313 1884 1362 1915 uti
1390 1883 1526 1924 dicitur,
1557 1886 1615 1926 qui

913 1934 979 1965 scit
1005 1933 1096 1965 ferre
1125 1932 1310 1966 fortunam.
1340 1934 1449 1975 Steph.
1494 1936 1615 1967 Dexte-

912 1985 981 2016 rius
986 1985 1121 2023 fortuna
1135 1988 1184 2015 est
1199 1984 1286 2024 usus]
1311 1985 1497 2016 Dexterius
1513 1995 1615 2026 quam

914 2039 963 2075 tu,
989 2034 1099 2076 inquit
1129 2034 1308 2066 Garrulus.
1354 2035 1512 2076 Haberes]
1544 2035 1614 2067 Ha-

914 2085 1012 2117 beres
1028 2094 1094 2116 me.

954 2139 995 2167 46
1019 2136 1118 2167 Ferre
1139 2134 1302 2174 secundas]
1322 2134 1357 2165 Si
1377 2135 1420 2166 ab
1444 2135 1614 2167 histrioni-

912 2187 971 2218 bus
986 2186 1168 2227 primarum
1182 2191 1218 2218 et
1231 2185 1453 2217 secundarum
1468 2187 1614 2226 partium

910 2241 1022 2267 sumta
1051 2235 1229 2267 translatio
1261 2240 1326 2274 est,
1348 2235 1439 2274 ferre
1464 2237 1615 2267 secundas

911 2297 973 2328 pro
989 2287 1156 2318 sustinere
1174 2290 1276 2327 atque
1292 2286 1435 2326 implere
1447 2286 1614 2326 interpre-

912 2338 1080 2375 tabimur3
1107 2342 1145 2368 ut
1163 2337 1309 2368 Horatio
1340 2337 1465 2377 primas
1482 2338 1614 2369 tenenti

914 2392 1028 2427 partes
1039 2388 1092 2418 hic
1104 2387 1209 2417 veluti
1224 2387 1360 2426 adjutor
1370 2386 1566 2426 assistat‚.nt
1581 2388 1615 2417 in

914 2446 1015 2468 scena
1035 2437 1146 2468 solent
1163 2436 1365 2476 hypocritae.
1401 2435 1498 2467 Ferre
1512 2436 1615 2475 igitur

912 2487 1062 2518 secundos
1078 2486 1214 2526 proprie
1231 2495 1268 2520 se
1285 2485 1442 2525 garrulus
1460 2485 1522 2515 iste
1540 2485 1614 2515 dix-

914 2537 990 2576 erit,
1010 2535 1157 2566 Horatio
1173 2535 1236 2566 soli
1252 2535 1388 2566 cedens.
1435 2533 1549 2574 Atque
1566 2534 1615 2565 ita

915 2588 957 2618 de
982 2586 1051 2616 vini
1077 2585 1254 2626 generibus
1276 2584 1368 2616 Plin.
1388 2592 1467 2615 xvr.
1481 2587 1512 2615 6.
1534 2584 1544 2601 ⁴
1559 2583 1614 2615 Ad

916 2636 1054 2667 tertiam
1079 2635 1222 2674 palmam
1239 2634 1333 2664 varia
1349 2633 1497 2664 venere.’
1524 2634 1614 2664 Torr.

914 2683 1087 2723 Secundus]
1105 2682 1278 2714 Secundas
1293 2686 1421 2722 partes,
1434 2682 1466 2713 id
1482 2688 1546 2722 est,
1557 2683 1614 2724 qui

915 2734 977 2766 tibi
992 2732 1158 2764 secundus
1174 2741 1249 2763 esse
1273 2736 1401 2771 posset.

956 2786 998 2814 47
1031 2782 1126 2813 Hunc
1152 2781 1318 2821 hominem]
1349 2781 1505 2822 Seipsutn
1543 2791 1605 2812 suo

915 2833 1026 2875 tangit
1043 2833 1149 2873 digito
1165 2837 1200 2864 et
1213 2832 1436 2864 demonstrat.
1471 2831 1570 2863 Velles
1584 2833 1612 2862 si
