1890 3230
455 284 665 317 noenu
698 283 975 315 suesionum
1012 283 1110 312 ms.
1142 280 1194 312 n.
1222 271 1266 312 7.

138 382 243 416 bidini
259 381 406 420 furiosae,
417 390 491 422 quae
505 379 568 411 tibi
581 379 737 420 imperat,
753 387 832 410 con·

136 434 258 467 credes
274 437 322 471 te,
338 436 460 472 tuaque
476 430 600 461 omnia.

177 485 222 515 68
256 481 382 522 Enati]
424 481 571 512 Evasisti
620 477 833 520 periculum?

138 533 278 574 Metus]
300 529 449 569 Ironice‚
468 530 502 562 id
519 535 585 567 est,
600 539 666 562 non
688 533 832 559 metues.

137 584 317 623 Deo-tuisque
343 581 478 622 cavebis]
519 582 652 613 Doctus
681 579 832 620 periculo

136 637 197 664 tuo
212 631 363 663 cavebis.

177 685 221 714 6⁹
243 682 384 718 ρων-οε,
406 680 541 720 quando]
569 678 643 710 xmo
666 677 832 718 cogitabis

136 741 204 774 qno
219 736 373 773 tempore
393 731 450 762 illa
465 735 500 761 te
517 730 637 761 iterum
659 728 832 766 admittat,

135 786 175 813 ut
187 790 323 822 paveas,
338 784 374 813 et
388 789 520 821 pereas.

178 835 222 864 70
246 831 292 872 0]
315 829 527 862 Exclamatio
543 829 578 860 in
594 828 833 869 indignitatem

134 880 296 922 libidinis,
325 889 402 921 quae
431 879 532 910 toties
559 889 602 910 ex
631 879 765 910 homine
795 877 834 908 li-

135 931 219 963 bero
241 939 375 962 servum
404 928 499 961 facit.
533 930 632 970 Cruq.
690 929 719 959 0
742 928 835 959 tocies

133 980 256 1021 servus]
288 978 433 1013 Quoties
461 979 494 1010 in
523 978 690 1010 adulterio
713 978 833 1019 depre-

135 1031 308 1063 henderis.

177 1084 220 1114 73
242 1081 386 1123 Sapiens,
406 1081 477 1122 qun]
505 1081 646 1116 Cautus,
676 1079 730 1110 vel
755 1077 834 1110 mihi

134 1133 282 1173 sapiens.
342 1131 428 1164 Tolle
450 1131 616 1174 periclum]
647 1130 742 1162 Tolle
766 1139 835 1160 me·

136 1186 206 1213 tum
225 1192 345 1223 poenae.

178 1235 221 1265 74
249 1233 339 1274 Vaga
358 1231 516 1274 prosiliet]
540 1231 708 1263 Proclivis
730 1230 772 1262 ad
790 1229 836 1261 vi-

130 1285 234 1317 Atium.

177 1336 218 1366 75
245 1333 330 1365 Tune
343 1333 422 1365 mihi
435 1331 591 1372 dominus]
612 1331 709 1362 Tune
726 1335 760 1362 te
776 1329 836 1361 mi-

135 1384 169 1416 hi
179 1384 349 1416 dominum
363 1383 546 1420 essedicis,
560 1382 618 1424 qui
632 1391 684 1413 me
697 1381 838 1422 nequior

135 1443 187 1473 es,
210 1437 247 1466 et
273 1433 445 1465 duriorem
474 1433 581 1464 servis
613 1432 837 1463 servitutem?

136 1483 256 1516 Rerum
280 1482 437 1524 imperiis]
474 1481 649 1516 Pecuniae,
677 1481 840 1519 libidinis,

136 1532 266 1574 gloriae,
281 1539 404 1573 metus,
418 1535 482 1564 &c-

176 1586 220 1615 76
241 1581 369 1622 Minor]
385 1581 544 1613 Inferior.
589 1581 690 1616 Quem
705 1584 754 1612 ter
768 1580 838 1611 virt-

131 1632 234 1674 dictu]
262 1632 385 1665 Tribus
409 1632 516 1663 modis
539 1640 653 1663 servos
676 1641 719 1663 ex
739 1631 838 1672 ¹justa

135 1683 302 1715 servitute
326 1681 519 1713 manumitti
549 1681 670 1720 solere,
692 1682 701 1697 ‘
720 1689 839 1715 censu,

137 1732 302 1771 vindicta,
329 1729 559 1768 testamento,’
589 1739 632 1761 ex
662 1730 713 1760 M.
736 1729 838 1760 Tullii

134 1782 283 1824 Topicis,
298 1781 330 1812 in
346 1790 492 1821 eumque
509 1780 631 1810 librum
650 1779 761 1811 Boe'tii
776 1779 836 1810 Se-

136 1832 245 1865 verini
267 1830 531 1869 commentariis,
546 1829 698 1861 omnibus
720 1833 836 1860 notum

135 1888 201 1915 est.
246 1882 312 1914 His
329 1891 412 1922 ergo
428 1880 535 1912 modis
551 1881 687 1921 plenam
701 1879 838 1911 liberta-

135 1938 204 1965 tem
221 1932 502 1974 assequebantur.
536 1930 707 1962 Vindictae
724 1936 836 1962 autem

135 1983 225 2015 ratio
250 1982 303 2014 vel
327 1982 504 2023 praecipua
535 1987 622 2021 erat,
647 1991 668 2012 a
690 1980 835 2012 Vindice

136 2032 282 2074 quodam
299 2032 341 2064 P.
362 2032 562 2072 Poplicolae,
578 2036 638 2063 aut
655 2036 692 2062 ut
709 2030 766 2062 alii
782 2040 837 2061 vo·

137 2083 210 2113 lunt
235 2081 453 2113 Vitelliorum
477 2090 589 2120 servo,
614 2080 659 2112 ob
682 2080 836 2120 conjura-

137 2131 239 2164 tionis
254 2131 415 2163 indicium
433 2131 541 2172 primo
561 2131 696 2172 publice
719 2139 836 2161 manu-

135 2182 249 2221 niisso,
277 2181 456 2223 originem,
491 2186 540 2220 et,
575 2185 614 2212 ut
639 2181 835 2221 ,gravissimi

134 2237 292 2263 auctores
306 2231 459 2268 tradunt,
471 2231 575 2262 etiam
595 2240 716 2261 nomen
731 2230 835 2271 adep-

136 2285 192 2312 tv.
239 2279 384 2312 Erudite
414 2280 521 2319 igitur
550 2279 715 2310 Horatius
745 2278 835 2309 hunc

136 2328 311 2370 praecipue
327 2327 463 2359 modum
479 2328 663 2368 expressit,
680 2328 724 2359 ob
740 2328 835 2359 Prae-

136 2380 221 2412 toris
232 2380 450 2421 presentiam
463 2380 586 2411 ceteris
596 2378 835 2411 efficaciorem.

137 2430 266 2461 Verum
277 2429 319 2460 de
331 2430 405 2469 ipsa
417 2429 676 2461 manumittendi
691 2439 752 2470 per
763 2431 836 2461 vin-

137 2480 265 2512 dictam
305 2478 424 2519 forma,
456 2480 606 2511 nonnihil
643 2480 836 2520 ambigitur.

137 2529 227 2562 Nam
251 2533 377 2570 praeter
391 2528 518 2560 domini
542 2530 764 2570 voluntatem,
780 2530 837 2571 qui

138 2581 228 2612 servi
250 2584 355 2620 caput
378 2589 455 2611 raso
478 2581 610 2611 vertice
639 2589 741 2611 manu
766 2585 839 2612 tan—

140 2639 235 2671 gens,
249 2639 395 2670 eumque
417 2629 452 2660 in
475 2630 593 2660 orbem
614 2635 750 2661 vertens
767 2631 838 2661 sive

139 2680 393 2720 circumagenst
420 2679 549 2723 ‘Hunc
575 2680 764 2719 liomiuem,’
789 2681 837 2712 in-

140 2731 228 2772 quit,
243 2731 252 2746 ‘
266 2729 410 2760 liberum
426 2738 501 2760 esse
517 2729 592 2760 volo
605 2729 626 2768 ;’
648 2730 690 2760 ad
715 2735 840 2771 praeto·

140 2781 188 2811 ris
210 2789 395 2820 assensum,
413 2789 489 2811 cum
513 2779 668 2812 diceret:
691 2781 701 2799 ‘
716 2780 782 2813 Aio
805 2786 839 2813 te

140 2831 282 2864 liberum
299 2839 392 2862 more
416 2829 630 2875 Quiritium?
655 2830 840 2863 accedebat

1470 271 1580 312 1751

886 377 990 410 etiam
1018 377 1146 409 lictoris
1169 384 1286 417 opera.
1312 373 1370 416 qui
1392 378 1535 415 accepta
1562 385 1583 406 a

885 427 1043 459 Praetore
1056 426 1218 464 vindicta,
1228 433 1326 467 qnam
1338 423 1491 466 plerique
1501 424 1510 440 ⁴
1518 424 1582 454 vir-

886 477 1024 519 gulam‚’
1037 477 1177 509 Persius
1193 476 1296 507 etiam
1312 474 1322 492 ‘
1335 473 1513 506 festucam'
1525 483 1583 505 vo—

886 531 955 563 cat,
977 537 1018 558 ea
1046 530 1150 567 caput
1177 525 1266 557 servi
1294 524 1464 565 pulsabat,
1483 528 1523 555 ut
1548 529 1584 555 et

886 576 1008 609 faciem
1023 587 1063 609 ac
1080 582 1212 618 tergum
1230 585 1343 607 manu.
1387 574 1464 608 Quo
1478 573 1584 613 facto,

886 637 926 659 ac
942 629 1050 659 relato
1073 627 1107 658 in
1129 632 1207 658 acta
1229 625 1421 656 manumissi
1440 625 1586 664 nomine,

886 678 973 710 liber
994 678 1118 716 sactus,
1138 682 1280 717 accepto
1303 677 1394 716 pileo
1416 675 1585 708 discessit.

891 727 1031 760 Torrent-
1080 728 1243 768 Vindicta]
1267 727 1387 768 Virga.
1410 735 1477 767 qua
1499 735 1586 767 prae-

886 782 940 809 tor
954 787 1088 809 servum
1102 778 1284 809 liberabat.

929 830 970 859 77
996 827 1146 868 Imposita
1172 828 1255 858 haud
1283 826 1441 867 umquam]
1470 826 1585 867 Capiti

886 879 1010 920 saepius
1026 879 1196 919 imposita.
1228 877 1356 918 Priuer]
1375 877 1491 908 Possit
1503 877 1585 908 libe-

889 939 977 962 rare.

929 983 972 1012 78
997 981 1088 1016 Quod
1103 990 1163 1011 mm
1178 978 1291 1020 levius]
1315 978 1415 1012 Quod
1434 978 1586 1020 superio-

889 1030 979 1062 ribus
996 1040 1059 1071 par
1074 1035 1138 1062 est.

930 1084 973 1113 ⁷9
995 1080 1070 1112 Sive
1091 1079 1243 1120 vicarius]
1266 1079 1307 1111 In
1335 1079 1465 1119 magnis
1491 1077 1584 1111 fami·

889 1131 941 1162 liis
960 1131 1016 1162 alii
1033 1130 1107 1162 aliis
1130 1130 1304 1162 honestius
1326 1129 1493 1168 serviunt,
1517 1139 1587 1160 om-

889 1191 949 1212 nes
975 1186 1088 1212 tamen
1119 1180 1210 1211 servi
1232 1179 1414 1211 habentur.
1458 1178 1588 1219 Lepide

890 1231 994 1272 igitur
1009 1231 1136 1268 Davus,
1153 1235 1330 1272 postquam
1352 1230 1469 1261 herum
1485 1229 1587 1261 etiam

889 1291 984 1312 suum
1025 1281 1155 1312 servire
1191 1280 1452 1318 demonstravit,
1490 1284 1590 1320 rogat

889 1341 965 1363 eum
992 1341 1058 1372 quo
1086 1330 1222 1362 nomine
1249 1330 1314 1362 sibi
1342 1329 1589 1371 appellandus:

891 1391 933 1413 an
955 1382 964 1398 ‘
982 1381 1189 1420 conservus,’
1210 1385 1249 1412 nt
1270 1390 1307 1412 se
1330 1385 1448 1411 mutuo
1471 1380 1591 1420 appel·

889 1431 961 1463 lare
985 1431 1186 1462 ordinariam
1215 1435 1420 1471 praestantes
1449 1438 1589 1470 operam

890 1481 1019 1513 solent:
1039 1491 1081 1513 an
1097 1485 1106 1499 ‘
1124 1481 1287 1513 vicarius'
1302 1480 1422 1521 magis,
1435 1481 1483 1512 sic
1499 1481 1589 1512 enim

890 1532 990 1563 alteri
1007 1541 1104 1563 servo
1120 1531 1250 1562 servire
1265 1540 1304 1562 ac
1322 1531 1463 1562 subesse
1474 1531 1590 1570 jussus

890 1581 1090 1620 vocabatur,
1119 1581 1136 1612 ὁ
1161 1581 1220 1611 τοῦ
1245 1579 1367 1612 οἰκέτου
1392 1578 1525 1620 οἰκέτης,
1552 1584 1590 1612 ut

889 1637 986 1664 recte
1016 1633 1121 1663 vertit
1155 1632 1363 1671 Theophilus
1400 1631 1590 1663 Justiniani

889 1681 1145 1712 Institutionum
1162 1681 1333 1720 interpres
1348 1680 1408 1711 lib.
1424 1689 1473 1711 iv.
1514 1681 1591 1712 Tor-

890 1734 974 1762 rent.
1019 1731 1059 1763 Si
1072 1731 1207 1762 vicarius
1220 1734 1280 1770 est,
1296 1730 1365 1771 &sc-'j
1387 1731 1511 1762 Soletis
1531 1741 1589 1762 vos

890 1781 1079 1822 disputare,
1098 1787 1210 1812 utrum
1234 1790 1352 1812 servus
1376 1780 1467 1811 servi
1483 1782 1527 1813 sit
1541 1781 1593 1812 di-

889 1831 1016 1863 cendus
1041 1831 1199 1870 vicarius,
1214 1839 1256 1861 an
1279 1839 1486 1869 conservus3
1513 1841 1590 1862 cum

891 1886 927 1913 tu
944 1882 1049 1922 igitur
1071 1881 1152 1912 mihi
1174 1881 1350 1921 imperites
1374 1885 1407 1910 et
1431 1880 1503 1911 aliis
1519 1889 1589 1911 ser·

892 1932 973 1970 vias,
997 1932 1049 1974 (id
1072 1937 1138 1970 est,
1161 1931 1265 1970 vitiis,
1289 1935 1325 1962 et
1348 1929 1486 1962 furiosae
1513 1931 1590 1962 libi-

889 1982 976 2024 dini)
1006 1982 1105 2024 qnid?
1140 1991 1325 2014 conservus
1353 1991 1395 2012 ne
1426 1991 1496 2012 sum
1527 1991 1591 2022 ego

891 2038 980 2072 tuus,
1009 2043 1051 2064 an
1082 2033 1251 2064 vicarius?
1301 2032 1358 2064 Uti
1385 2042 1451 2063 mos
1484 2032 1592 2063 Vester

888 2084 952 2124 ait]
974 2084 1050 2116 Duo
1065 2083 1216 2122 codices,
1239 2087 1274 2114 ut
1295 2086 1342 2114 est
1358 2093 1435 2114 mos.
1480 2082 1591 2120 Male;

890 2135 975 2166 mori
992 2135 1078 2165 euim
1093 2143 1273 2174 personam
1290 2132 1429 2164 tribuit:
1447 2142 1511 2165 nec
1525 2132 1593 2163 dis-

890 2185 1007 2225 plicet,
1020 2183 1110 2224 quod
1124 2193 1167 2215 ex
1180 2184 1250 2215 suis
1266 2183 1521 2223 exemplaribus
1539 2192 1592 2214 as-

888 2234 996 2266 seruit
1012 2234 1191 2275 Cruquius,
1211 2234 1269 2265 Uti
1290 2243 1356 2265 mos
1375 2233 1486 2265 Vester·
1509 2232 1594 2273 u‘git,

890 2293 952 2324 pro
969 2284 1141 2315 observat.
1171 2283 1314 2314 Torreat.

931 2335 973 2363 82
996 2332 1132 2363 Duceris
1150 2335 1188 2362 ut
1207 2332 1328 2372 nervis]
1351 2332 1510 2363 Traheris
1526 2333 1593 2364 alia

891 2386 1064 2421 potestate
1081 2381 1174 2412 velut
1195 2381 1420 2421 imagunculae
1445 2391 1520 2422 quae
1548 2392 1593 2413 ex

891 2431 981 2470 ligno
1004 2429 1108 2462 factae
1133 2430 1236 2462 certis
1260 2430 1374 2461 nervis
1395 2439 1455 2461 sna
1469 2436 1592 2471 sponte

890 2485 1080 2513 moventur.
1140 2481 1183 2512 Ut
1210 2480 1318 2511 nervis
1345 2480 1456 2511 alienis
1482 2481 1592 2513 mobile

890 2529 1026 2570 lignum]
1061 2530 1172 2562 Recte
1200 2530 1360 2561 Muretus
1391 2535 1428 2561 et
1456 2531 1593 2562 Lambi-

891 2589 954 2611 nus
976 2580 1070 2621 (nam
1093 2580 1191 2611 aliam
1214 2579 1394 2611 lectionem
1410 2580 1468 2621 qui
1492 2590 1534 2612 ex
1555 2590 1592 2613 se

892 2630 1195 2662 comminiscuntur
1210 2628 1337 2660 frustra
1351 2636 1444 2670 snut,
1460 2634 1496 2661 et
1511 2630 1591 2662 doc-

893 2680 1022 2711 tissimo
1046 2679 1164 2711 Potitae
1187 2679 1346 2720 injuriam
1362 2678 1510 2721 faciunt)
1524 2690 1591 2712 non

893 2731 935 2761 ad
966 2729 1135 2761 turbinem
1163 2731 1295 2761 scutica
1323 2730 1502 2771 impulsum
1528 2731 1592 2764 hoc

893 2779 1066 2812 referunt:
1091 2779 1152 2811 sed
1176 2779 1218 2810 ad
1242 2789 1284 2811 ea
1305 2789 1421 2820 opera,
1434 2790 1510 2822 quae
1535 2790 1592 2812 oc-

894 2830 994 2862 cultis
1010 2829 1153 2861 fidiculis
1169 2830 1313 2866 intensa,
1329 2839 1451 2871 perse
1463 2831 1590 2863 moveri
