1916 3262
496 281 703 313 HonA‘ru
738 281 1012 312 cAuMiNtJM
1047 282 1143 311 ms.
1175 282 1207 310 1.
1235 271 1306 313 18.

166 378 236 405 tem
253 376 261 392 ⁸
273 373 416 416 injicere
425 374 434 389 ’
447 373 764 407 Jurecousultorum
777 373 869 404 locu-

167 424 216 455 tio
232 429 295 455 est.
339 424 455 457 Quare
470 428 505 455 et
521 423 703 455 Horatium
719 422 763 454 de
780 423 870 463 Cyro
890 462 894 464 ἡ

165 474 396 515 Tyndaridem
418 483 478 506 suo
495 473 575 514 jure
600 472 798 504 vindicante
822 473 871 504 in·

166 524 446 565 terpretabimur.
481 522 670 555 Passeratii
688 527 802 554 tamen
813 533 872 555 ex-

147 574 321 614 ·plicatio‚
341 584 438 615 quam
464 572 643 604 Lambinus
668 582 872 604 commemo·

166 628 234 663 rat,
251 624 330 655 mihi
345 633 413 655 nou
429 623 602 664 displicet,
627 627 664 653 ut
685 627 871 654 amatorem

168 674 289 706 amicae
316 674 443 706 viribus
469 673 594 713 impari
621 674 711 704 male
735 683 775 704 ac
797 683 872 704 cru-

167 723 294 756 deliter
309 723 452 756 verbera
476 722 680 755 inferentem
701 723 873 764 intelliga-

167 783 256 806 mus.
275 774 420 806 abr-rent.

207 825 251 855 27
278 824 319 854 Ee
333 822 472 863 scindat]
495 823 664 856 Coronam
689 833 706 854 e
723 821 873 860 floribus,

165 873 356 913 cujusmodi
372 875 405 906 in
425 875 592 906 conviviis
610 875 799 907 utebantur
815 885 872 906 an-

165 924 267 965 tiqui.

208 977 251 1006 28
274 974 545 1018 Immo-itumque]
570 978 711 1010 vestem
725 988 801 1019 quae
815 988 873 1019 pa-

167 1034 242 1056 rum
259 1027 462 1059 commeruit
477 1037 498 1059 a
513 1028 604 1068 Cyro
621 1028 816 1060 dilacerari.
836 1032 839 1035 '

167 1072 251 1105 Onu
275 1083 384 1107 xrnr.
419 1076 636 1117 Πραγματική.
683 1076 742 1110 An
755 1080 874 1111 Qum·

210 1131 342 1156 'rit-itm
358 1126 512 1159 Vanum.
558 1128 682 1158 Vinum
699 1128 875 1160 moderate

212 1180 387 1216 sumptum
425 1177 594 1209 exhilarat
641 1178 802 1215 animum,
838 1183 876 1211 at

213 1223 370 1256 haustum
384 1225 622 1268 immoderate,
633 1226 782 1260 furorem
794 1238 875 1260 con-

213 1274 310 1306 citat.

212 1328 228 1356 1
253 1324 353 1358 Sacra
373 1327 453 1368 vite]
483 1327 564 1359 Vite
596 1329 732 1360 Baccho
757 1339 876 1360 conse·

167 1379 276 1406 crata.
320 1376 421 1407 Prius
442 1378 573 1418 severis]
596 1378 717 1409 Potius
743 1379 876 1419 planta·

169 1432 274 1454 veris.

209 1475 230 1504 2
253 1473 338 1505 Mite
351 1474 464 1515 solum]
488 1475 626 1508 Cedens
649 1480 751 1518 atque
775 1476 874 1508 obse·

166 1532 286 1565 quens,
309 1525 399 1566 quod
426 1524 530 1559 facile
552 1536 572 1558 a
594 1526 784 1558 cultoribus
808 1527 873 1558 sibi

166 1573 328 1616 imperari
353 1576 542 1616 permittat.
588 1577 690 1618 Mite]
718 1577 874 1609 Fuudum

166 1623 254 1655 bene
275 1625 463 1662 excultum,
486 1627 539 1658 vel
563 1627 662 1658 mites
685 1637 769 1659 uvas
792 1626 875 1659 effe-

167 1680 312 1708 rentem.
358 1677 501 1718 Tiburis]
523 1678 577 1709 De
594 1688 660 1720 quo
678 1678 756 1710 vide
770 1688 876 1720 supra

168 1725 238 1757 Od.
262 1729 294 1758 7.
342 1727 458 1768 Catili]
485 1729 630 1760 Catilius
666 1727 735 1760 fuit
765 1729 876 1761 frater

165 1774 328 1816 Tyburis‚
350 1785 372 1807 a
386 1786 454 1817 quo
478 1778 653 1808 conditum
677 1782 729 1809 est
745 1778 877 1819 Tybur.

168 1824 279 1856 Poeta
301 1825 409 1865 igitur
431 1835 495 1856 sua
518 1826 626 1857 utitur
650 1827 803 1866 licentia,
818 1836 876 1867 po-

169 1885 255 1908 nens
268 1875 411 1908 fratrem
428 1886 490 1917 pro
506 1876 627 1909 fratre.
675 1878 789 1918 Catili]
806 1879 877 1910 Pro

171 1926 301 1966 Catilli,
312 1925 678 1968 quiAmphiaraitilius
695 1926 760 1958 fuit
774 1939 783 1959 :
801 1932 879 1968 post

170 1975 396 2017 prodigialem
421 1977 514 2008 illam
532 1977 638 2018 patris
653 1986 786 2021 necem,
800 1988 877 2010 cum

171 2025 336 2057 Euandro
360 2026 394 2057 in
419 2025 556 2058 Italiam
578 2027 686 2066 venit,
702 2032 807 2070 atque
831 2029 878 2060 ibi

168 2074 360 2116 Tiburtum,
386 2075 522 2116 Coram,
545 2081 582 2108 et
603 2078 764 2110 Catillum
790 2077 877 2111 filios

169 2124 377 2164 procreavit,
403 2125 461 2166 qui
490 2135 560 2157 uua
584 2126 690 2158 Tibur
714 2127 878 2160 condide-

169 2178 260 2211 runt,
286 2184 327 2206 ac
348 2173 466 2207 fratris
493 2175 630 2208 Tiburti
655 2177 791 2210 nomine
819 2188 878 2220 ap-

169 2223 352 2265 pellarunt.
379 2224 471 2256 Torr.
496 2226 594 2257 Turn.
610 2235 690 2258 xxi.
705 2230 737 2260 3.

177 2303 179 2306 ,
213 2277 234 2306 8
256 2273 358 2306 Siccis
371 2275 491 2317 omnia]
518 2277 566 2307 lis
590 2277 648 2318 qui
665 2277 770 2310 sobrii
787 2284 879 2320 sunt,

171 2334 211 2357 ac
236 2325 337 2357 nimis
362 2326 488 2366 severi,
504 2332 540 2358 et
557 2327 643 2362 vino,
662 2336 878 2370 nequaquam

173 2374 318 2407 madidi.

215 2426 236 2455 4
258 2425 440 2465 Mor-daces]
465 2425 598 2458 Edaces
613 2436 719 2459 curae.

217 2476 236 2504 5
262 2474 342 2509 Quis
361 2475 448 2514 post]
472 2475 556 2508 Quis
573 2475 659 2508 bene
676 2483 779 2518 potus
806 2488 879 2511 cre-

176 2526 252 2563 pat,
275 2522 310 2553 id
328 2527 396 2562 est,
418 2529 672 2562 commemorat,
690 2528 744 2558 vel
768 2529 881 2569 queri-

178 2577 235 2605 tur
249 2571 408 2604 militiam
425 2581 504 2603 esse
521 2582 592 2605 rem
609 2584 749 2615 gravem
763 2578 775 2608 ?
804 2579 882 2610 Cre-

173 2621 246 2663 put]
269 2621 367 2653 Inter
384 2622 451 2653 alia
476 2622 659 2663 siguificat,
674 2626 821 2658 eundem
837 2628 881 2659 de

178 2681 217 2703 re
232 2671 345 2712 aliqua
359 2681 550 2703 sermonem
567 2674 690 2712 saepius
710 2682 883 2717 repetere,

177 2731 243 2753 nec
260 2721 446 2763 quaerendo
472 2727 617 2761 tantum,
632 2722 692 2754 sed
715 2725 883 2759 laudando

178 2772 280 2804 etiam
295 2781 303 2802 :
328 2780 404 2802 cum
417 2771 499 2802 nihil
514 2771 605 2802 aliud
622 2773 681 2813 sit,
693 2782 794 2814 quam
809 2785 882 2808 cre-

178 2820 276 2854 brum
289 2829 480 2855 sermonem
495 2830 674 2864 usurpare,
686 2827 723 2856 et
738 2824 780 2857 ad
798 2825 883 2859 Bac·

1509 274 1623 316 1369

919 374 1020 405 chum
1059 378 1095 405 et
1134 374 1302 406 Venerem
1342 373 1466 405 referri
1503 376 1622 409 debet.

921 424 1067 455 Tor-rent.

943 501 946 504 .
962 476 983 506 6
1008 473 1103 515 Quis]
1126 474 1211 507 Quis
1229 483 1295 505 non
1313 478 1347 506 te
1363 473 1490 514 potius,
1504 483 1524 505 o
1537 474 1627 506 Bac-

921 524 997 564 che,
1013 528 1134 566 crepat
1148 530 1184 556 et
1200 524 1391 565 praedicat?

963 578 983 606 7
1009 576 1061 606 Ne
1082 575 1167 616 quis]
1190 575 1246 607 Ne
1272 576 1347 616 quis
1370 584 1475 616 supra
1490 573 1626 605 modum

921 624 1029 658 bibat.
1061 625 1198 665 Modici]
1222 625 1302 656 Vini
1319 625 1495 656 moderate
1514 624 1628 655 bibiti.

921 675 1092 707 Transiliot
1122 675 1266 716 munera]
1309 676 1535 706 Verissimum
1564 681 1628 710 est,

922 725 1013 768 quod
1044 725 1089 757 de
1118 726 1199 757 Vini
1226 730 1351 757 natura
1382 726 1477 756 Plin.
1507 725 1629 756 scribit

923 785 1004 808 xiv.
1029 780 1061 808 5.
1087 785 1199 818 neque
1224 776 1352 807 viribus
1378 774 1536 816 corporis
1564 776 1628 806 uti-

922 826 987 858 lius
1012 826 1119 865 aliud,
1143 836 1255 867 neque
1280 825 1372 857 aliud
1397 825 1630 866 pernitiosius,

922 877 950 909 si
972 877 1092 909 modus
1115 877 1217 909 absit.
1263 877 1394 908 Mun-et.
1423 876 1506 907 Var.
1535 876 1633 907 Lect.

924 937 976 959 vr.
994 930 1046 960 12.
1062 927 1153 968 Aug.
1172 927 1333 958 Politian.
1352 926 1500 958 Miscell.
1515 935 1545 957 c.
1562 928 1618 956 61.

926 1004 929 1006 .
966 980 987 1009 8
1010 977 1173 1019 Lapithis]
1202 978 1396 1009 Centaurea
1426 977 1502 1008 rixa
1527 985 1632 1017 super

923 1037 1017 1060 mero
1033 1029 1207 1060 debellata
1224 1038 1301 1060 cum
1325 1028 1479 1069 Lapithis
1500 1032 1634 1067 mouet,

923 1081 989 1111 &c.
1004 1079 1039 1111 id
1064 1084 1128 1118 est,
1142 1088 1254 1120 pugna
1270 1089 1288 1109 a
1306 1078 1491 1111 Centauris
1513 1077 1633 1109 habita

924 1138 1000 1161 cum
1017 1129 1181 1169 Lapithis,
1198 1128 1278 1159 inde
1295 1133 1429 1167 exorta,
1442 1127 1530 1168 quod
1544 1127 1633 1159 Cen-

925 1179 1014 1210 tauri
1030 1179 1119 1209 inter
1141 1178 1260 1219 epulas
1284 1178 1440 1210 Perithoi
1461 1177 1634 1218 nuptiales

925 1229 1001 1269 plus
1018 1228 1155 1259 nimium
1180 1228 1252 1269 poti
1275 1228 1499 1269 Lapitharum
1520 1227 1637 1259 uxori·

926 1278 986 1309 bue
1011 1278 1078 1310 vim
1108 1277 1237 1310 inferre
1263 1283 1481 1310 conarentur.
1525 1278 1634 1319 Rixa]

923 1329 1072 1360 Veteres
1095 1329 1145 1360 ita
1161 1329 1224 1364 usi,
1241 1334 1278 1359 ut
1295 1338 1363 1359 non
1382 1334 1452 1360 tam
1470 1329 1636 1369 jurgium,

924 1387 1024 1419 quam
1041 1388 1084 1409 ex
1097 1378 1215 1418 jurgio
1233 1387 1398 1418 pugnam,
1413 1378 1511 1409 Rixoe
1530 1378 1634 1409 verbo

923 1428 1168 1468 significarent,
1180 1427 1374 1468 praesertini
1384 1428 1634 1460 Jurisconsulti

923 1479 1044 1511 nostri.
1083 1476 1201 1519 Super]
1225 1477 1312 1509 Post
1328 1478 1548 1510 ebrietatem.
1568 1477 1633 1510 Su-

920 1538 978 1569 per
999 1527 1098 1568 mero]
1121 1528 1192 1559 Pro
1209 1528 1242 1559 in
1267 1527 1437 1563 convivio,
1454 1528 1524 1559 sive
1541 1527 1635 1559 inter

925 1579 1005 1611 vina
1020 1579 1125 1611 dixit:
1151 1583 1190 1610 ut
1202 1582 1239 1610 et
1255 1577 1264 1595 ‘
1277 1588 1381 1619 super
1397 1581 1552 1618 coenam:
1572 1587 1635 1620 pro

925 1629 1018 1662 iuter
1033 1629 1247 1661 coenandum.

969 1683 991 1711 9
1012 1678 1196 1718 Debeuata]
1223 1679 1438 1720 Simpliciter
1461 1689 1524 1720 pro
1550 1689 1637 1720 pug-

925 1735 1010 1762 nata
1030 1740 1070 1762 ac
1087 1730 1267 1762 commissa
1283 1730 1386 1770 dixit,
1401 1739 1478 1761 cum
1494 1732 1503 1748 ‘
1519 1730 1639 1761 debel-

927 1778 1020 1810 lare'
1048 1779 1211 1811 bellando
1241 1779 1378 1810 vincere
1405 1779 1462 1811 sit.
1487 1780 1636 1811 Torrent-

928 1827 1110 1868 Debellata]
1135 1829 1223 1859 Rixa
1239 1828 1342 1859 armis
1357 1828 1556 1870 dijudicata.
1580 1829 1637 1861 Si·

928 1877 1062 1918 litaniis]
1084 1877 1272 1909 Thracibus
1298 1887 1366 1909 non
1394 1879 1496 1919 levis,
1513 1878 1549 1910 id
1572 1883 1637 1915 est,

929 1927 1036 1959 iratus
1059 1927 1216 1959 Bacchus
1241 1927 1355 1959 dictus
1379 1929 1497 1967 Evius,
1516 1939 1536 1961 a
1552 1939 1637 1961 voce

929 1977 1173 2009 Bacchautium
1200 1977 1274 2008 εὐοῖ.
1322 1978 1397 2010 Non
1427 1979 1520 2020 levis]
1557 1980 1637 2012 Non

930 2026 974 2058 ad
995 2026 1146 2068 Lycurgi
1161 2026 1306 2058 Thracis
1322 2028 1467 2060 exitium
1484 2029 1638 2062 referen-

929 2075 1025 2116 dum,
1046 2085 1146 2117 quem
1172 2086 1242 2108 non
1258 2077 1458 2119 vinolentia,
1469 2079 1531 2110 sed
1555 2089 1638 2111 con-

928 2130 1079 2167 temptus
1103 2125 1252 2157 numinis
1277 2127 1442 2167 perdidit,
1459 2138 1577 2160 verum
1592 2129 1636 2160 ad

930 2176 1130 2208 turbulenta
1153 2177 1263 2217 gentis
1281 2178 1386 2209 totius
1406 2179 1578 2218 convivia,
1594 2179 1638 2211 de

929 2227 1052 2269 quibus
1077 2237 1155 2259 mox
1179 2228 1248 2260 011.
1270 2231 1325 2260 27.
1352 2229 1497 2262 Torreat.
1520 2230 1639 2271 Euius]

930 2279 1000 2310 Cur
1016 2279 1065 2311 ita
1080 2279 1204 2316 dictus,
1218 2279 1387 2312 incertum
1404 2287 1468 2312 est.
1505 2282 1638 2314 Proba-

931 2329 1031 2361 bilior
1043 2330 1175 2361 illorum
1189 2331 1376 2371 sententia,
1388 2332 1445 2373 qui
1457 2332 1506 2363 sic
1518 2333 1638 2373 appel-

931 2380 1036 2411 latum
1068 2380 1277 2420 existimant,
1307 2381 1414 2422 quod,
1438 2391 1516 2413 cum
1547 2382 1638 2412 bello

931 2429 1118 2469 Gigantaeo
1142 2435 1282 2461 strenue
1303 2430 1484 2462 admodum
1505 2441 1541 2462 se
1565 2440 1639 2471 ges-

931 2480 1044 2519 sisset,
1058 2480 1198 2520 Jupiter
1213 2490 1289 2511 eum
1312 2480 1526 2520 cassaudaus,
1541 2479 1576 2511 εὖ
1591 2479 1637 2511 υἱὲ

930 2528 1032 2560 dixit.
1049 2529 1148 2560 Idem.

977 2579 1017 2607 10
1042 2577 1145 2613 Quum
1161 2577 1233 2618 fas]
1255 2578 1368 2610 Quum
1392 2578 1524 2609 licitum
1547 2584 1584 2610 et
1599 2580 1640 2611 il-

932 2627 1062 2659 licitum
1093 2627 1308 2667 distinguunt
1336 2627 1461 2667 exiguo
1490 2628 1576 2668 fine,
1603 2630 1638 2662 id

932 2683 998 2714 est,
1011 2677 1104 2710 nullo
1117 2677 1324 2708 discrimine.
1372 2677 1459 2708 Nam
1470 2678 1555 2710 ebrii
1565 2680 1639 2710 exi-

933 2736 1032 2768 guam
1057 2724 1289 2757 differentiam
1313 2734 1391 2758 esse
1405 2727 1524 2759 volunt
1546 2728 1638 2761 iuter

934 2784 1036 2818 turpe
1052 2781 1087 2807 et
1101 2774 1295 2808 honestum.

977 2829 1016 2859 ll
1039 2826 1153 2868 Avidi]
1178 2826 1300 2868 Cupidi
1316 2826 1359 2859 ad
1375 2826 1580 2873 explendam
1600 2829 1639 2861 li·
