1916 3262
322 286 433 334 1370

324 388 485 420 bidinem.
529 389 680 430 Candide]
703 389 734 421 Ο
753 389 838 421 bone
853 389 1004 422 Bacche!

323 438 379 478 qni
393 438 574 470 Bassareus
591 443 643 470 est
661 440 851 479 appellatus
872 450 892 471 a
906 440 1007 471 vestis

322 495 455 526 genere,
465 496 531 528 qua
545 487 752 528 Bassaridas,
765 489 889 520 Bacchi
901 497 1008 519 sacer-

322 535 417 566 dotes
433 536 669 568 induebantur.
701 537 870 577 Bassareu]
894 537 1007 569 Graeci

322 585 450 621 dicunt,
478 595 542 616 non
569 586 739 617 Bacchum
768 586 865 618 modo
895 587 1007 617 vocari

323 633 334 651 ‘
348 634 535 673 Bassareu:
549 643 608 673 pro
624 643 691 675 quo
707 633 717 651 ‘
733 634 916 666 Bassareus
929 634 938 648 '
956 634 1007 665 di-

321 691 399 712 cere
415 682 532 712 maluit
548 682 722 722 Horatius,
733 682 792 712 sed
809 687 844 714 et
859 683 1007 714 Bacchas

320 730 330 747 ⁸
347 729 508 760 Bassaras
519 728 528 742 ’
545 734 581 760 et
604 728 614 746 ‘
631 729 846 766 Bassaridas‚'
864 730 964 771 idque
987 740 1007 761 a

321 783 414 810 certo
429 788 487 810 sen
508 779 737 814 calceamenti,
752 789 809 810 seu
825 780 928 811 vestis
951 789 1007 820 ge-

321 836 413 863 nere,
451 837 526 858 cum
553 828 696 868 vulpinis
727 829 881 868 pellibus,
917 828 1006 869 quod

321 875 481 910 Bassoroi,
497 875 778 916 Bwodpaae,dictae
802 882 880 908 sunt
905 878 1005 908 etiam

321 923 489 955 ἀλώπεκες.
532 925 605 964 Ego
626 930 737 955 tamen
754 930 882 956 vestem
905 924 1006 956 fnisse

320 973 442 1004 malim.
486 972 553 1004 Alii
565 973 625 1004 ἀπὸ
637 974 694 1004 τοῦ
707 972 827 1014 βάζειν,
840 984 899 1015 pro
914 974 1006 1014 βοᾷν,

318 1025 328 1040 ‘
344 1024 521 1055 Bassarum
534 1024 542 1037 '
566 1030 623 1056 ant
649 1026 658 1042 ‘
670 1025 833 1056 Basarum
846 1028 854 1042 ’
878 1025 1007 1057 dictum

321 1073 446 1103 volunt.
467 1073 605 1104 Torreat.

363 1123 403 1151 12
427 1121 577 1161 lut-itum]
602 1122 696 1151 Tunc
718 1122 868 1152 homines
888 1122 1009 1154 bibunt

319 1169 455 1200 Baccho
467 1169 584 1210 invito,
597 1179 697 1210 quum
713 1170 833 1202 blbunt
845 1180 950 1212 nsque
965 1171 1008 1202 ad

319 1217 531 1250 ebrietatem.
576 1218 713 1250 Invitum
740 1220 892 1261 quatiam]
917 1220 1007 1252 Ante

318 1267 495 1298 candidum
513 1268 660 1308 vocavit,
675 1273 828 1309 apertum
845 1279 884 1301 ac
900 1269 1008 1301 since-

319 1325 405 1356 rum,
417 1318 522 1356 qualis
539 1326 657 1348 revera
669 1327 739 1348 esse
751 1317 910 1349 creditur.
933 1319 1007 1349 Cae-

319 1370 428 1396 terum
448 1366 527 1406 quia
541 1365 802 1405 intemperantia
818 1366 1007 1401 lacessitus,

319 1423 391 1445 eam
415 1414 624 1445 severissime
648 1414 754 1453 punit,
776 1418 878 1454 negat
899 1414 1008 1445 Poeta

317 1472 353 1494 se
388 1462 592 1494 iracundiam
626 1463 699 1504 ejus
737 1467 1007 1504 provocaturum.

316 1511 330 1531 ⁴
346 1512 494 1545 Quatere
506 1511 514 1525 '
527 1512 615 1542 enim
634 1521 769 1543 movere
784 1517 819 1543 et
831 1513 1005 1552 exagitare

318 1560 497 1601 significat.
526 1561 666 1592 Torrent.
704 1560 1004 1600 Obsitusrondibus]

319 1610 450 1650 Operta
485 1616 586 1651 atque
622 1611 770 1642 obducta
809 1610 1004 1643 frondibus:

316 1658 394 1688 hinc
407 1659 416 1675 ‘
427 1660 568 1698 mystica
580 1669 706 1690 vannus
720 1659 860 1691 Iacchi!
904 1660 1005 1691 Pam—

317 1706 406 1746 pinis
426 1712 538 1738 autem
556 1709 607 1738 vel
622 1708 748 1739 hedera
761 1709 857 1740 cistae
873 1709 940 1740 illae
955 1714 1006 1740 te-

317 1755 494 1795 gebantur,
512 1765 591 1797 quas
603 1757 832 1796 commovisse,
847 1758 930 1788 nulli
945 1758 1005 1788 lm-

317 1812 406 1843 pnne
428 1805 542 1835 cessit.
586 1805 663 1838 Quo
688 1805 803 1836 Plauti
830 1806 922 1838 locus
948 1806 1006 1838 ille

318 1857 474 1892 spectat:
497 1854 507 1871 ⁴
523 1853 596 1884 Scis
611 1853 668 1884 nbi
684 1863 759 1885 mea
774 1854 939 1886 commovi
954 1864 1006 1886 sa·

316 1910 385 1940 cra,
422 1911 504 1942 quas
541 1902 703 1934 turbellas
739 1903 864 1935 soleam
900 1903 1006 1936 dare.'

317 1950 414 1982 Idem.
433 1951 566 1982 Turneb.
578 1960 654 1983 xxi.
669 1955 722 1983 21.

361 2002 399 2030 13
423 2000 488 2031 Sub
511 2001 629 2040 divum]
666 2001 740 2031 Nec
757 2001 937 2041 divulgabo
953 2011 1006 2032 ar-

316 2057 402 2079 cana
416 2052 474 2079 tua
489 2049 602 2079 multis
625 2050 788 2088 pampinis
811 2054 945 2090 operta,
969 2050 1004 2081 id

316 2101 381 2135 est,
395 2106 459 2126 non
476 2095 643 2136 proferam
660 2098 693 2128 in
709 2098 816 2128 lucem
829 2107 884 2128 res
895 2107 1005 2129 secre-

315 2151 367 2178 tas
383 2156 466 2177 meae
479 2146 557 2177 fidei
572 2147 774 2179 commissas.
817 2147 908 2178 Soevu
920 2147 1004 2186 tene]

315 2195 505 2235 Comprime
521 2200 680 2235 tympana
695 2199 730 2225 et
746 2204 871 2226 cornua
887 2199 955 2236 tua,
970 2196 1004 2226 id

316 2248 380 2284 est,
396 2244 539 2284 reprime
554 2243 768 2283 ebrietatem,
791 2245 1004 2285 quemadmo-

315 2293 392 2324 dum
409 2297 477 2323 tuae
504 2290 762 2324 sacerdotes'ad
787 2292 934 2325 furorem
949 2303 1004 2324 ac-

316 2341 518 2381 cenduntur,
548 2345 710 2381 tympano
736 2346 795 2373 tuo
825 2341 940 2373 audito
968 2346 1005 2374 et

314 2399 418 2421 cornu
434 2389 674 2430 Berecynthio,
687 2389 720 2421 id
737 2395 801 2431 est,
816 2391 979 2431 Phrygio.

357 2441 396 2469 14
423 2439 526 2470 Cornu
547 2437 707 2478 tympana]
734 2439 780 2469 Et
797 2448 918 2479 magna
933 2439 1005 2480 qui-

315 2487 392 2519 dem
408 2496 577 2518 sacrorum
594 2486 738 2518 omnium
751 2487 908 2527 cognatio
920 2491 1007 2526 erat,

314 2536 374 2568 sed
390 2536 564 2577 praecipue
581 2535 697 2567 matris
713 2536 839 2574 Deum,
862 2545 902 2567 ac
917 2537 1006 2568 Bac-

316 2586 380 2625 chi,
402 2585 490 2627 quod
514 2585 638 2617 Catulli
662 2585 704 2616 de
725 2584 845 2616 Attide
869 2595 1004 2617 carmen

315 2635 495 2666 manifeste
511 2635 670 2667 ostendit.
711 2635 803 2676 Quoe]
818 2636 902 2669 Quae
919 2639 1004 2676 tym-

316 2692 413 2723 pana,
427 2683 459 2713 id
473 2689 536 2723 est,
549 2693 648 2725 quam
661 2683 875 2716 ebrietatem.
909 2684 1005 2716 Amor

314 2733 378 2773 sui]
414 2733 572 2772 Φιλαυτία,
600 2734 792 2774 arrogantia
817 2740 853 2766 et
882 2735 1003 2775 linguae

314 2782 655 2823 incontinentia,sunt
667 2788 736 2815 tres
748 2784 886 2816 comites
897 2784 1004 2816 ebrie-

769 298 907 329 NOTAE
940 298 1201 330 VARIORUM
1233 298 1283 328 m

1058 390 1148 422 tatis.

1098 440 1136 469 15
1164 438 1314 478 vacuum]
1349 439 1460 479 Caput
1488 438 1559 470 sine
1585 437 1738 479 cerebro,

1055 486 1089 517 id
1105 491 1170 526 est,
1186 487 1256 519 sine
1272 487 1461 527 prudentia.

1097 538 1137 566 16
1159 536 1313 577 Prodigo]
1343 537 1444 567 Fides
1460 535 1565 567 effusa
1579 535 1612 567 in
1628 545 1740 567 secre-

1055 583 1099 615 tis
1114 584 1304 625 prodendis,
1328 586 1438 616 omnia
1457 585 1595 616 consilia
1609 584 1740 615 nudans

1057 632 1160 663 veluti
1176 633 1308 670 vitrum,
1323 633 1410 674 quod
1426 634 1508 664 nihil
1525 633 1685 664 occultat.

1055 681 1136 713 One
1148 689 1224 712 x1x.
1239 682 1393 723 Ἐρωτική.
1416 684 1470 715 ΒΕ
1481 683 1670 715 eneam.
1691 682 1736 713 Se

1097 731 1253 771 Glycerae
1265 742 1376 764 amore
1391 735 1438 765 ita
1453 735 1502 764 uri
1518 733 1613 772 dicit,
1623 737 1662 764 ut
1672 740 1739 763 non

1096 780 1195 819 bella,
1217 781 1276 812 sed
1298 791 1426 814 amores
1444 787 1574 814 tantum
1590 781 1738 813 scribere

1097 828 1214 868 possit.

1097 879 1114 907 l
1129 877 1236 908 Mater
1248 878 1343 919 soeva]
1364 879 1462 912 Quod
1478 880 1570 911 miris
1585 879 1688 911 modis
1704 880 1737 910 in

1055 926 1222 958 amoribus
1243 929 1434 959 crucientur
1451 934 1613 960 amantes.
1641 929 1738 968 (ἔνιαι.

1054 975 1176 1015 Mater]
1216 977 1341 1013 Venus,
1373 977 1518 1009 erudelis
1548 982 1654 1009 mater
1685 983 1738 1009 est

1054 1025 1234 1055 multorum
1248 1023 1439 1066 affectuum,
1463 1027 1520 1067 qui
1533 1035 1617 1061 ream
1638 1025 1739 1058 comi-

1057 1077 1180 1105 tantur.

1097 1124 1117 1152 2
1136 1121 1356 1163 Thebarumque]
1380 1123 1532 1154 Bacchus
1549 1122 1606 1163 qui
1620 1122 1741 1154 colitm·

1055 1170 1191 1202 Thebis.
1235 1171 1337 1212 Puer]
1358 1172 1507 1203 Semeles
1521 1171 1621 1202 filins.

1098 1222 1118 1250 3
1141 1219 1300 1260 Licentia]
1330 1219 1447 1252 Otium
1473 1220 1561 1262 quod
1584 1220 1619 1252 in
1644 1220 1740 1252 lasci-

1055 1268 1141 1300 viam
1157 1279 1290 1310 semper
1303 1270 1492 1302 resolvitur.

1096 1320 1116 1348 4
1139 1318 1257 1349 Finitis
1269 1319 1420 1359 animum]
1451 1318 1624 1358 Densius,
1638 1319 1740 1351 certis

1055 1370 1090 1397 et
1106 1367 1349 1398 constantibus.
1371 1368 1459 1407 quod
1475 1368 1568 1406 dicit,
1583 1368 1739 1408 Glycerae

1054 1415 1088 1446 in
1119 1424 1264 1446 amorem
1292 1416 1343 1447 sui
1380 1417 1569 1456 pelliciendi
1607 1417 1739 1456 gratia;

1056 1463 1142 1504 qnod
1159 1465 1190 1495 ei
1205 1465 1332 1504 gratius
1359 1464 1391 1495 id
1417 1463 1490 1496 fore
1513 1464 1739 1496 intellexerat.

1058 1514 1154 1554 Cruq.
1208 1513 1241 1544 F
1239 1514 1328 1545 initis
1341 1514 1475 1545 animum
1489 1514 1614 1545 reddere
1627 1513 1741 1544 omori-

1055 1562 1124 1602 bus]
1145 1561 1197 1593 Ad
1212 1571 1339 1594 amores
1351 1563 1519 1594 extinctos
1528 1563 1672 1593 animum
1689 1569 1740 1592 re-

1055 1610 1191 1642 ducere.

1097 1663 1115 1690 6
1145 1660 1218 1691 Urit
1242 1660 1305 1700 me]
1336 1659 1494 1691 Incendit
1516 1669 1570 1691 me
1585 1659 1740 1700 Glycerae

1056 1709 1281 1750 pulchritudo.
1302 1708 1433 1740 Tur-neb.
1451 1717 1532 1740 xxi.
1547 1711 1600 1740 21.

1097 1759 1118 1788 6
1140 1757 1349 1797 Splendentis]
1384 1757 1468 1789 Quae
1491 1757 1646 1797 splendet
1673 1759 1741 1790 cla-

1058 1805 1125 1836 rius
1144 1815 1309 1836 marmore
1331 1805 1580 1846 candidissimo,
1604 1806 1693 1848 quod
1707 1807 1740 1838 iu

1057 1856 1174 1887 Insula
1188 1855 1277 1886 Paro
1291 1853 1459 1886 effoditur.

1106 1907 1126 1936 7
1149 1903 1360 1943 Protervitas]
1393 1903 1588 1935 Petulantia
1613 1902 1666 1935 vel
1690 1903 1742 1935 ira

1055 1952 1148 1992 ficta,
1169 1963 1244 1994 quae
1264 1953 1298 1983 in
1320 1952 1435 1993 puella
1448 1952 1575 1992 gratior
1588 1956 1639 1983 est
1653 1961 1743 1983 ama-

1056 2002 1198 2041 toribus,
1221 2010 1318 2042 quam
1335 2001 1529 2041 obsequela,
1547 2000 1669 2040 pudor,
1683 2004 1743 2032 aut

1055 2050 1281 2081 taciturnitas.

1095 2101 1116 2128 8
1137 2096 1300 2136 Dubricus]
1325 2096 1444 2126 Vultus
1457 2095 1607 2126 lubricus
1622 2104 1741 2136 aspec-

1055 2151 1109 2178 tu:
1133 2147 1144 2164 ‘
1158 2147 1205 2177 Ut
1221 2145 1301 2184 vidi,
1315 2149 1354 2176 ut
1373 2144 1470 2184 perii,
1496 2148 1532 2174 nt
1558 2152 1611 2174 me
1634 2144 1740 2175 malus

1055 2195 1195 2227 abstulit
1210 2193 1333 2225 error!’
1356 2203 1430 2224 nam
1447 2193 1552 2224 veluti
1573 2193 1606 2224 in
1624 2193 1678 2224 via
1688 2193 1737 2224 lu-

1054 2245 1146 2276 brica
1161 2243 1297 2274 difficile
1313 2247 1366 2274 est
1387 2243 1459 2274 sine
1483 2251 1561 2273 casu
1585 2243 1637 2274 vel
1663 2250 1738 2282 pro·

1054 2293 1204 2333 lapsione
1221 2293 1385 2327 insistere,
1400 2291 1484 2322 adeo
1498 2295 1590 2322 certe
1605 2294 1659 2322 est
1674 2290 1740 2322 dif-

1054 2341 1142 2374 ficile
1168 2341 1326 2381 Glycerae
1351 2340 1563 2380 splendorem
1588 2340 1740 2380 aspicere

1054 2396 1090 2423 et
1104 2391 1314 2430 complexum
1328 2389 1401 2429 ejus
1417 2398 1482 2419 non
1496 2393 1672 2429 expetere.

1095 2443 1116 2471 9
1147 2440 1224 2471 Tota
1251 2437 1357 2477 ruens]
1391 2438 1494 2468 'rotas
1523 2437 1611 2469 vires
1635 2435 1741 2471 effun-

1054 2488 1150 2520 dens.

1098 2541 1137 2568 10
1170 2537 1303 2577 Cyprum
1328 2536 1478 2576 deseruit]
1512 2536 1655 2577 Egregie
1681 2536 1740 2568 ob-

1054 2596 1179 2618 sessum
1195 2595 1231 2616 se
1248 2594 1361 2616 amore
1377 2585 1556 2616 describit:
1574 2585 1739 2626 siquidem

1053 2637 1167 2666 Venus
1181 2635 1297 2665 relicta
1314 2635 1419 2665 insula
1433 2634 1493 2665 sibi
1507 2635 1606 2674 longe
1621 2634 1741 2674 gratis-

1054 2686 1146 2723 sima,
1169 2690 1242 2715 tota
1267 2684 1300 2714 in
1319 2684 1426 2724 ipsum
1442 2683 1630 2724 proruebat.
1673 2683 1737 2714 Ps-

1055 2735 1138 2775 phus
1165 2739 1277 2764 autem
1300 2738 1336 2763 et
1362 2732 1523 2764 Amathus
1547 2737 1582 2764 et
1605 2730 1734 2763 Idalion

1054 2783 1158 2824 Cypri
1170 2781 1294 2823 oppida
1305 2780 1410 2813 fuere.
1429 2781 1565 2812 Torreat.
1588 2779 1736 2820 Cyprum]
