1982 3230
0 270 10 310 Γ
576 293 939 326 ΕΡιειτοιΑιωΜ.
967 294 1060 326 [ΑΒ.
1094 295 1124 326 1.
1155 286 1224 328 17.
1523 290 1636 332 1173

0 400 6 436 ‚s
181 389 287 431 Hoc
307 389 464 432 sentit:
497 388 691 443 Moriar3
723 402 840 431 mors
859 389 1013 432 ultima
1032 390 1151 432 linea
1169 404 1314 433 rerum
1334 397 1414 434 est.

180 507 264 529 mum
275 497 406 539 cupiam.
450 497 553 534 ,Credo
568 507 625 537 ego
636 497 725 530 illum
739 498 786 529 ita
800 498 936 531 semire:
951 498 1079 530 Moriar
1088 511 1098 531 .·
1119 510 1201 532 more
1214 510 1318 532 rerum
1332 501 1469 534 omnium
1481 502 1564 544 finis
1578 507 1636 535 est.

787 585 865 596 em

1003 585 1022 596 ο

180 639 279 671 Harl.
292 640 327 670 4.
344 648 494 680 unusque
511 638 708 675 Pulmanni‚
723 640 818 673 volet.
832 640 914 672 Vat.
930 642 962 671 9.
977 640 1177 671 solvat—79
1201 640 1270 672 Non
1285 640 1380 672 sentit
1395 641 1475 674 Vnt.
1491 645 1522 674 5.
1554 642 1637 673 Hoec

177 682 274 714 sentit
288 682 457 714 aliieodd.
473 691 528 722 ap.
545 682 659 713 Feam.
673 692 788 720 rerum,
803 684 875 715 sine
885 685 946 723 est,
959 683 1040 714 Vet.
1057 682 1157 714 Rom.
1174 685 1205 716 8.

838 767 981 801 NOTAE

220 834 263 864 79
279 832 369 863 Mors
383 831 493 863 ultima
508 831 591 863 linea
605 841 710 863 rerum
725 831 787 872 est]
803 833 878 863 Me·
933 833 942 849 ‘
959 832 1107 863 omnium
1133 842 1221 863 mors
1242 837 1295 863 est
1316 833 1533 865 extremum.’
1570 834 1638 865 De-

178 883 271 924 taph.
291 883 345 914 vel
360 892 380 913 a
398 883 551 923 Pictura,
567 884 619 914 vel
633 883 877 916 aGeumetria:
932 883 1052 914 mostli.
1075 883 1164 915 Tull.
1488 883 1490 885 ’

654 1049 967 1092 EPISTOLA
997 1050 1165 1092 XVII.

746 1155 814 1184 An
848 1152 1075 1184 ScAEvAM.

173 1227 301 1261 Modus
328 1229 545 1270 promerendi
572 1234 744 1271 potentes.
793 1231 871 1263 Non
897 1241 972 1262 esse
1003 1231 1240 1263 seui-randum.
1263 1231 1367 1263 Buri.
1414 1229 1575 1262 Modeste
1599 1239 1637 1261 ac

220 1281 407 1322 prudenter
433 1281 546 1322 docet,
570 1283 742 1324 quomodo
767 1283 887 1315 Scaeva
910 1283 1110 1315 adolescens
1143 1284 1396 1324 potentioribus
1421 1283 1469 1314 uti
1499 1283 1638 1314 debeat.

219 1335 254 1380 §i
269 1335 299 1366 ei
317 1335 388 1367 vita
403 1335 513 1367 otiosa
529 1337 664 1376 placeat
680 1341 716 1368 et
733 1337 864 1368 urbana
880 1337 1076 1377 displiceat,
1092 1337 1308 1376 migrandum
1325 1346 1399 1367 esse
1416 1336 1638 1367 Ferentinum

217 1388 293 1430 (ubi
310 1387 462 1420 fortassis
478 1388 644 1428 praedium
661 1389 778 1420 habuit
794 1389 935 1430 Scaeva)
950 1400 958 1428 ;
981 1390 1033 1421 sin
1050 1390 1117 1421 suis
1132 1389 1266 1431 sibique
1281 1389 1346 1430 ipsi
1364 1389 1526 1430 prodesse
1543 1389 1640 1427 velit,

216 1441 375 1483 exemplo
391 1441 560 1483 Aristippi
580 1442 772 1483 philosophi
785 1442 968 1474 amicitiam
981 1442 1172 1484 potentium
1189 1443 1335 1474 virorum
1351 1452 1423 1474 esse
1439 1452 1640 1483 comparau-

215 1494 305 1527 dnm.
354 1495 430 1527 Hoc
445 1496 534 1527 enim
557 1496 635 1527 vitae
653 1496 847 1528 institutum
871 1506 937 1528 non
960 1497 1108 1528 alienum
1126 1507 1200 1529 esse
1227 1497 1271 1527 ab
1291 1495 1404 1527 officio
1421 1496 1483 1527 viri
1507 1496 1638 1528 boniet

213 1549 359 1582 honesti.
394 1550 464 1582 Res
482 1559 619 1590 magnas
634 1560 767 1591 gerere,
782 1551 898 1583 hostes
914 1551 1064 1591 vincere,
1082 1551 1227 1593 patriam
1252 1549 1440 1582 defendere
1455 1559 1530 1581 esse
1547 1559 1639 1581 max-

215 1605 320 1636 imum
333 1609 370 1636 et
381 1613 488 1646 prope
500 1603 664 1643 divinum,
678 1609 713 1636 at
725 1604 913 1645 proximum
927 1614 1003 1636 esse
1020 1604 1232 1646 principibus
1246 1604 1396 1645 placere.
1429 1603 1558 1634 Verum
1571 1603 1637 1636 lioc

213 1667 290 1691 esse
305 1657 455 1700 difficile,
470 1663 505 1691 et
523 1658 698 1700 requitere
716 1659 941 1700 vigilantiam,
955 1658 1181 1700 diligentiam,
1203 1662 1240 1690 et
1257 1657 1405 1689 animum
1429 1655 1565 1697 fortem,
1579 1659 1637 1700 qui

214 1711 459 1753 impedimenta
475 1711 601 1743 vincat.
646 1711 808 1753 Inprimis
830 1712 1019 1744 cavendum
1034 1722 1124 1752 esse,
1139 1722 1182 1743 ne
1208 1712 1283 1753 quis
1298 1712 1517 1752 impudenter
1534 1711 1638 1743 bene-

214 1764 293 1797 ficio
306 1763 442 1806 flagitet
453 1769 488 1796 et
505 1769 744 1806 paupertatem
761 1776 855 1797 suam
872 1775 1078 1807 suorumque
1087 1766 1214 1807 jactet,
1227 1770 1286 1797 aut
1302 1775 1413 1796 rerum
1437 1765 1637 1796 amissarum

208 1820 382 1861 jacturam
398 1823 435 1851 et
451 1819 667 1850 incommoda
689 1819 847 1860 quaedam
862 1820 1164 1858 comminiscati1r3
1187 1819 1327 1860 quiaita
1343 1828 1411 1850 non
1437 1818 1542 1857 magis
1563 1823 1636 1848 tan-

218 1873 296 1905 dem
322 1872 408 1904 fides
430 1872 612 1912 habeatur,
638 1881 739 1914 quam
765 1872 937 1905 meretrici
953 1871 1080 1903 damna
1104 1871 1247 1913 fingenti
1265 1872 1315 1902 vel
1344 1872 1443 1912 plano
1467 1881 1544 1902 crus
1561 1881 1637 1902 esse

215 1927 367 1959 fractum
383 1926 568 1958 simulanti.

175 2003 432 2055 QUAMvns,
453 2002 631 2052 Scaeva,
651 2002 759 2043 satis
780 2014 863 2055 per
883 2004 924 2042 te
947 2000 1027 2043 tibi
1049 1991 1258 2050 consulis,
1280 2004 1324 2041 et
1345 2001 1436 2042 scis

175 2071 277 2123 Quo
297 2070 470 2112 tandem
489 2074 623 2124 pacto
645 2069 801 2111 deceat
819 2068 1058 2123 majoribus
1077 2068 1169 2119 uti;

173 2138 328 2188 Disce,
348 2137 576 2180 docendus
597 2138 741 2180 adhuc
762 2150 863 2192 quae
885 2143 1034 2179 censet
1056 2136 1305 2188 amiculus;
1337 2140 1384 2177 ut
1405 2136 1446 2177 si

205 2265 234 2296 Ο
245 2264 365 2302 Scaeva,
377 2273 552 2306 quanquam
560 2274 600 2294 ex
612 2263 774 2304 temetipso
787 2263 907 2294 abunde
916 2262 1012 2303 sapis,
1021 2265 1053 2294 et
1062 2262 1145 2294 nosti
1157 2272 1218 2302 qua
1230 2262 1354 2293 demum
1365 2260 1488 2292 ratione
1496 2263 1637 2301 oporteat

171 2309 292 2340 vanari
305 2318 374 2340 cum
395 2307 595 2348 mgmtibm
606 2317 619 2344 ;
641 2307 744 2338 adhuc
772 2309 874 2338 tamen
898 2305 1085 2338 erudiendus
1107 2305 1212 2346 accipe
1237 2315 1306 2346 quae
1334 2304 1498 2336 existima
1519 2313 1637 2345 parvus

781 2401 1022 2413 eeeeeeeeeeee

217 2457 375 2497 Epistola
388 2460 510 2497 quarta
525 2455 619 2488 Libri
637 2455 778 2488 secundi
796 2456 830 2488 in
845 2455 910 2488 Ed.
926 2455 1052 2488 Sanad.
1076 2454 1284 2486 Inscribitnr
1308 2453 1342 2485 in
1370 2453 1558 2494 Bamberg.
1581 2452 1635 2484 Ad

175 2499 382 2532 scevam—2
404 2501 484 2532 Vat.
503 2502 533 2531 1.
551 2505 587 2531 et
613 2499 693 2532 Vat.
718 2499 833 2531 I’alat.
851 2502 884 2530 1.
914 2509 932 2529 a
950 2509 993 2530 m.
1021 2508 1072 2540 pr.
1093 2502 1186 2539 pacto
1211 2498 1313 2529 liceat.
1357 2497 1589 2528 Schoenborn.
1603 2498 1636 2527 3.

172 2547 264 2583 pacto
280 2544 463 2574 doceat.-—3
488 2542 570 2574 Vat.
583 2544 616 2573 9.
633 2552 653 2574 a
667 2551 711 2574 m.
738 2552 790 2584 pr.
813 2542 897 2574 Vnt.
915 2541 1029 2574 Palat.
1045 2544 1078 2572 3.
1105 2547 1141 2572 et
1157 2540 1306 2573 Chisian.
1323 2543 1355 2571 5.
1379 2543 1410 2570 et
1425 2540 1531 2570 si.-4
1556 2539 1636 2569 Vat.

829 2639 974 2671 NOTAE

219 2708 235 2737 1
263 2703 424 2741 Quamvis,
438 2701 563 2743 Scaeva]
576 2703 637 2734 Est
651 2701 724 2733 haec
739 2703 878 2744 Episto·
975 2702 1041 2734 Per
1056 2706 1086 2734 te
1098 2701 1157 2732 tihi
1171 2698 1319 2739 consulis]
1354 2698 1476 2729 Alieno
1495 2698 1637 2730 consilio

11 2775 17 2797 ,·
155 2757 208 2788 -la
237 2755 362 2796 gravis,
388 2754 541 2794 elegans,
567 2752 714 2791 erudita,
740 2753 878 2795 callida,
930 2761 1142 2794 nequaquam
1169 2759 1286 2790 egens.
1344 2749 1399 2780 Sic
1429 2748 1554 2780 leniter
1584 2759 1636 2780 as-

0 2797 29 2840 f
172 2811 370 2844 mennatum
385 2803 651 2836 assectatoribus
667 2802 802 2836 idonea.
932 2807 1088 2832 sentatur
1114 2800 1293 2841 Horatius,
1317 2804 1355 2831 ut
1376 2799 1523 2830 animum
1549 2809 1636 2841 prae-

217 2855 341 2896 Scoeva]
364 2856 478 2896 Eques
496 2854 678 2887 Romanus.
933 2857 1031 2894 paret
1049 2850 1092 2883 ad
1108 2849 1485 2882 auscultandamonita.
