1930 3204
513 323 721 356 nomm-11
755 322 1036 353 SBRMONUM
1071 322 1167 353 ma.
1199 323 1228 352 1.
1258 310 1300 351 2.

181 422 209 453 ri
227 424 263 454 et
280 421 460 462 praeparci.
504 418 668 460 Tirenum]
700 418 780 450 Non
795 416 883 448 mili—

182 471 239 503 tine
258 477 402 511 tantum,
424 472 483 503 sed
499 477 535 503 et
551 471 784 512 cujuscunque
798 468 882 499 artis

181 527 241 553 aut
270 521 487 563 professionis
516 521 662 559 initium,
687 520 882 559 primasque

181 572 350 613 actiones,
363 575 373 591 ‘
383 573 572 605 tirocinium
584 571 593 584 ¹
607 570 833 612 appellamus,
847 573 883 600 et

178 623 189 640 ‘
202 622 356 663 tirones,²
371 624 428 664 qui
453 631 524 654 rem
541 622 648 662 ipsam
666 621 834 661 aggressi,
848 619 882 650 in

180 672 359 714 principiis
375 673 484 704 adhuc
496 673 636 703 haerent.
670 670 763 701 Hinc
780 670 883 710 igitur

178 721 191 739 ‘
204 723 334 755 tirones
347 722 356 736 ’
373 723 475 755 etiam
489 722 586 760 dicti,
601 721 740 763 quijam
757 720 883 762 majus-

179 773 247 804 culi
260 771 386 813 effecti,
397 773 510 814 posita
526 777 706 813 praetexta,
717 780 757 802 ac
770 780 883 810 sump-

178 828 216 855 ta
233 823 320 855 virili
338 828 430 864 toga,
446 833 544 864 quani
559 831 677 863 puram
692 830 826 862 quoque
844 830 884 852 ac

177 873 322 905 liberam
339 874 574 914 appellabant,
590 873 670 914 qnia
686 878 721 903 et
739 870 884 903 candida

179 929 268 964 erat,
294 928 331 956 et
361 924 501 966 majoris
537 924 670 955 initium
701 923 883 959 libertatis,

179 983 270 1006 anno
294 974 409 1006 etatis
432 984 530 1006 xvn.
557 974 703 1005 desertis
726 972 882 1014 pueritiae

180 1024 317 1063 studiis,
327 1024 480 1056 forenses
493 1024 645 1055 actiones
660 1022 883 1063 auspicaban-

181 1077 249 1106 tur.
294 1074 370 1106 Nec
399 1076 507 1106 solum
533 1073 657 1115 ephebi
683 1073 750 1114 ipsi
775 1075 786 1092 ‘
802 1074 883 1104 tiro-

181 1123 270 1163 nes‚’
293 1124 354 1155 sed
381 1129 419 1156 et
445 1130 542 1156 actus
566 1125 624 1155 ille
650 1122 886 1155 ‘tirocinium’

181 1174 376 1214 dicebatur,
391 1180 427 1206 et
440 1176 450 1192 ‘
465 1175 613 1206 tirocinii
629 1173 728 1215 dies‚'
743 1183 810 1216 quo
826 1175 885 1205 de-

181 1223 408 1256 ducebantur.
461 1224 549 1256 Rem
587 1229 695 1256 totam
734 1225 886 1256 breviter

181 1279 320 1306 enarrat
341 1275 473 1307 Seneca
493 1275 534 1306 ad
558 1276 725 1306 Lucilium
748 1275 814 1316 Ep.
837 1283 886 1306 iv.

179 1324 189 1341 ⁴
200 1325 314 1357 Tenes
330 1326 449 1367 ntique
460 1326 623 1357 memoria
635 1329 796 1367 quantum
811 1335 887 1356 sen-

181 1375 266 1406 seris
281 1375 456 1416 gaudium,
467 1384 556 1414 cnm,
573 1378 745 1415 praetexta
761 1373 887 1415 posita,

181 1425 328 1456 sumsisti
353 1424 485 1456 virilem
507 1429 634 1464 togam,
654 1427 691 1454 et
719 1424 752 1453 iu
777 1422 886 1454 forum

180 1474 347 1507 deductus
371 1484 431 1514 es;
469 1475 579 1515 majus
609 1479 775 1515 exspecta
809 1483 887 1505 cum

179 1525 346 1565 puerilem
372 1525 520 1556 animum
547 1523 771 1565 deposueris:
805 1523 887 1554 vid.

179 1574 332 1606 Turneb.
350 1583 390 1605 u.
404 1576 460 1605 23.
486 1573 631 1605 Tor-rent.

225 1626 266 1656 18
287 1623 335 1656 At
360 1624 396 1655 in
420 1623 469 1665 se]
504 1623 638 1665 Aliquis
662 1622 808 1654 fortasse
835 1621 886 1653 sic

181 1674 362 1706 excusabit
390 1673 644 1705 foeneratorem.
689 1673 730 1703 In
752 1672 800 1712 se]
829 1671 886 1704 Sic

181 1732 242 1755 sex
256 1724 367 1755 nostri
383 1723 484 1755 codd.
505 1729 542 1754 et
567 1723 669 1763 panio
687 1727 767 1753 ante
781 1723 885 1752 exc-hr-

179 1777 245 1805 mat
269 1783 332 1814 pro
353 1775 516 1805 exclamet.
559 1773 642 1805 Vid.
661 1773 816 1803 Turneb.
833 1780 886 1803 xr.

182 1825 238 1854 23.
266 1823 358 1854 Tm.

227 1873 268 1902 19
292 1871 357 1902 Pro
372 1872 508 1912 quaestu]
536 1871 606 1902 Pro
623 1871 754 1902 ratione
770 1870 887 1902 modo-

184 1929 251 1961 que
272 1921 358 1952 lucri
374 1930 499 1962 corpus
516 1925 628 1960 curat,
648 1927 685 1952 et
708 1921 888 1962 splendide

185 1971 293 2010 vivit;
318 1971 461 2011 perinde
487 1980 527 2002 ac
555 1971 583 2002 si
609 1971 728 2010 dicat3
754 1971 888 2002 etiamsi

184 2025 306 2051 contra
317 2020 402 2051 alios
412 2021 457 2051 sit
470 2020 626 2061 iniquior,
634 2021 888 2061 augmentando

183 2075 220 2101 et
235 2070 474 2111 extorquendo
488 2069 634 2110 foenore,
650 2071 757 2102 multo
773 2075 887 2102 tamen

183 2129 266 2160 erga
279 2129 315 2151 se
329 2126 381 2151 est
398 2120 527 2160 aeqnior
544 2125 578 2152 et
594 2121 753 2161 opinione
766 2121 887 2152 libera-

181 2168 257 2201 lior.
274 2170 371 2210 Oruq.
416 2169 688 2212 Sumptumfacit]
705 2171 886 2212 Sumptum

179 2217 266 2250 facit
281 2219 315 2250 in
338 2228 374 2250 se
393 2220 538 2260 quaestui
563 2229 692 2261 parem,
713 2221 747 2251 id
764 2226 829 2262 est,
843 2230 886 2252 ea

181 2269 276 2308 emit,
291 2279 367 2311 quae
385 2269 448 2301 sibi
463 2270 534 2302 sint
549 2280 635 2312 opus
651 2271 693 2302 ad
708 2271 833 2303 victum
850 2277 886 2303 et

182 2319 325 2352 cultum.

223 2372 266 2402 20
291 2370 395 2406 Quam
418 2369 495 2410 sibi]
525 2371 616 2402 Dum
649 2380 703 2402 res
729 2380 886 2402 necessa-

181 2419 250 2451 rias
263 2423 394 2451 naturae
405 2419 565 2459 denegat.
608 2419 710 2450 Pater
719 2419 789 2460 ille]
810 2421 886 2452 Me-

183 2468 361 2500 nedemus.
753 2487 760 2493 ·

225 2520 267 2549 21
292 2518 430 2559 Fabula]
448 2518 633 2550 Comoedia.
662 2519 804 2560 Fugato]
818 2520 887 2552 Cli-

184 2568 242 2599 nia
258 2567 292 2599 in
309 2567 425 2599 Asiam
442 2567 692 2609 proficiscente.

227 2621 271 2650 22
293 2617 336 2649 Se
348 2617 436 2658 peius
449 2619 652 2659 cruciaterit]
689 2618 824 2660 Aspere
840 2621 888 2652 vi-

186 2668 310 2709 vendo,
324 2674 360 2700 et
376 2669 507 2700 duriter
530 2669 702 2710 laborans,
717 2680 888 2712 quaerens,

186 2728 346 2760 parcens,
369 2725 471 2760 gnato
494 2720 659 2751 serviens.
680 2721 770 2751 unde
786 2726 824 2752 et
839 2720 888 2753 fa-

186 2769 274 2801 bulas
312 2779 446 2809 nomen,
481 2768 611 2800 Ἑαυτὸν
654 2770 889 2812 τιμωρούμενος.

190 2820 334 2852 Torreat.
380 2819 483 2861 Atque
494 2820 560 2862 liic]
585 2820 696 2854 Quam
712 2821 765 2854 hic
780 2821 887 2854 foene-

187 2874 296 2902 rator.

1519 311 1634 353 1599

975 420 1017 449 23
1041 417 1078 449 Si
1106 417 1192 458 quis]
1223 415 1456 458 interrogatio
1481 425 1557 447 cum
1583 427 1636 448 re-

933 468 1128 508 sponsione.
1186 497 1196 508 ,

975 520 1016 549 25
1041 516 1234 558 Malthimts]
1269 516 1341 548 Lib.
1373 516 1441 547 Ms-
1468 515 1637 552 Maltinus,

932 577 1009 599 meo
1032 567 1170 609 judicio
1186 567 1317 598 melius.
1352 568 1361 584 ‘
1379 565 1509 598 Malta'
1534 566 1636 602 enim,

933 618 1043 660 inquit
1075 619 1221 658 Nonius,
1242 619 1401 649 ‘veteres
1427 618 1548 649 molles
1578 627 1637 658 ap-

933 669 1062 709 pellare
1091 667 1306 699 volueruntz'
1336 678 1355 698 a
1381 667 1519 707 Graeco‚
1541 667 1637 709 quasi

931 717 1101 758 μαλακούς.
1146 718 1214 750 Alii
1231 729 1250 749 a
1268 720 1277 735 ‘
1290 717 1440 750 Maltha'
1454 717 1562 750 herba
1578 718 1637 750 de-

933 769 1076 809 ducunt,
1091 769 1181 800 unde
1196 768 1322 808 μάλθων
1335 769 1546 810 Graecisq‘ro
1561 769 1638 800 mol·

932 820 984 852 lis,
1028 821 1106 853 Quo
1135 820 1245 851 minus
1273 820 1339 850 illis
1371 820 1550 858 assentior,
1579 821 1636 860 qui

932 870 1015 903 ficto
1030 881 1050 902 a
1064 871 1205 902 mollitie
1218 871 1353 902 nomine
1364 870 1476 902 notari
1486 870 1540 901 hic
1552 870 1639 901 Μω-

932 926 1088 953 cenatem
1106 922 1244 953 volunt:
1269 921 1357 963 quod
1382 926 1494 952 tamen
1519 921 1547 951 si
1564 920 1639 962 quis

933 972 1138 1003 obstinatius
1154 970 1333 1011 defendat,
1346 970 1453 1002 habet
1470 971 1638 1002 Senecam

933 1026 1129 1063 patronum,
1155 1026 1195 1053 nt
1220 1027 1256 1052 et
1277 1021 1436 1054 Juvenal.
1460 1021 1470 1037 ⁴
1485 1021 1531 1052 Et
1555 1021 1638 1050 mul-

935 1077 1007 1103 tum
1023 1071 1176 1103 referens
1199 1072 1244 1103 de
1271 1072 1466 1103 Maecenate
1493 1070 1639 1110 supino-⁸

933 1123 1148 1154 Feminarum
1171 1128 1301 1161 autem,
1325 1132 1391 1154 non
1409 1123 1555 1153 virorum
1573 1127 1640 1160 est,

935 1173 978 1204 ad
1015 1174 1101 1205 talos
1135 1184 1240 1215 usque
1278 1177 1409 1204 vestem
1442 1172 1637 1204 demittere.

935 1225 1051 1257 Quare
1067 1228 1103 1255 et
1120 1224 1210 1264 apud
1228 1224 1369 1256 Graecos
1395 1223 1519 1263 probro
1539 1223 1641 1254 duce·

936 1273 1048 1305 batur.
1094 1274 1174 1306 Vid.
1198 1275 1349 1306 Turneb.
1377 1284 1425 1306 Vl·
1439 1277 1473 1306 9.
1498 1275 1642 1306 Torreat.

939 1323 1112 1364 Demissis]
1134 1325 1275 1355 Tunicis
1292 1325 1403 1365 longis
1416 1329 1452 1356 et
1465 1325 1640 1356 talaribus.

937 1373 999 1404 Est
1014 1372 1085 1413 qui]
1109 1374 1171 1405 Est
1186 1374 1283 1409 alius,
1299 1375 1357 1415 qui
1373 1374 1509 1406 facetus
1523 1379 1589 1411 est,
1604 1379 1641 1406 et

936 1424 1040 1455 risum
1057 1430 1183 1455 movet.

979 1476 1022 1505 26
1045 1473 1217 1506 Subductis
1240 1475 1351 1516 usque]
1397 1474 1538 1506 'runicis
1570 1484 1641 1506 sur·

937 1533 1010 1554 sum
1027 1523 1141 1555 ductis
1165 1529 1201 1556 et
1225 1529 1294 1556 tam
1324 1524 1499 1565 brevibus,
1522 1529 1559 1556 ut
1583 1525 1640 1556 vix

936 1579 1058 1614 tegant
1071 1579 1187 1614 partes
1203 1576 1357 1616 corporis
1369 1575 1561 1607 obscoenas.
1582 1576 1642 1607 Fa-

935 1623 1038 1665 celus]
1054 1629 1062 1643 ‘
1078 1625 1256 1656 Faceturn'
1273 1635 1338 1657 non
1355 1627 1483 1663 verbis,
1498 1626 1557 1657 ned
1572 1625 1642 1658 fac-

937 1675 982 1706 tis
998 1675 1051 1705 liic
1068 1673 1228 1706 festivum
1245 1675 1427 1715 significat.
1454 1676 1598 1707 Torreat.

980 1726 1022 1754 27
1042 1723 1205 1763 Pastillos]
1220 1728 1228 1741 ¹
1243 1723 1643 1765 Pasti11=1s‚’i=1quitFes·

938 1778 1006 1807 tus,
1037 1771 1167 1803 ‘forma
1191 1773 1288 1813 panis
1315 1773 1434 1813 parvi:
1468 1772 1643 1805 diminuti-

938 1832 1015 1853 vum
1034 1832 1053 1853 a
1069 1822 1183 1862 pane!
1228 1823 1343 1855 Graeci
1371 1828 1405 1854 et
1428 1823 1590 1865 ἂρτίσκους
1605 1830 1643 1857 et

936 1871 1116 1909 κυλίσκους,
1132 1873 1191 1904 sed
1215 1873 1430 1915 frequentius
1454 1874 1642 1916 τροχίσκους

939 1928 1076 1959 vocant,
1092 1933 1220 1965 eosque
1240 1925 1352 1965 magni
1368 1931 1403 1955 et
1422 1925 1506 1956 varii
1523 1925 1557 1956 in
1572 1935 1642 1956 me-

938 1972 1061 2005 dicinis
1079 1984 1168 2013 usus,
1185 1979 1222 2005 nt
1239 1974 1296 2006 lib.
1313 1985 1349 2006 v.
1369 1985 1442 2015 cap.
1461 1979 1513 2008 15.
1537 1980 1573 2008 et
1587 1978 1642 2009 20.

939 2024 1058 2056 Celsus
1081 2024 1236 2057 tradidit.
1282 2026 1448 2057 Horatius
1464 2027 1508 2057 dc
1524 2028 1642 2067 pastil-

938 2074 977 2105 lis
993 2075 1160 2106 odorariis
1177 2076 1340 2117 loquitur,
1353 2077 1408 2118 qui
1429 2086 1495 2108 nou
1512 2078 1554 2108 ad
1571 2087 1642 2108 me—

937 2123 1098 2164 dicinam,
1121 2125 1180 2156 sed
1205 2125 1248 2156 ad
1269 2125 1410 2157 delicias
1427 2136 1465 2157 ac
1483 2127 1641 2168 volupta-

937 2178 1004 2204 tem
1021 2179 1275 2215 comparantur.
1301 2176 1445 2208 Torrent.
1489 2176 1643 2208 Pastillos

937 2224 1089 2266 Rufinus]
1113 2225 1198 2256 Olet
1222 2226 1422 2263 trochiscos,
1447 2236 1489 2258 ex
1518 2227 1640 2267 quibus

934 2283 1054 2306 suaves
1070 2275 1189 2307 odores
1203 2274 1374 2308 efflantur.
1393 2277 1481 2318 Aug.
1504 2278 1641 2309 Poman-

934 2325 1017 2355 ders.
1061 2325 1213 2366 Hircum]
1250 2328 1390 2358 'Petrum
1405 2328 1544 2359 odorem
1562 2328 1642 2367 olet,

935 2372 979 2404 ob
995 2374 1116 2405 sordes
1128 2379 1164 2405 et
1178 2376 1383 2416 squalorem.

978 2425 1020 2454 28
1045 2423 1106 2454 Nil
1123 2425 1258 2456 medium
1283 2425 1346 2465 est]
1383 2426 1487 2458 Nulla
1502 2431 1554 2458 est
1569 2436 1639 2458 me-

935 2472 1112 2503 diocritas.
1160 2474 1236 2505 Nisi
1249 2475 1335 2515 illas]
1359 2476 1435 2507 Nisi
1458 2482 1642 2508 matronas.

936 2522 1034 2562 [Vat.
1052 2525 1083 2554 l.
1098 2524 1152 2563 qui
1167 2524 1303 2564 nolunt]

979 2575 1022 2603 29
1048 2572 1190 2607 Quum-um
1215 2575 1343 2605 subsuta
1365 2576 1444 2606 talos
1465 2578 1554 2615 legat
1589 2577 1639 2608 in·

935 2621 1014 2653 stila
1027 2622 1125 2663 veste]
1148 2623 1250 2656 Quod
1267 2623 1386 2655 instita
1401 2624 1637 2666 subsueretur,

937 2672 1067 2703 fallitur
1082 2672 1136 2704 hic
1151 2672 1291 2711 Acron3
1314 2675 1416 2705 vestis
1440 2676 1528 2707 enim
1545 2676 1641 2708 insti·

938 2727 984 2754 tae
1016 2722 1260 2763 subsuebatur,
1297 2733 1372 2765 quae
1410 2725 1510 2756 imam
1541 2726 1638 2758 stolae

937 2783 1028 2805 oram
1055 2775 1280 2814 praetexebat.
1324 2775 1465 2806 Rectius
1483 2775 1638 2817 Porphy-

937 2823 1007 2854 rio:
1032 2824 1040 2840 ‘
1055 2824 1235 2855 Matronas
1250 2824 1430 2864 significat.
1465 2825 1529 2857 Hae
1545 2827 1636 2857 enim

936 2874 1023 2906 stola
1039 2878 1180 2907 utuntur
1196 2874 1238 2906 ad
1254 2875 1339 2907 imos
1357 2875 1462 2916 pedes
1478 2875 1638 2916 demissa,
