1904 3216
348 287 458 329 1708

346 390 416 420 lere
426 389 448 420 Ρ
471 388 567 420 atilli
587 392 595 405 ⁸
610 386 752 417 Consule
767 385 787 425 ;’
808 396 883 418 narn
907 387 982 418 hinc
999 391 1032 419 et

345 439 356 456 ⁶
371 436 588 470 consultoris'
611 440 646 466 et
671 439 679 453 ‘
697 436 840 467 consulti
853 435 863 450 ¹
889 445 1031 467 nomen:

347 496 444 526 quem
457 486 558 516 etiam
572 485 581 501 ‘
595 492 828 523 responsorem
839 484 847 497 '
861 485 1033 525 appellare

348 535 483 566 videtur
498 532 621 571 Poeta,
637 532 669 564 in
684 533 838 573 Epistola
853 533 893 564 ad
909 534 1035 566 Quinc-

350 585 444 622 tium,
469 584 530 613 hoc
558 591 676 613 versu:
699 584 708 600 ‘
726 583 801 615 Quo
829 591 1037 623 responsore,

348 637 384 663 et
399 641 464 673 quo
479 640 607 662 caussae
629 635 716 662 teste
735 632 914 663 tenentur!
958 632 1036 663 Hoc

349 686 460 712 tamen
475 682 548 712 loco
566 682 716 712 consulere
735 681 951 722 interpretari
967 691 1036 712 ma-

347 731 495 771 lim,vpro
511 735 706 761 reverenter
728 734 762 760 et
783 729 925 770 praefata
941 730 1036 760 venia

349 781 564 819 interrogare,
589 785 626 812 ut
650 780 739 821 apud
763 781 855 812 Juris
870 781 1034 821 interpre-

350 835 401 861 tes
423 829 496 860 fieri
519 830 624 860 solet:
654 838 763 870 neque
786 829 817 860 id
842 830 919 860 solis
940 830 1034 861 Jctis

350 880 484 910 solenne
514 878 599 917 fuit3
622 879 679 909 sed
708 882 744 909 et
766 879 798 908 in
817 878 953 918 judiciis
975 879 1031 919 qui

351 933 473 960 testem
490 928 755 966 interrogaturus
771 930 845 957 erat
860 927 1031 967 quaesitori

351 981 430 1007 ante
446 976 558 1007 dicere
577 975 724 1006 solebat:
749 975 758 992 ‘
775 974 870 1006 Licet
893 975 1033 1016 rogare!

353 1026 495 1055 Torrent.
541 1024 716 1062 consulere,
731 1027 762 1054 et
776 1023 862 1062 mox]
883 1023 1033 1055 Interro-

352 1082 441 1114 gare.
484 1071 619 1111 Licebit]
642 1071 774 1103 Licebit
789 1072 889 1102 mihi?

395 1125 454 1153 193
468 1121 612 1161 Consule]
625 1121 813 1160 Interroga,
828 1121 936 1162 inquit
948 1121 1036 1162 Aga-

351 1179 515 1202 memnon.
562 1171 626 1200 Cur
648 1169 750 1209 Ajax]
782 1170 941 1209 Loquitur
967 1171 1038 1210 ple-

351 1220 457 1251 beius.
478 1218 528 1250 Ab
540 1218 657 1250 Achille
666 1217 826 1258 secundus]
836 1218 911 1250 Uno
925 1219 1037 1250 Achil-

351 1269 384 1299 le
399 1267 548 1300 inferior.

395 1320 456 1349 194
471 1317 644 1358 Patr-escit]
659 1318 783 1350 Fateor
797 1317 953 1359 equidem
967 1318 1039 1359 plu·

352 1376 405 1398 res
421 1367 563 1407 scriptos
579 1367 713 1398 codices
740 1367 788 1398 sic
811 1367 956 1406 habere;
980 1367 1039 1398 sed

351 1416 494 1456 putescit,
522 1416 609 1457 quod
642 1416 675 1447 in
706 1426 772 1448 uno
802 1420 904 1456 atque
934 1417 1040 1447 altero

353 1469 549 1505 pervetusto
587 1465 734 1506 repperi,
770 1466 877 1506 magis
914 1466 1037 1505 placet.

354 1511 527 1544 Differ-unt
554 1513 642 1543 enim
670 1514 679 1530 ‘
694 1514 805 1552 putis‚'
832 1514 979 1553 ‘putor,’
1001 1518 1038 1544 et

354 1561 364 1577 ‘
381 1560 523 1602 putere,’
537 1570 595 1592 seu
612 1566 621 1579 ‘
634 1561 836 1601 patescere:
853 1571 872 1591 a
887 1566 896 1579 ‘
911 1560 1039 1602 putris?

353 1610 460 1650 iisque
483 1620 557 1650 quae
581 1610 623 1640 ab
643 1618 683 1639 eo
706 1609 866 1640 vocabulo
885 1609 1037 1640 derivan-

355 1662 422 1688 tur.
468 1654 647 1688 Nam'haec
666 1655 917 1695 corruptionem
933 1656 1039 1696 ipsam

355 1706 403 1736 rei
426 1705 530 1745 magis
556 1708 718 1744 arguunt:
740 1703 797 1734 illa
813 1713 892 1735 vero
906 1703 1040 1734 odorem

355 1754 479 1794 potius,
496 1753 552 1794 qui
577 1762 619 1784 ex
640 1752 856 1792 corruptione
882 1752 1043 1784 dimanat.

354 1803 479 1835 Juven.
512 1802 583 1833 Sat.
613 1810 668 1834 xr.
704 1802 714 1819 ‘
730 1802 858 1833 Putere
887 1802 1043 1834 videntur

356 1853 540 1893 Unguenta
555 1856 653 1894 atque
670 1852 773 1883 rosae.'
799 1852 860 1884 Cui
875 1853 1043 1893 persimile

355 1902 437 1932 illud
461 1911 480 1932 e
501 1902 572 1932 Sat.
599 1901 833 1941 praecedente:
858 1906 867 1919 ‘
883 1902 1042 1934 Quamvis

356 1957 454 1992 putet
470 1961 552 1992 aper
567 1951 789 1992 rhombusque
813 1952 956 1984 recens!
999 1953 1044 1984 Et

357 2004 449 2031 recte
462 2000 590 2032 Nonius
605 2001 614 2018 ‘
627 1999 795 2040 putidum'
806 1999 871 2031 dici
883 2000 942 2039 ait,
955 2000 1042 2040 quod

357 2058 423 2080 non
441 2054 550 2089 putre,
566 2048 624 2080 sed
638 2049 746 2080 odoris
762 2049 849 2080 mali.
893 2049 968 2080 Nec
984 2059 1043 2089 pu-

358 2102 508 2128 trescere
535 2097 642 2128 herois
668 2097 813 2128 cadaver
839 2101 896 2128 aut
918 2096 1042 2128 foedum

358 2150 418 2177 aut
446 2146 630 2176 mirandum
659 2149 712 2176 est
741 2147 842 2176 etiam
865 2146 1043 2186 sepultum,

359 2194 418 2226 sed
432 2194 601 2234 abjectum
618 2198 652 2224 et
670 2194 872 2234 insepultum
887 2194 929 2224 ob
946 2199 1043 2234 puto-

359 2252 428 2274 rem
452 2242 669 2283 ignominiose
699 2242 880 2282 contemni,
903 2243 937 2273 id
963 2252 1043 2273 sane

359 2292 573 2324 detestabile.
630 2291 787 2332 Denique
817 2292 954 2323 verbum
982 2292 1045 2322 hoc

361 2341 502 2382 abjectis
523 2339 742 2372 cadaveribus
767 2340 872 2381 magis
887 2350 983 2382 quam
999 2342 1046 2371 al·

360 2396 468 2422 terum
481 2390 660 2422 convenire
674 2390 822 2420 ostendit
831 2390 951 2430 Varro,
965 2390 975 2407 ⁴
988 2399 1046 2430 pu-

361 2439 482 2470 ticulos
493 2438 502 2452 ’
517 2439 626 2469 dictos
639 2438 786 2478 tradens,
797 2437 884 2478 quod
896 2444 1047 2478 putesce-

362 2488 445 2518 bant
461 2487 505 2518 ibi
523 2487 687 2518 cadavera
704 2487 870 2527 projecta3
887 2491 923 2517 ut
938 2487 1048 2527 priore

362 2537 448 2567 libro
463 2536 617 2576 vidimus,
629 2536 699 2567 Sat.
715 2544 794 2567 vm.
811 2535 952 2566 Tor-rene.
982 2535 1048 2566 Pu-

363 2584 484 2624 trescit]
505 2584 606 2616 Jacet
620 2584 819 2623 insepultus.

407 2638 467 2666 195
483 2634 625 2665 Gaudeat
637 2636 671 2664 ut
683 2634 812 2673 papulus
822 2632 947 2663 Priami
959 2632 1051 2663 Pria·

364 2683 504 2723 musque]
527 2683 579 2713 Ex
603 2683 750 2713 Homero
773 2680 872 2713 Iliad.
885 2686 922 2712 A.
943 2680 983 2712 Ἦ
998 2693 1050 2712 κεν

364 2730 497 2769 γηθήσαι
508 2730 642 2772 Πρίαμος
652 2728 797 2770 Πριάμοιό
808 2741 844 2760 τε
851 2731 1049 2770 misegone

367 2780 534 2821 proverbii
557 2781 627 2811 vice
647 2780 696 2811 uti
717 2780 813 2820 licet,
836 2779 966 2820 quoties
981 2789 1050 2812 mo·

803 296 939 326 NO'I‘AE
974 293 1232 324 VARIORUM
1269 295 1318 325 ΙΝ

1084 395 1200 418 nemus
1216 387 1372 427 aliquem,
1387 389 1424 417 ut
1438 385 1479 418 ab
1494 395 1535 419 eo
1554 389 1685 428 caveat,
1701 396 1763 429 quo

1085 435 1210 466 inimici
1225 436 1298 475 ejus
1313 436 1478 467 laetentur.
1501 436 1641 467 Torreat.

1127 487 1189 516 196
1213 485 1270 515 'rot
1283 484 1424 525 juvenes]
1443 484 1506 515 Tot
1519 483 1666 524 Trojani.

1126 537 1186 566 197
1210 535 1303 565 Mille
1323 533 1438 573 orium]
1460 533 1516 564 Sic
1538 535 1548 551 ‘
1565 534 1652 564 mille
1674 542 1767 564 num-

1086 583 1196 620 mum,’
1210 584 1220 600 ‘
1234 584 1322 614 mille
1339 581 1517 623 passuum,’
1537 582 1547 599 ‘
1560 582 1650 613 mille
1665 582 1768 613 homi-

1085 631 1187 663 num.'
1230 633 1362 664 Gellius
1384 641 1410 662 1.
1432 629 1483 663 16:
1509 630 1660 663 Macros.
1674 640 1700 662 1.
1716 633 1767 662 16.

1088 681 1227 712 Torreat.
1268 682 1358 712 Mille
1383 680 1483 710 ovium
1510 678 1652 718 insanus]
1674 679 1769 710 Mille

1086 739 1166 760 oves
1182 729 1305 770 (inquit
1321 726 1397 769 rex)
1414 727 1551 760 occidit.

1128 782 1189 810 199
1206 780 1251 810 Tu
1266 789 1355 819 quum
1368 789 1424 818 pro
1438 778 1550 818 vitula]
1565 778 1680 810 Verba
1692 781 1770 809 sunt

1085 828 1223 868 plebeii.
1268 826 1400 866 Natam]
1421 827 1643 867 Iphigeniam.

1126 878 1188 906 200
1211 876 1394 914 Spargisque
1418 876 1495 905 mola
1519 878 1610 915 caput
1638 874 1770 915 improbe

1085 921 1181 961 salsa]
1204 923 1293 954 Quid
1319 923 1398 953 mola
1419 924 1499 953 salsa
1523 923 1599 954 vide
1623 933 1679 955 nr.
1702 923 1770 954 Od.

1086 973 1139 1001 23.
1186 971 1314 1001 ‘Farre
1343 970 1399 1010 pio
1426 975 1462 1001 et
1499 971 1636 1003 saliente
1664 972 1773 1003 mica!

1090 1020 1229 1050 Torrent-
1273 1018 1375 1058 Mola]
1391 1018 1482 1049 Mola
1496 1027 1539 1050 ex
1553 1018 1644 1051 farre
1658 1019 1772 1051 molito

1088 1073 1124 1100 et
1138 1069 1207 1099 sale
1221 1067 1325 1099 facta.

1129 1120 1191 1148 201
1215 1117 1344 1148 Rectum
1370 1117 1466 1148 animi
1490 1116 1608 1157 servas]
1630 1117 1771 1148 Rectum

1090 1167 1233 1198 animum
1259 1167 1394 1207 servas?
1415 1166 1448 1197 id
1471 1171 1537 1205 est,
1558 1175 1698 1197 sanusne
1714 1166 1773 1198 es?

1092 1214 1258 1254 Quorsum]
1275 1215 1439 1247 Quorsum
1455 1215 1548 1246 liaec?
1563 1214 1672 1255 inquit
1685 1214 1774 1254 Aga-

1091 1273 1256 1296 memnon.
1307 1263 1437 1294 Insanus
1464 1263 1538 1303 quid
1564 1263 1645 1295 enim
1671 1262 1774 1303 Ajax]

1091 1314 1204 1346 verba
1220 1313 1353 1354 plebeii.
1383 1314 1551 1355 [Quorsum
1565 1313 1682 1346 insanis
1693 1314 1776 1344 Vat-

1091 1366 1123 1395 4.
1139 1368 1173 1395 et
1187 1364 1265 1395 Vat.
1278 1363 1374 1395 Rom.
1387 1362 1434 1403 7.]
1782 1379 1786 1382 ·

1134 1415 1196 1444 203
1218 1413 1372 1454 Atreidis]
1397 1412 1638 1454 Agamemnoni
1653 1416 1688 1444 et
1699 1413 1774 1444 Me-

1091 1464 1200 1495 nelao.
1237 1463 1360 1503 [Aer-idi
1375 1463 1454 1495 Vat.
1470 1466 1522 1495 ls.
1541 1473 1560 1494 a
1571 1473 1615 1496 m.
1629 1463 1712 1504 sem]

1131 1516 1191 1544 205
1225 1513 1336 1544 Verum
1364 1522 1420 1551 ego
1443 1516 1479 1543 ut
1506 1513 1669 1553 haerenm]
1699 1512 1775 1544 Hoc

1090 1561 1225 1602 quidem
1251 1561 1411 1601 praetexit
1438 1560 1681 1601 Agamemnon,
1708 1570 1774 1602 quo

1091 1619 1240 1641 caussam
1258 1609 1422 1649 publicam
1438 1609 1568 1649 privato
1588 1608 1665 1640 filiae
1686 1619 1776 1640 amo-

1093 1658 1119 1688 ri
1135 1661 1339 1697 anteponere
1355 1656 1516 1687 videatur.
1543 1657 1610 1688 Sed
1622 1657 1694 1697 ipse
1705 1657 1775 1688 voti

1095 1714 1171 1736 reus
1186 1706 1387 1746 (devoverat
1402 1704 1490 1735 enim
1505 1705 1622 1736 Dianae
1636 1706 1726 1746 quod
1740 1706 1775 1737 in

1095 1766 1154 1788 suo
1175 1765 1277 1797 regno
1299 1754 1535 1796 pulcerrimum
1557 1761 1671 1786 natum
1687 1761 1778 1788 esset

1095 1806 1152 1837 illo
1168 1803 1273 1846 anuo)
1289 1804 1367 1835 mali
1380 1812 1496 1835 caussa
1511 1802 1573 1835 fuit
1583 1814 1594 1834 ε
1609 1808 1688 1836 etut
1700 1808 1779 1835 ante

1096 1860 1223 1887 temere
1253 1853 1424 1892 vovend03
1446 1853 1495 1884 sic
1522 1853 1644 1885 iterum
1663 1857 1779 1884 votum

1095 1904 1308 1946 adimplendo
1319 1904 1466 1944 graviter
1476 1903 1627 1945 deliquit.
1639 1903 1777 1935 Torrent-

1099 1955 1210 1987 Verum
1223 1954 1294 1994 ego]
1315 1953 1510 1994 Respondet
1524 1952 1764 1994 Agamemnon.

1136 2006 1199 2035 206
1222 2003 1378 2043 Prudens]
1398 2002 1601 2034 Prudenter.

1138 2055 1200 2084 207
1225 2053 1342 2093 Nempe
1370 2056 1434 2092 tuo,
1452 2051 1588 2092 furiose]
1609 2051 1685 2083 Tuo
1706 2059 1778 2082 san-

1097 2102 1196 2140 guine
1226 2101 1350 2142 (inquit
1379 2099 1548 2141 plebeius)
1572 2103 1780 2141 quapropter

1095 2148 1237 2179 furiosus
1249 2149 1355 2179 fuisti.
1399 2149 1545 2187 Memmi
1558 2158 1618 2179 non
1626 2147 1780 2188 furiosus]

1094 2197 1174 2228 Meo
1189 2197 1349 2236 sanguine
1367 2201 1484 2227 ventos
1507 2196 1634 2236 placavi
1658 2195 1782 2237 (inquit

1096 2243 1340 2285 Agamemnon)
1367 2244 1426 2276 sed
1449 2253 1515 2275 non
1536 2243 1612 2276 ideo
1635 2242 1780 2275 furiosus

1095 2292 1154 2324 fui.

1139 2344 1201 2373 208
1225 2341 1289 2376 Qui
1302 2341 1413 2381 species
1432 2341 1510 2372 alias
1529 2340 1609 2381 veri]
1631 2341 1782 2373 Lambini

1098 2399 1191 2421 mera
1206 2390 1400 2430 conjectura
1422 2394 1488 2428 est,
1511 2390 1574 2426 Qui
1587 2390 1703 2429 species
1722 2390 1781 2421 ‹212⁶-

1098 2449 1133 2470 as
1147 2440 1248 2471 veris.-
1271 2449 1346 2470 nam
1362 2439 1429 2470 veri
1443 2439 1476 2470 iu
1498 2439 1651 2470 omnibus
1671 2447 1782 2470 exem-

1099 2487 1246 2528 plaribus
1262 2487 1406 2527 legitur:
1424 2490 1459 2518 et
1471 2487 1549 2528 quid
1565 2491 1706 2527 recepta
1715 2487 1783 2518 lec-

1099 2536 1190 2567 tione
1211 2535 1383 2576 apertius?
1425 2536 1565 2567 Factum
1592 2543 1656 2566 non
1682 2539 1784 2576 negat

1100 2585 1329 2626 Agamemnon
1343 2595 1350 2615 :
1375 2584 1434 2615 sed
1450 2587 1553 2625 negat
1565 2582 1669 2614 furori
1678 2583 1782 2615 tribu-

1103 2633 1226 2665 endum
1241 2641 1324 2667 esse,
1340 2632 1426 2673 quod
1439 2631 1623 2672 prudentie
1633 2631 1696 2671 sit3
1712 2641 1784 2663 rem

1104 2682 1274 2723 publicam
1290 2680 1450 2722 praeferre
1467 2680 1620 2721 privatae,
1642 2689 1681 2712 ac
1704 2679 1783 2712 filiae

1102 2731 1260 2771 patriam,
1282 2734 1318 2761 et
1343 2729 1486 2760 Graeciae
1509 2729 1610 2760 totius
1630 2729 1782 2760 salutem.

1102 2782 1228 2814 Verum
1245 2784 1341 2821 urget
1357 2781 1454 2816 alter,
1469 2783 1504 2811 et
1520 2788 1630 2811 errore
1644 2787 1709 2810 non
1724 2787 1782 2809 ex-
