<?xml version="1.0" encoding="UTF-8"?>
<!DOCTYPE html PUBLIC "-//W3C//DTD XHTML 1.0 Transitional//EN"
    "http://www.w3.org/TR/xhtml1/DTD/xhtml1-transitional.dtd">
<html xmlns="http://www.w3.org/1999/xhtml" xml:lang="en" lang="en">
 <head>
  <title>
</title>
<meta http-equiv="Content-Type" content="text/html;charset=utf-8" />
  <meta name='ocr-system' content='tesseract 3.04.00' />
  <meta name='ocr-capabilities' content='ocr_page ocr_carea ocr_par ocr_line ocrx_word'/>
</head>
<body>
  <div class='ocr_page' id='page_1' title='image "./operazeune03horauoft/operazeune03horauoft_0407.png"; bbox 0 0 1930 3204; ppageno 0'>
   <div class='ocr_carea' id='block_1_1' title="bbox 600 264 1137 303">
    <p class='ocr_par' dir='ltr' id='par_1_1' title="bbox 600 264 1137 303">
     <span class='ocr_line' id='line_1_1' title="bbox 600 264 1137 303; baseline 0.004 -5"><span class='ocrx_word' id='word_1_1' title='bbox 600 266 808 298; x_wconf 73' lang='lat' dir='ltr'><strong>HORA&#39;ru</strong></span> <span class='ocrx_word' id='word_1_2' title='bbox 846 267 992 303; x_wconf 81' lang='lat' dir='ltr'><strong>EPOD.</strong></span> <span class='ocrx_word' id='word_1_3' title='bbox 1026 264 1137 300; x_wconf 59' lang='lat' dir='ltr'><strong>Vll&amp;-</strong></span> 
     </span>
    </p>
   </div>
   <div class='ocr_carea' id='block_1_2' title="bbox 141 358 853 2897">
    <p class='ocr_par' dir='ltr' id='par_1_2' title="bbox 147 358 847 501">
     <span class='ocr_line' id='line_1_2' title="bbox 147 358 847 404; baseline -0.003 -12"><span class='ocrx_word' id='word_1_4' title='bbox 147 365 183 392; x_wconf 82' lang='lat' dir='ltr'><strong>et</strong></span> <span class='ocrx_word' id='word_1_5' title='bbox 198 360 343 392; x_wconf 87' lang='lat' dir='ltr'><strong>luridus.</strong></span> <span class='ocrx_word' id='word_1_6' title='bbox 389 360 602 401; x_wconf 72' lang='lat' dir='ltr'><strong>Tumentibus]</strong></span> <span class='ocrx_word' id='word_1_7' title='bbox 619 360 669 404; x_wconf 26' lang='lat' dir='ltr'><strong>*Et</strong></span> <span class='ocrx_word' id='word_1_8' title='bbox 684 358 847 400; x_wconf 83' lang='lat' dir='ltr'><strong>hydropi-</strong></span> 
     </span>
     <span class='ocr_line' id='line_1_3' title="bbox 148 409 846 451; baseline 0 -10"><span class='ocrx_word' id='word_1_9' title='bbox 148 410 199 441; x_wconf 88' lang='lat' dir='ltr'><strong>cis</strong></span> <span class='ocrx_word' id='word_1_10' title='bbox 223 410 312 442; x_wconf 76' lang='lat' dir='ltr'><strong>suris</strong></span> <span class='ocrx_word' id='word_1_11' title='bbox 347 411 475 451; x_wconf 78' lang='lat' dir='ltr'><strong>gracile</strong></span> <span class='ocrx_word' id='word_1_12' title='bbox 502 410 614 442; x_wconf 83' lang='lat' dir='ltr'><strong>femur</strong></span> <span class='ocrx_word' id='word_1_13' title='bbox 641 409 846 450; x_wconf 80' lang='lat' dir='ltr'><strong>appositum,</strong></span> 
     </span>
     <span class='ocr_line' id='line_1_4' title="bbox 147 459 603 501; baseline -0.002 -9"><span class='ocrx_word' id='word_1_14' title='bbox 147 460 239 501; x_wconf 85' lang='lat' dir='ltr'><strong>quod</strong></span> <span class='ocrx_word' id='word_1_15' title='bbox 253 469 347 501; x_wconf 79' lang='lat' dir='ltr'><strong>saepe</strong></span> <span class='ocrx_word' id='word_1_16' title='bbox 362 459 402 492; x_wconf 85' lang='lat' dir='ltr'><strong>fit</strong></span> <span class='ocrx_word' id='word_1_17' title='bbox 416 460 453 492; x_wconf 85' lang='lat' dir='ltr'><strong>in</strong></span> <span class='ocrx_word' id='word_1_18' title='bbox 468 459 603 492; x_wconf 79' lang='lat' dir='ltr'><strong>tabidis.</strong></span> 
     </span>
    </p>

    <p class='ocr_par' dir='ltr' id='par_1_3' title="bbox 141 507 847 941">
     <span class='ocr_line' id='line_1_5' title="bbox 191 507 845 550; baseline -0.006 -7"><span class='ocrx_word' id='word_1_19' title='bbox 191 511 231 543; x_wconf 84' lang='lat' dir='ltr'><strong>u</strong></span> <span class='ocrx_word' id='word_1_20' title='bbox 255 509 338 542; x_wconf 33' lang='lat' dir='ltr'><strong>Euo&gt;</strong></span> <span class='ocrx_word' id='word_1_21' title='bbox 352 509 458 550; x_wconf 73' lang='lat' dir='ltr'><strong>beata]</strong></span> <span class='ocrx_word' id='word_1_22' title='bbox 471 509 581 542; x_wconf 83' lang='lat' dir='ltr'><strong>Dives</strong></span> <span class='ocrx_word' id='word_1_23' title='bbox 595 512 671 540; x_wconf 82' lang='lat' dir='ltr'><strong>esto</strong></span> <span class='ocrx_word' id='word_1_24' title='bbox 693 512 731 540; x_wconf 85' lang='lat' dir='ltr'><strong>et</strong></span> <span class='ocrx_word' id='word_1_25' title='bbox 750 507 845 540; x_wconf 87' lang='lat' dir='ltr'><strong>nobi-</strong></span> 
     </span>
     <span class='ocr_line' id='line_1_6' title="bbox 144 559 846 600; baseline 0 -10"><span class='ocrx_word' id='word_1_26' title='bbox 144 559 199 592; x_wconf 88' lang='lat' dir='ltr'><strong>lis.</strong></span> <span class='ocrx_word' id='word_1_27' title='bbox 241 559 415 600; x_wconf 71' lang='lat' dir='ltr'><strong>Imagines,</strong></span> <span class='ocrx_word' id='word_1_28' title='bbox 429 559 500 600; x_wconf 53' lang='lat' dir='ltr'><strong>aaa]</strong></span> <span class='ocrx_word' id='word_1_29' title='bbox 522 559 647 592; x_wconf 82' lang='lat' dir='ltr'><strong>Quales</strong></span> <span class='ocrx_word' id='word_1_30' title='bbox 663 559 796 591; x_wconf 88' lang='lat' dir='ltr'><strong>scilicet</strong></span> <span class='ocrx_word' id='word_1_31' title='bbox 811 559 846 590; x_wconf 88' lang='lat' dir='ltr'><strong>in</strong></span> 
     </span>
     <span class='ocr_line' id='line_1_7' title="bbox 145 608 847 650; baseline 0.001 -10"><span class='ocrx_word' id='word_1_32' title='bbox 145 608 267 643; x_wconf 74' lang='lat' dir='ltr'><strong>funere</strong></span> <span class='ocrx_word' id='word_1_33' title='bbox 278 610 444 644; x_wconf 80' lang='lat' dir='ltr'><strong>nobilium</strong></span> <span class='ocrx_word' id='word_1_34' title='bbox 454 611 600 642; x_wconf 83' lang='lat' dir='ltr'><strong>virorum</strong></span> <span class='ocrx_word' id='word_1_35' title='bbox 616 608 847 650; x_wconf 82' lang='lat' dir='ltr'><strong>praefereban—</strong></span> 
     </span>
     <span class='ocr_line' id='line_1_8' title="bbox 146 659 847 700; baseline -0.001 -8"><span class='ocrx_word' id='word_1_36' title='bbox 146 663 217 691; x_wconf 77' lang='lat' dir='ltr'><strong>tur.</strong></span> <span class='ocrx_word' id='word_1_37' title='bbox 251 659 348 692; x_wconf 76' lang='lat' dir='ltr'><strong>Idem</strong></span> <span class='ocrx_word' id='word_1_38' title='bbox 364 659 456 692; x_wconf 85' lang='lat' dir='ltr'><strong>enim</strong></span> <span class='ocrx_word' id='word_1_39' title='bbox 467 659 661 692; x_wconf 81' lang='lat' dir='ltr'><strong>mulieribus</strong></span> <span class='ocrx_word' id='word_1_40' title='bbox 677 659 768 700; x_wconf 88' lang='lat' dir='ltr'><strong>apud</strong></span> <span class='ocrx_word' id='word_1_41' title='bbox 781 660 847 691; x_wconf 85' lang='lat' dir='ltr'><strong>Ro·</strong></span> 
     </span>
     <span class='ocr_line' id='line_1_9' title="bbox 146 708 847 751; baseline 0 -10"><span class='ocrx_word' id='word_1_42' title='bbox 146 717 266 743; x_wconf 73' lang='lat' dir='ltr'><strong>manoe</strong></span> <span class='ocrx_word' id='word_1_43' title='bbox 282 709 473 743; x_wconf 64' lang='lat' dir='ltr'><strong>habebatur</strong></span> <span class='ocrx_word' id='word_1_44' title='bbox 497 709 605 741; x_wconf 80' lang='lat' dir='ltr'><strong>honor</strong></span> <span class='ocrx_word' id='word_1_45' title='bbox 625 708 768 749; x_wconf 82' lang='lat' dir='ltr'><strong>funeris,</strong></span> <span class='ocrx_word' id='word_1_46' title='bbox 789 710 847 751; x_wconf 85' lang='lat' dir='ltr'><strong>qui</strong></span> 
     </span>
     <span class='ocr_line' id='line_1_10' title="bbox 145 758 845 800; baseline 0 -10"><span class='ocrx_word' id='word_1_47' title='bbox 145 763 184 791; x_wconf 87' lang='lat' dir='ltr'><strong>et</strong></span> <span class='ocrx_word' id='word_1_48' title='bbox 211 758 303 796; x_wconf 81' lang='lat' dir='ltr'><strong>viris.</strong></span> <span class='ocrx_word' id='word_1_49' title='bbox 316 759 345 791; x_wconf 76' lang='lat' dir='ltr'><strong>ai</strong></span> <span class='ocrx_word' id='word_1_50' title='bbox 359 759 460 793; x_wconf 82' lang='lat' dir='ltr'><strong>modo</strong></span> <span class='ocrx_word' id='word_1_51' title='bbox 469 759 531 800; x_wconf 79' lang='lat' dir='ltr'><strong>jus</strong></span> <span class='ocrx_word' id='word_1_52' title='bbox 543 759 728 799; x_wconf 78' lang='lat' dir='ltr'>imaginum</span> <span class='ocrx_word' id='word_1_53' title='bbox 743 759 845 791; x_wconf 86' lang='lat' dir='ltr'><strong>habe-</strong></span> 
     </span>
     <span class='ocr_line' id='line_1_11' title="bbox 144 808 845 849; baseline 0.001 -9"><span class='ocrx_word' id='word_1_54' title='bbox 144 808 253 847; x_wconf 76' lang='lat' dir='ltr'><strong>bant3</strong></span> <span class='ocrx_word' id='word_1_55' title='bbox 282 808 349 841; x_wconf 80' lang='lat' dir='ltr'><strong>boc</strong></span> <span class='ocrx_word' id='word_1_56' title='bbox 374 813 443 847; x_wconf 82' lang='lat' dir='ltr'><strong>est,</strong></span> <span class='ocrx_word' id='word_1_57' title='bbox 465 809 495 840; x_wconf 82' lang='lat' dir='ltr'><strong>si</strong></span> <span class='ocrx_word' id='word_1_58' title='bbox 517 808 664 849; x_wconf 86' lang='lat' dir='ltr'><strong>majores</strong></span> <span class='ocrx_word' id='word_1_59' title='bbox 695 809 845 841; x_wconf 89' lang='lat' dir='ltr'><strong>curulem</strong></span> 
     </span>
     <span class='ocr_line' id='line_1_12' title="bbox 141 857 846 900; baseline 0 -10"><span class='ocrx_word' id='word_1_60' title='bbox 141 857 289 899; x_wconf 76' lang='lat' dir='ltr'><strong>aliquem</strong></span> <span class='ocrx_word' id='word_1_61' title='bbox 299 858 535 898; x_wconf 77' lang='lat' dir='ltr'><strong>magistratum</strong></span> <span class='ocrx_word' id='word_1_62' title='bbox 546 858 752 900; x_wconf 79' lang='lat' dir='ltr'><strong>gessissent:</strong></span> <span class='ocrx_word' id='word_1_63' title='bbox 766 858 846 890; x_wconf 86' lang='lat' dir='ltr'><strong>iude</strong></span> 
     </span>
     <span class='ocr_line' id='line_1_13' title="bbox 145 906 432 941; baseline 0.007 -2"><span class='ocrx_word' id='word_1_64' title='bbox 145 907 234 939; x_wconf 78' lang='lat' dir='ltr'><strong>anim</strong></span> <span class='ocrx_word' id='word_1_65' title='bbox 257 906 432 941; x_wconf 73' lang='lat' dir='ltr'><strong>nobilitas.</strong></span> 
     </span>
    </p>

    <p class='ocr_par' dir='ltr' id='par_1_4' title="bbox 145 957 847 1199">
     <span class='ocr_line' id='line_1_14' title="bbox 185 957 846 998; baseline -0.002 -8"><span class='ocrx_word' id='word_1_66' title='bbox 185 959 232 990; x_wconf 70' lang='lat'><strong>12·</strong></span> <span class='ocrx_word' id='word_1_67' title='bbox 251 957 380 993; x_wconf 67' lang='lat' dir='ltr'><strong>Ducant</strong></span> <span class='ocrx_word' id='word_1_68' title='bbox 403 958 608 998; x_wconf 71' lang='lat' dir='ltr'><strong>triumphales</strong></span> <span class='ocrx_word' id='word_1_69' title='bbox 628 957 732 998; x_wconf 78' lang='lat' dir='ltr'><strong>tuum]</strong></span> <span class='ocrx_word' id='word_1_70' title='bbox 754 958 846 990; x_wconf 77' lang='lat' dir='ltr'><strong>Prae-</strong></span> 
     </span>
     <span class='ocr_line' id='line_1_15' title="bbox 146 1006 845 1049; baseline 0.001 -10"><span class='ocrx_word' id='word_1_71' title='bbox 146 1006 275 1039; x_wconf 67' lang='lat' dir='ltr'><strong>cadant</strong></span> <span class='ocrx_word' id='word_1_72' title='bbox 302 1007 404 1040; x_wconf 87' lang='lat' dir='ltr'><strong>funus</strong></span> <span class='ocrx_word' id='word_1_73' title='bbox 420 1011 516 1039; x_wconf 89' lang='lat' dir='ltr'><strong>tunm</strong></span> <span class='ocrx_word' id='word_1_74' title='bbox 540 1008 705 1049; x_wconf 81' lang='lat' dir='ltr'><strong>imagines</strong></span> <span class='ocrx_word' id='word_1_75' title='bbox 729 1009 845 1040; x_wconf 85' lang='lat' dir='ltr'><strong>trium-</strong></span> 
     </span>
     <span class='ocr_line' id='line_1_16' title="bbox 145 1056 846 1098; baseline 0.004 -11"><span class='ocrx_word' id='word_1_76' title='bbox 145 1056 274 1097; x_wconf 75' lang='lat' dir='ltr'><strong>phales,</strong></span> <span class='ocrx_word' id='word_1_77' title='bbox 285 1056 320 1088; x_wconf 89' lang='lat' dir='ltr'><strong>id</strong></span> <span class='ocrx_word' id='word_1_78' title='bbox 335 1061 401 1097; x_wconf 82' lang='lat' dir='ltr'><strong>est,</strong></span> <span class='ocrx_word' id='word_1_79' title='bbox 412 1057 577 1098; x_wconf 76' lang='lat' dir='ltr'><strong>imagines</strong></span> <span class='ocrx_word' id='word_1_80' title='bbox 591 1058 756 1098; x_wconf 84' lang='lat' dir='ltr'><strong>majorum</strong></span> <span class='ocrx_word' id='word_1_81' title='bbox 773 1062 846 1090; x_wconf 91' lang='lat' dir='ltr'><strong>tuo-</strong></span> 
     </span>
     <span class='ocr_line' id='line_1_17' title="bbox 145 1106 847 1149; baseline 0.006 -12"><span class='ocrx_word' id='word_1_82' title='bbox 145 1115 232 1145; x_wconf 86' lang='lat' dir='ltr'><strong>rum,</strong></span> <span class='ocrx_word' id='word_1_83' title='bbox 256 1106 314 1147; x_wconf 86' lang='lat' dir='ltr'><strong>qui</strong></span> <span class='ocrx_word' id='word_1_84' title='bbox 330 1106 596 1149; x_wconf 80' lang='lat' dir='ltr'><strong>triumpharunt,</strong></span> <span class='ocrx_word' id='word_1_85' title='bbox 612 1107 653 1138; x_wconf 85' lang='lat' dir='ltr'><strong>ad</strong></span> <span class='ocrx_word' id='word_1_86' title='bbox 671 1108 847 1141; x_wconf 83' lang='lat' dir='ltr'><strong>declaran-</strong></span> 
     </span>
     <span class='ocr_line' id='line_1_18' title="bbox 145 1155 712 1199; baseline 0.005 -12"><span class='ocrx_word' id='word_1_87' title='bbox 145 1155 224 1188; x_wconf 89' lang='lat' dir='ltr'><strong>dam</strong></span> <span class='ocrx_word' id='word_1_88' title='bbox 241 1156 376 1197; x_wconf 84' lang='lat' dir='ltr'><strong>generis</strong></span> <span class='ocrx_word' id='word_1_89' title='bbox 392 1157 445 1188; x_wconf 89' lang='lat' dir='ltr'><strong>tui</strong></span> <span class='ocrx_word' id='word_1_90' title='bbox 460 1158 712 1199; x_wconf 72' lang='lat' dir='ltr'><strong>antiquitatem.</strong></span> 
     </span>
    </p>

    <p class='ocr_par' dir='ltr' id='par_1_5' title="bbox 143 1208 851 2243">
     <span class='ocr_line' id='line_1_19' title="bbox 189 1208 848 1251; baseline 0.005 -13"><span class='ocrx_word' id='word_1_91' title='bbox 189 1209 230 1239; x_wconf 71' lang='lat'><strong>1³</strong></span> <span class='ocrx_word' id='word_1_92' title='bbox 255 1208 505 1240; x_wconf 74' lang='lat' dir='ltr'><strong>Rotundiorilms</strong></span> <span class='ocrx_word' id='word_1_93' title='bbox 522 1210 649 1241; x_wconf 73' lang='lat' dir='ltr'><strong>Onusta</strong></span> <span class='ocrx_word' id='word_1_94' title='bbox 669 1210 768 1251; x_wconf 74' lang='lat' dir='ltr'><strong>bacis]</strong></span> <span class='ocrx_word' id='word_1_95' title='bbox 790 1209 848 1242; x_wconf 91' lang='lat' dir='ltr'><strong>Sic</strong></span> 
     </span>
     <span class='ocr_line' id='line_1_20' title="bbox 145 1257 850 1299; baseline 0.004 -12"><span class='ocrx_word' id='word_1_96' title='bbox 145 1257 276 1297; x_wconf 87' lang='lat' dir='ltr'><strong>optima</strong></span> <span class='ocrx_word' id='word_1_97' title='bbox 292 1267 435 1299; x_wconf 82' lang='lat' dir='ltr'><strong>qna-que</strong></span> <span class='ocrx_word' id='word_1_98' title='bbox 458 1259 682 1299; x_wconf 82' lang='lat' dir='ltr'><strong>exemplaria,</strong></span> <span class='ocrx_word' id='word_1_99' title='bbox 697 1269 764 1290; x_wconf 90' lang='lat' dir='ltr'><strong>uon</strong></span> <span class='ocrx_word' id='word_1_100' title='bbox 780 1259 850 1290; x_wconf 83' lang='lat' dir='ltr'><strong>bac-</strong></span> 
     </span>
     <span class='ocr_line' id='line_1_21' title="bbox 143 1308 850 1349; baseline 0.006 -12"><span class='ocrx_word' id='word_1_101' title='bbox 143 1308 202 1339; x_wconf 82' lang='lat' dir='ltr'><strong>cis.</strong></span> <span class='ocrx_word' id='word_1_102' title='bbox 231 1308 345 1339; x_wconf 77' lang='lat' dir='ltr'><strong>Baccoe</strong></span> <span class='ocrx_word' id='word_1_103' title='bbox 356 1312 471 1339; x_wconf 67' lang='lat' dir='ltr'><strong>alitem</strong></span> <span class='ocrx_word' id='word_1_104' title='bbox 483 1308 620 1348; x_wconf 81' lang='lat' dir='ltr'><strong>proprie</strong></span> <span class='ocrx_word' id='word_1_105' title='bbox 635 1309 735 1349; x_wconf 84' lang='lat' dir='ltr'><strong>lauri,</strong></span> <span class='ocrx_word' id='word_1_106' title='bbox 749 1310 850 1349; x_wconf 87' lang='lat' dir='ltr'><strong>oleae,</strong></span> 
     </span>
     <span class='ocr_line' id='line_1_22' title="bbox 145 1357 851 1398; baseline 0.001 -10"><span class='ocrx_word' id='word_1_107' title='bbox 145 1358 263 1398; x_wconf 81' lang='lat' dir='ltr'><strong>myrti,</strong></span> <span class='ocrx_word' id='word_1_108' title='bbox 275 1357 500 1398; x_wconf 76' lang='lat' dir='ltr'><strong>similiumque</strong></span> <span class='ocrx_word' id='word_1_109' title='bbox 517 1358 676 1388; x_wconf 86' lang='lat' dir='ltr'><strong>arborum</strong></span> <span class='ocrx_word' id='word_1_110' title='bbox 693 1357 827 1389; x_wconf 84' lang='lat' dir='ltr'><strong>fructus</strong></span> <span class='ocrx_word' id='word_1_111' title='bbox 841 1369 851 1397; x_wconf 72' lang='grc' dir='ltr'><strong><em>ς</em></strong></span> 
     </span>
     <span class='ocr_line' id='line_1_23' title="bbox 143 1408 847 1450; baseline 0 -10"><span class='ocrx_word' id='word_1_112' title='bbox 143 1418 165 1439; x_wconf 84' lang='lat' dir='ltr'><strong>a</strong></span> <span class='ocrx_word' id='word_1_113' title='bbox 181 1417 323 1450; x_wconf 83' lang='lat' dir='ltr'><strong>quarum</strong></span> <span class='ocrx_word' id='word_1_114' title='bbox 336 1408 560 1440; x_wconf 79' lang='lat' dir='ltr'><strong>similitudine</strong></span> <span class='ocrx_word' id='word_1_115' title='bbox 575 1408 667 1440; x_wconf 79' lang='lat' dir='ltr'><strong>bacas</strong></span> <span class='ocrx_word' id='word_1_116' title='bbox 675 1409 777 1440; x_wconf 86' lang='lat' dir='ltr'><strong>etiam</strong></span> <span class='ocrx_word' id='word_1_117' title='bbox 791 1419 847 1440; x_wconf 91' lang='lat' dir='ltr'><strong>vo-</strong></span> 
     </span>
     <span class='ocr_line' id='line_1_24' title="bbox 143 1457 849 1500; baseline 0.001 -11"><span class='ocrx_word' id='word_1_118' title='bbox 143 1457 268 1490; x_wconf 85' lang='lat' dir='ltr'><strong>cabant</strong></span> <span class='ocrx_word' id='word_1_119' title='bbox 298 1459 510 1500; x_wconf 75' lang='lat' dir='ltr'><strong>margaritas.</strong></span> <span class='ocrx_word' id='word_1_120' title='bbox 564 1458 616 1491; x_wconf 85' lang='lat' dir='ltr'><strong>Ac</strong></span> <span class='ocrx_word' id='word_1_121' title='bbox 643 1469 702 1491; x_wconf 85' lang='lat' dir='ltr'><strong>eas</strong></span> <span class='ocrx_word' id='word_1_122' title='bbox 732 1459 849 1500; x_wconf 81' lang='lat' dir='ltr'><strong>digitis</strong></span> 
     </span>
     <span class='ocr_line' id='line_1_25' title="bbox 144 1508 848 1549; baseline 0.003 -11"><span class='ocrx_word' id='word_1_123' title='bbox 144 1508 364 1549; x_wconf 70' lang='lat' dir='ltr'><strong>anribusqoe,</strong></span> <span class='ocrx_word' id='word_1_124' title='bbox 394 1514 429 1539; x_wconf 89' lang='lat' dir='ltr'><strong>et</strong></span> <span class='ocrx_word' id='word_1_125' title='bbox 459 1508 597 1549; x_wconf 85' lang='lat' dir='ltr'><strong>quidem</strong></span> <span class='ocrx_word' id='word_1_126' title='bbox 626 1517 720 1549; x_wconf 83' lang='lat' dir='ltr'><strong>saepe</strong></span> <span class='ocrx_word' id='word_1_127' title='bbox 750 1508 848 1540; x_wconf 90' lang='lat' dir='ltr'><strong>binas</strong></span> 
     </span>
     <span class='ocr_line' id='line_1_26' title="bbox 145 1557 849 1600; baseline 0.003 -12"><span class='ocrx_word' id='word_1_128' title='bbox 145 1561 346 1599; x_wconf 82' lang='lat' dir='ltr'><strong>ternasque,</strong></span> <span class='ocrx_word' id='word_1_129' title='bbox 362 1563 500 1599; x_wconf 82' lang='lat' dir='ltr'><strong>gestare</strong></span> <span class='ocrx_word' id='word_1_130' title='bbox 515 1557 717 1590; x_wconf 86' lang='lat' dir='ltr'><strong>feminarum</strong></span> <span class='ocrx_word' id='word_1_131' title='bbox 740 1559 849 1600; x_wconf 87' lang='lat' dir='ltr'><strong>gloria</strong></span> 
     </span>
     <span class='ocr_line' id='line_1_27' title="bbox 143 1607 851 1640; baseline 0.003 -2"><span class='ocrx_word' id='word_1_132' title='bbox 143 1612 232 1639; x_wconf 84' lang='lat' dir='ltr'><strong>erat.</strong></span> <span class='ocrx_word' id='word_1_133' title='bbox 273 1607 352 1640; x_wconf 80' lang='lat' dir='ltr'><strong>Jam</strong></span> <span class='ocrx_word' id='word_1_134' title='bbox 380 1617 461 1640; x_wconf 87' lang='lat' dir='ltr'><strong>vero</strong></span> <span class='ocrx_word' id='word_1_135' title='bbox 491 1617 568 1639; x_wconf 89' lang='lat' dir='ltr'><strong>cum</strong></span> <span class='ocrx_word' id='word_1_136' title='bbox 597 1611 740 1640; x_wconf 77' lang='lat' dir='ltr'><strong>onustam</strong></span> <span class='ocrx_word' id='word_1_137' title='bbox 765 1609 851 1640; x_wconf 83' lang='lat' dir='ltr'><strong>bacis</strong></span> 
     </span>
     <span class='ocr_line' id='line_1_28' title="bbox 144 1657 846 1699; baseline 0.003 -10"><span class='ocrx_word' id='word_1_138' title='bbox 144 1657 231 1690; x_wconf 86' lang='lat' dir='ltr'><strong>dicit</strong></span> <span class='ocrx_word' id='word_1_139' title='bbox 245 1657 368 1698; x_wconf 67' lang='lat' dir='ltr'><strong>Poeta,</strong></span> <span class='ocrx_word' id='word_1_140' title='bbox 378 1668 447 1690; x_wconf 89' lang='lat' dir='ltr'><strong>non</strong></span> <span class='ocrx_word' id='word_1_141' title='bbox 465 1659 572 1690; x_wconf 85' lang='lat' dir='ltr'><strong>solum</strong></span> <span class='ocrx_word' id='word_1_142' title='bbox 583 1669 774 1699; x_wconf 90' lang='lat' dir='ltr'><strong>nnmerum,</strong></span> <span class='ocrx_word' id='word_1_143' title='bbox 786 1660 846 1691; x_wconf 87' lang='lat' dir='ltr'><strong>sed</strong></span> 
     </span>
     <span class='ocr_line' id='line_1_29' title="bbox 143 1707 848 1748; baseline 0.001 -9"><span class='ocrx_word' id='word_1_144' title='bbox 143 1711 179 1739; x_wconf 83' lang='lat' dir='ltr'><strong>et</strong></span> <span class='ocrx_word' id='word_1_145' title='bbox 201 1707 334 1748; x_wconf 82' lang='lat' dir='ltr'><strong>pondus</strong></span> <span class='ocrx_word' id='word_1_146' title='bbox 355 1707 497 1740; x_wconf 85' lang='lat' dir='ltr'><strong>indicat.</strong></span> <span class='ocrx_word' id='word_1_147' title='bbox 542 1709 654 1739; x_wconf 85' lang='lat' dir='ltr'><strong>Recte</strong></span> <span class='ocrx_word' id='word_1_148' title='bbox 669 1709 773 1740; x_wconf 86' lang='lat' dir='ltr'><strong>etiam</strong></span> <span class='ocrx_word' id='word_1_149' title='bbox 790 1718 848 1740; x_wconf 84' lang='lat' dir='ltr'><strong>eas</strong></span> 
     </span>
     <span class='ocr_line' id='line_1_30' title="bbox 144 1756 848 1796; baseline 0.001 -8"><span class='ocrx_word' id='word_1_150' title='bbox 144 1765 166 1787; x_wconf 75' lang='lat' dir='ltr'><strong>a</strong></span> <span class='ocrx_word' id='word_1_151' title='bbox 191 1756 406 1788; x_wconf 81' lang='lat' dir='ltr'><strong>rotunditate</strong></span> <span class='ocrx_word' id='word_1_152' title='bbox 430 1757 668 1796; x_wconf 85' lang='lat' dir='ltr'><strong>commendat3</strong></span> <span class='ocrx_word' id='word_1_153' title='bbox 697 1767 788 1794; x_wconf 90' lang='lat' dir='ltr'><strong>cum,</strong></span> <span class='ocrx_word' id='word_1_154' title='bbox 810 1764 848 1790; x_wconf 90' lang='lat' dir='ltr'><strong>nt</strong></span> 
     </span>
     <span class='ocr_line' id='line_1_31' title="bbox 146 1805 850 1846; baseline 0 -10"><span class='ocrx_word' id='word_1_155' title='bbox 146 1805 284 1836; x_wconf 80' lang='lat' dir='ltr'><strong>Plinius</strong></span> <span class='ocrx_word' id='word_1_156' title='bbox 301 1806 398 1837; x_wconf 87' lang='lat' dir='ltr'><strong>nobis</strong></span> <span class='ocrx_word' id='word_1_157' title='bbox 415 1805 523 1836; x_wconf 85' lang='lat' dir='ltr'><strong>tradit</strong></span> <span class='ocrx_word' id='word_1_158' title='bbox 537 1814 589 1836; x_wconf 82' lang='lat' dir='ltr'><strong>rx.</strong></span> <span class='ocrx_word' id='word_1_159' title='bbox 606 1808 660 1837; x_wconf 78' lang='lat'><strong>35.</strong></span> <span class='ocrx_word' id='word_1_160' title='bbox 682 1810 692 1823; x_wconf 84' lang='lat'><em>‘</em></span> <span class='ocrx_word' id='word_1_161' title='bbox 709 1806 850 1846; x_wconf 81' lang='lat' dir='ltr'><strong>Marga-</strong></span> 
     </span>
     <span class='ocr_line' id='line_1_32' title="bbox 145 1854 847 1895; baseline 0.003 -11"><span class='ocrx_word' id='word_1_162' title='bbox 145 1854 289 1886; x_wconf 86' lang='lat' dir='ltr'><strong>ritarum</strong></span> <span class='ocrx_word' id='word_1_163' title='bbox 305 1854 367 1885; x_wconf 85' lang='lat' dir='ltr'><strong>dos</strong></span> <span class='ocrx_word' id='word_1_164' title='bbox 382 1855 493 1885; x_wconf 78' lang='lat' dir='ltr'><strong>omnis</strong></span> <span class='ocrx_word' id='word_1_165' title='bbox 514 1854 547 1885; x_wconf 89' lang='lat' dir='ltr'><strong>in</strong></span> <span class='ocrx_word' id='word_1_166' title='bbox 572 1854 734 1895; x_wconf 84' lang='lat' dir='ltr'><strong>candore,</strong></span> <span class='ocrx_word' id='word_1_167' title='bbox 755 1864 847 1894; x_wconf 87' lang='lat' dir='ltr'><strong>mag-</strong></span> 
     </span>
     <span class='ocr_line' id='line_1_33' title="bbox 145 1903 846 1945; baseline 0.003 -11"><span class='ocrx_word' id='word_1_168' title='bbox 145 1903 318 1943; x_wconf 86' lang='lat' dir='ltr'><strong>nitudine,</strong></span> <span class='ocrx_word' id='word_1_169' title='bbox 333 1903 430 1945; x_wconf 84' lang='lat' dir='ltr'><strong>orbe,</strong></span> <span class='ocrx_word' id='word_1_170' title='bbox 444 1904 582 1944; x_wconf 81' lang='lat' dir='ltr'><strong>laevore,</strong></span> <span class='ocrx_word' id='word_1_171' title='bbox 599 1904 748 1945; x_wconf 88' lang='lat' dir='ltr'><strong>pondere</strong></span> <span class='ocrx_word' id='word_1_172' title='bbox 765 1915 846 1936; x_wconf 93' lang='lat' dir='ltr'><strong>con-</strong></span> 
     </span>
     <span class='ocr_line' id='line_1_34' title="bbox 147 1952 845 1995; baseline 0.004 -12"><span class='ocrx_word' id='word_1_173' title='bbox 147 1952 272 1984; x_wconf 70' lang='lat' dir='ltr'><strong>sistat:</strong></span> <span class='ocrx_word' id='word_1_174' title='bbox 315 1953 527 1995; x_wconf 78' lang='lat' dir='ltr'><strong>Quamquam</strong></span> <span class='ocrx_word' id='word_1_175' title='bbox 545 1959 580 1985; x_wconf 87' lang='lat' dir='ltr'><strong>et</strong></span> <span class='ocrx_word' id='word_1_176' title='bbox 596 1954 751 1995; x_wconf 87' lang='lat' dir='ltr'><strong>oblongae</strong></span> <span class='ocrx_word' id='word_1_177' title='bbox 774 1956 845 1986; x_wconf 89' lang='lat' dir='ltr'><strong>lau-</strong></span> 
     </span>
     <span class='ocr_line' id='line_1_35' title="bbox 145 2003 847 2045; baseline 0.004 -11"><span class='ocrx_word' id='word_1_178' title='bbox 145 2003 331 2042; x_wconf 84' lang='lat' dir='ltr'><strong>dabantur,</strong></span> <span class='ocrx_word' id='word_1_179' title='bbox 345 2013 428 2045; x_wconf 88' lang='lat' dir='ltr'><strong>quos</strong></span> <span class='ocrx_word' id='word_1_180' title='bbox 447 2007 457 2021; x_wconf 80' lang='lat'><strong><em>⁴</em></strong></span> <span class='ocrx_word' id='word_1_181' title='bbox 469 2005 630 2036; x_wconf 82' lang='lat' dir='ltr'><strong>elenchos</strong></span> <span class='ocrx_word' id='word_1_182' title='bbox 642 2003 652 2018; x_wconf 86' lang='lat'>&#39;</span> <span class='ocrx_word' id='word_1_183' title='bbox 669 2005 847 2045; x_wconf 89' lang='lat' dir='ltr'><strong>vocabant,</strong></span> 
     </span>
     <span class='ocr_line' id='line_1_36' title="bbox 144 2053 851 2095; baseline 0.003 -11"><span class='ocrx_word' id='word_1_184' title='bbox 144 2054 188 2085; x_wconf 79' lang='lat' dir='ltr'><strong>ad</strong></span> <span class='ocrx_word' id='word_1_185' title='bbox 204 2053 335 2084; x_wconf 86' lang='lat' dir='ltr'><strong>aurium</strong></span> <span class='ocrx_word' id='word_1_186' title='bbox 353 2054 526 2095; x_wconf 83' lang='lat' dir='ltr'><strong>praecipue</strong></span> <span class='ocrx_word' id='word_1_187' title='bbox 543 2059 750 2086; x_wconf 86' lang='lat' dir='ltr'><strong>ornamenta.</strong></span> <span class='ocrx_word' id='word_1_188' title='bbox 780 2057 851 2086; x_wconf 92' lang='lat' dir='ltr'><strong>Un-</strong></span> 
     </span>
     <span class='ocr_line' id='line_1_37' title="bbox 144 2102 850 2136; baseline 0.004 -3"><span class='ocrx_word' id='word_1_189' title='bbox 144 2102 188 2133; x_wconf 88' lang='lat' dir='ltr'><strong>de</strong></span> <span class='ocrx_word' id='word_1_190' title='bbox 200 2102 328 2135; x_wconf 85' lang='lat' dir='ltr'><strong>Juven.</strong></span> <span class='ocrx_word' id='word_1_191' title='bbox 342 2102 415 2134; x_wconf 87' lang='lat' dir='ltr'><strong>Sat.</strong></span> <span class='ocrx_word' id='word_1_192' title='bbox 434 2112 483 2134; x_wconf 86' lang='lat' dir='ltr'><strong>vr.</strong></span> <span class='ocrx_word' id='word_1_193' title='bbox 508 2103 518 2120; x_wconf 88' lang='lat'>‘</span> <span class='ocrx_word' id='word_1_194' title='bbox 533 2103 683 2135; x_wconf 84' lang='lat' dir='ltr'><strong>Auribus</strong></span> <span class='ocrx_word' id='word_1_195' title='bbox 700 2106 850 2136; x_wconf 84' lang='lat' dir='ltr'><strong>extensis</strong></span> 
     </span>
     <span class='ocr_line' id='line_1_38' title="bbox 146 2153 848 2194; baseline 0.004 -12"><span class='ocrx_word' id='word_1_196' title='bbox 146 2161 288 2192; x_wconf 80' lang='lat' dir='ltr'><strong>magnos</strong></span> <span class='ocrx_word' id='word_1_197' title='bbox 303 2153 474 2183; x_wconf 85' lang='lat' dir='ltr'><strong>commisit</strong></span> <span class='ocrx_word' id='word_1_198' title='bbox 489 2153 672 2184; x_wconf 59' lang='lat' dir='ltr'><strong>elenchos?</strong></span> <span class='ocrx_word' id='word_1_199' title='bbox 716 2154 786 2194; x_wconf 88' lang='lat' dir='ltr'><strong>[Ne</strong></span> <span class='ocrx_word' id='word_1_200' title='bbox 806 2156 848 2185; x_wconf 77' lang='lat' dir='ltr'><strong>sit</strong></span> 
     </span>
     <span class='ocr_line' id='line_1_39' title="bbox 144 2201 313 2243; baseline -0.012 -8"><span class='ocrx_word' id='word_1_201' title='bbox 144 2201 313 2243; x_wconf 65' lang='lat' dir='ltr'><strong>Guelph]</strong></span> 
     </span>
    </p>

    <p class='ocr_par' dir='ltr' id='par_1_6' title="bbox 146 2255 848 2344">
     <span class='ocr_line' id='line_1_40' title="bbox 187 2255 848 2297; baseline 0.003 -11"><span class='ocrx_word' id='word_1_202' title='bbox 187 2257 230 2287; x_wconf 76' lang='lat'><strong>14</strong></span> <span class='ocrx_word' id='word_1_203' title='bbox 257 2255 351 2286; x_wconf 76' lang='lat' dir='ltr'><strong>Bacis</strong></span> <span class='ocrx_word' id='word_1_204' title='bbox 365 2255 515 2296; x_wconf 77' lang='lat' dir='ltr'><strong>ambulet]</strong></span> <span class='ocrx_word' id='word_1_205' title='bbox 538 2255 740 2295; x_wconf 79' lang='lat' dir='ltr'><strong>Unionibus,</strong></span> <span class='ocrx_word' id='word_1_206' title='bbox 764 2266 848 2297; x_wconf 83' lang='lat' dir='ltr'><strong>quos</strong></span> 
     </span>
     <span class='ocr_line' id='line_1_41' title="bbox 146 2304 670 2344; baseline -0.002 -8"><span class='ocrx_word' id='word_1_207' title='bbox 146 2305 342 2339; x_wconf 75' lang='lat' dir='ltr'><strong>rotunditas</strong></span> <span class='ocrx_word' id='word_1_208' title='bbox 353 2304 469 2336; x_wconf 81' lang='lat' dir='ltr'><strong>reddit</strong></span> <span class='ocrx_word' id='word_1_209' title='bbox 489 2305 670 2344; x_wconf 85' lang='lat' dir='ltr'><strong>pretiosos.</strong></span> 
     </span>
    </p>

    <p class='ocr_par' dir='ltr' id='par_1_7' title="bbox 147 2353 853 2846">
     <span class='ocr_line' id='line_1_42' title="bbox 190 2353 850 2393; baseline 0 -8"><span class='ocrx_word' id='word_1_210' title='bbox 190 2356 231 2385; x_wconf 84' lang='lat'><strong>15</strong></span> <span class='ocrx_word' id='word_1_211' title='bbox 254 2354 368 2385; x_wconf 64' lang='lat' dir='ltr'><strong>Libeui</strong></span> <span class='ocrx_word' id='word_1_212' title='bbox 396 2353 512 2393; x_wconf 79' lang='lat' dir='ltr'><strong>Stoici]</strong></span> <span class='ocrx_word' id='word_1_213' title='bbox 535 2355 644 2384; x_wconf 83' lang='lat' dir='ltr'><strong>Locus</strong></span> <span class='ocrx_word' id='word_1_214' title='bbox 661 2354 850 2393; x_wconf 73' lang='lat' dir='ltr'><strong>obscur-11⁸3</strong></span> 
     </span>
     <span class='ocr_line' id='line_1_43' title="bbox 147 2401 852 2435; baseline 0 0"><span class='ocrx_word' id='word_1_215' title='bbox 147 2411 212 2435; x_wconf 84' lang='lat' dir='ltr'><strong>nec</strong></span> <span class='ocrx_word' id='word_1_216' title='bbox 222 2412 304 2434; x_wconf 82' lang='lat' dir='ltr'><strong>sane</strong></span> <span class='ocrx_word' id='word_1_217' title='bbox 319 2403 461 2434; x_wconf 88' lang='lat' dir='ltr'><strong>multum</strong></span> <span class='ocrx_word' id='word_1_218' title='bbox 474 2401 579 2434; x_wconf 83' lang='lat' dir='ltr'><strong>refert</strong></span> <span class='ocrx_word' id='word_1_219' title='bbox 591 2408 628 2434; x_wconf 87' lang='lat' dir='ltr'><strong>ut</strong></span> <span class='ocrx_word' id='word_1_220' title='bbox 644 2409 740 2434; x_wconf 79' lang='lat' dir='ltr'><strong>recte</strong></span> <span class='ocrx_word' id='word_1_221' title='bbox 753 2404 852 2435; x_wconf 83' lang='lat' dir='ltr'><strong>intel-</strong></span> 
     </span>
     <span class='ocr_line' id='line_1_44' title="bbox 147 2450 851 2493; baseline 0.003 -10"><span class='ocrx_word' id='word_1_222' title='bbox 147 2452 287 2493; x_wconf 82' lang='lat' dir='ltr'><strong>ligatur.</strong></span> <span class='ocrx_word' id='word_1_223' title='bbox 330 2450 386 2483; x_wconf 84' lang='lat' dir='ltr'><strong>Ad</strong></span> <span class='ocrx_word' id='word_1_224' title='bbox 419 2461 513 2482; x_wconf 86' lang='lat' dir='ltr'><strong>oram</strong></span> <span class='ocrx_word' id='word_1_225' title='bbox 544 2452 664 2492; x_wconf 84' lang='lat' dir='ltr'><strong>optimi</strong></span> <span class='ocrx_word' id='word_1_226' title='bbox 690 2453 766 2484; x_wconf 83' lang='lat' dir='ltr'><strong>cod.</strong></span> <span class='ocrx_word' id='word_1_227' title='bbox 801 2455 851 2485; x_wconf 92' lang='lat' dir='ltr'><strong>sic</strong></span> 
     </span>
     <span class='ocr_line' id='line_1_45' title="bbox 149 2502 851 2544; baseline 0 -9"><span class='ocrx_word' id='word_1_228' title='bbox 149 2502 360 2544; x_wconf 84' lang='lat' dir='ltr'><strong>adscriptum</strong></span> <span class='ocrx_word' id='word_1_229' title='bbox 376 2512 385 2532; x_wconf 79' lang='lat'>2</span> <span class='ocrx_word' id='word_1_230' title='bbox 403 2506 412 2520; x_wconf 86' lang='lat'>‘</span> <span class='ocrx_word' id='word_1_231' title='bbox 425 2502 532 2534; x_wconf 84' lang='lat' dir='ltr'><strong>Quasi</strong></span> <span class='ocrx_word' id='word_1_232' title='bbox 544 2502 688 2542; x_wconf 90' lang='lat' dir='ltr'><strong>diceret,</strong></span> <span class='ocrx_word' id='word_1_233' title='bbox 700 2503 781 2544; x_wconf 88' lang='lat' dir='ltr'><strong>quid</strong></span> <span class='ocrx_word' id='word_1_234' title='bbox 798 2513 851 2535; x_wconf 86' lang='lat' dir='ltr'><strong>re-</strong></span> 
     </span>
     <span class='ocr_line' id='line_1_46' title="bbox 150 2552 849 2595; baseline 0 -9"><span class='ocrx_word' id='word_1_235' title='bbox 150 2554 221 2586; x_wconf 81' lang='lat' dir='ltr'><strong>fert</strong></span> <span class='ocrx_word' id='word_1_236' title='bbox 252 2552 345 2595; x_wconf 86' lang='lat' dir='ltr'><strong>quod</strong></span> <span class='ocrx_word' id='word_1_237' title='bbox 376 2553 480 2583; x_wconf 86' lang='lat' dir='ltr'><strong>etiam</strong></span> <span class='ocrx_word' id='word_1_238' title='bbox 507 2557 543 2584; x_wconf 87' lang='lat' dir='ltr'><strong>te</strong></span> <span class='ocrx_word' id='word_1_239' title='bbox 571 2552 745 2585; x_wconf 84' lang='lat' dir='ltr'><strong>literatam</strong></span> <span class='ocrx_word' id='word_1_240' title='bbox 774 2564 849 2586; x_wconf 87' lang='lat' dir='ltr'><strong>esse</strong></span> 
     </span>
     <span class='ocr_line' id='line_1_47' title="bbox 149 2602 850 2644; baseline -0.001 -8"><span class='ocrx_word' id='word_1_241' title='bbox 149 2607 314 2643; x_wconf 74' lang='lat' dir='ltr'><strong>ostentas,</strong></span> <span class='ocrx_word' id='word_1_242' title='bbox 335 2606 374 2634; x_wconf 89' lang='lat' dir='ltr'><strong>ut</strong></span> <span class='ocrx_word' id='word_1_243' title='bbox 395 2611 450 2634; x_wconf 86' lang='lat' dir='ltr'><strong>me</strong></span> <span class='ocrx_word' id='word_1_244' title='bbox 466 2602 509 2634; x_wconf 85' lang='lat' dir='ltr'><strong>ad</strong></span> <span class='ocrx_word' id='word_1_245' title='bbox 525 2607 561 2634; x_wconf 88' lang='lat' dir='ltr'><strong>te</strong></span> <span class='ocrx_word' id='word_1_246' title='bbox 578 2603 756 2635; x_wconf 87' lang='lat' dir='ltr'><strong>amandum</strong></span> <span class='ocrx_word' id='word_1_247' title='bbox 772 2614 850 2644; x_wconf 86' lang='lat' dir='ltr'><strong>pro-</strong></span> 
     </span>
     <span class='ocr_line' id='line_1_48' title="bbox 149 2652 853 2694; baseline 0.001 -9"><span class='ocrx_word' id='word_1_248' title='bbox 149 2663 252 2686; x_wconf 85' lang='lat' dir='ltr'><strong>voces</strong></span> <span class='ocrx_word' id='word_1_249' title='bbox 260 2652 283 2684; x_wconf 86' lang='lat'><strong>?&#39;</strong></span> <span class='ocrx_word' id='word_1_250' title='bbox 327 2653 401 2694; x_wconf 86' lang='lat' dir='ltr'><strong>Ego</strong></span> <span class='ocrx_word' id='word_1_251' title='bbox 418 2662 498 2684; x_wconf 90' lang='lat' dir='ltr'><strong>vero</strong></span> <span class='ocrx_word' id='word_1_252' title='bbox 515 2662 577 2694; x_wconf 91' lang='lat' dir='ltr'><strong>per</strong></span> <span class='ocrx_word' id='word_1_253' title='bbox 589 2653 706 2685; x_wconf 84' lang='lat' dir='ltr'><strong>libellos</strong></span> <span class='ocrx_word' id='word_1_254' title='bbox 720 2653 853 2694; x_wconf 77' lang='lat' dir='ltr'><strong>Stoicos,</strong></span> 
     </span>
     <span class='ocr_line' id='line_1_49' title="bbox 148 2703 848 2746; baseline -0.001 -10"><span class='ocrx_word' id='word_1_255' title='bbox 148 2704 374 2745; x_wconf 86' lang='lat' dir='ltr'><strong>Philosophos</strong></span> <span class='ocrx_word' id='word_1_256' title='bbox 403 2703 495 2744; x_wconf 87' lang='lat' dir='ltr'><strong>ipsos</strong></span> <span class='ocrx_word' id='word_1_257' title='bbox 521 2703 688 2745; x_wconf 86' lang='lat' dir='ltr'><strong>intelligo,</strong></span> <span class='ocrx_word' id='word_1_258' title='bbox 707 2713 848 2746; x_wconf 89' lang='lat' dir='ltr'><strong>quorum</strong></span> 
     </span>
     <span class='ocr_line' id='line_1_50' title="bbox 151 2753 847 2795; baseline 0 -9"><span class='ocrx_word' id='word_1_259' title='bbox 151 2753 472 2794; x_wconf 83' lang='lat' dir='ltr'><strong>amoremjactabat</strong></span> <span class='ocrx_word' id='word_1_260' title='bbox 487 2763 589 2792; x_wconf 76' lang='lat' dir='ltr'><strong>anus;</strong></span> <span class='ocrx_word' id='word_1_261' title='bbox 616 2755 704 2795; x_wconf 86' lang='lat' dir='ltr'><strong>quod</strong></span> <span class='ocrx_word' id='word_1_262' title='bbox 731 2753 847 2786; x_wconf 85' lang='lat' dir='ltr'><strong>formae</strong></span> 
     </span>
     <span class='ocr_line' id='line_1_51' title="bbox 150 2803 847 2846; baseline -0.003 -10"><span class='ocrx_word' id='word_1_263' title='bbox 150 2809 185 2836; x_wconf 91' lang='lat' dir='ltr'><strong>et</strong></span> <span class='ocrx_word' id='word_1_264' title='bbox 208 2804 300 2835; x_wconf 66' lang='lat' dir='ltr'><strong>artati</strong></span> <span class='ocrx_word' id='word_1_265' title='bbox 320 2803 454 2842; x_wconf 83' lang='lat' dir='ltr'><strong>deerat,</strong></span> <span class='ocrx_word' id='word_1_266' title='bbox 468 2803 548 2835; x_wconf 91' lang='lat' dir='ltr'><strong>lecti</strong></span> <span class='ocrx_word' id='word_1_267' title='bbox 566 2803 847 2846; x_wconf 84' lang='lat' dir='ltr'><strong>pulvinorumque</strong></span> 
     </span>
    </p>

    <p class='ocr_par' dir='ltr' id='par_1_8' title="bbox 236 2856 592 2897">
     <span class='ocr_line' id='line_1_52' title="bbox 236 2856 592 2897; baseline -0.006 -8"><span class='ocrx_word' id='word_1_268' title='bbox 236 2856 349 2897; x_wconf 77' lang='lat' dir='ltr'><strong>Delph.</strong></span> <span class='ocrx_word' id='word_1_269' title='bbox 367 2860 395 2888; x_wconf 77' lang='lat' dir='ltr'><strong>et</strong></span> <span class='ocrx_word' id='word_1_270' title='bbox 415 2856 490 2887; x_wconf 85' lang='lat' dir='ltr'><strong>Var.</strong></span> <span class='ocrx_word' id='word_1_271' title='bbox 508 2856 592 2887; x_wconf 73' lang='lat' dir='ltr'><strong>Clas.</strong></span> 
     </span>
    </p>
   </div>
   <div class='ocr_carea' id='block_1_3' title="bbox 819 2857 936 2889">
    <p class='ocr_par' dir='ltr' id='par_1_9' title="bbox 819 2857 936 2889">
     <span class='ocr_line' id='line_1_53' title="bbox 819 2857 936 2889; baseline 0 0"><span class='ocrx_word' id='word_1_272' title='bbox 819 2857 936 2889; x_wconf 69' lang='lat' dir='ltr'><strong>llorat.</strong></span> 
     </span>
    </p>
   </div>
   <div class='ocr_carea' id='block_1_4' title="bbox 1485 254 1597 303">
    <p class='ocr_par' dir='ltr' id='par_1_10' title="bbox 1485 254 1597 303">
     <span class='ocr_line' id='line_1_54' title="bbox 1485 254 1597 303; baseline 0.036 -4"><span class='ocrx_word' id='word_1_273' title='bbox 1485 254 1597 303; x_wconf 75' lang='lat'>1553</span> 
     </span>
    </p>
   </div>
   <div class='ocr_carea' id='block_1_5' title="bbox 897 357 1613 2843">
    <p class='ocr_par' dir='ltr' id='par_1_11' title="bbox 898 357 1608 1439">
     <span class='ocr_line' id='line_1_55' title="bbox 901 357 1603 398; baseline -0.003 -6"><span class='ocrx_word' id='word_1_274' title='bbox 901 359 1047 392; x_wconf 78' lang='lat' dir='ltr'><strong>mollitia</strong></span> <span class='ocrx_word' id='word_1_275' title='bbox 1063 369 1104 391; x_wconf 88' lang='lat' dir='ltr'><strong>ac</strong></span> <span class='ocrx_word' id='word_1_276' title='bbox 1121 357 1252 391; x_wconf 86' lang='lat' dir='ltr'><strong>delitiis</strong></span> <span class='ocrx_word' id='word_1_277' title='bbox 1275 366 1510 398; x_wconf 79' lang='lat' dir='ltr'><strong>compensans.</strong></span> <span class='ocrx_word' id='word_1_278' title='bbox 1554 362 1603 394; x_wconf 73' lang='lat' dir='ltr'><strong>Ax</strong></span> 
     </span>
     <span class='ocr_line' id='line_1_56' title="bbox 898 406 1601 448; baseline 0.001 -8"><span class='ocrx_word' id='word_1_279' title='bbox 898 409 1066 440; x_wconf 82' lang='lat' dir='ltr'><strong>Horatius</strong></span> <span class='ocrx_word' id='word_1_280' title='bbox 1078 407 1162 439; x_wconf 87' lang='lat' dir='ltr'><strong>nibil</strong></span> <span class='ocrx_word' id='word_1_281' title='bbox 1177 406 1262 438; x_wconf 87' lang='lat' dir='ltr'><strong>illud</strong></span> <span class='ocrx_word' id='word_1_282' title='bbox 1278 415 1413 438; x_wconf 86' lang='lat' dir='ltr'><strong>morans</strong></span> <span class='ocrx_word' id='word_1_283' title='bbox 1427 417 1437 446; x_wconf 71' lang='grc' dir='ltr'><strong><em>ς</em></strong></span> <span class='ocrx_word' id='word_1_284' title='bbox 1453 408 1544 448; x_wconf 87' lang='lat' dir='ltr'><strong>qnod</strong></span> <span class='ocrx_word' id='word_1_285' title='bbox 1558 411 1601 441; x_wconf 86' lang='lat' dir='ltr'><strong>ad</strong></span> 
     </span>
     <span class='ocr_line' id='line_1_57' title="bbox 899 455 1602 498; baseline 0 -9"><span class='ocrx_word' id='word_1_286' title='bbox 899 458 1070 489; x_wconf 82' lang='lat' dir='ltr'><strong>Venerem</strong></span> <span class='ocrx_word' id='word_1_287' title='bbox 1085 456 1204 496; x_wconf 81' lang='lat' dir='ltr'><strong>faciat,</strong></span> <span class='ocrx_word' id='word_1_288' title='bbox 1217 455 1371 498; x_wconf 85' lang='lat' dir='ltr'><strong>requirit.</strong></span> <span class='ocrx_word' id='word_1_289' title='bbox 1412 457 1504 491; x_wconf 78' lang='lat' dir='ltr'><strong>,Vide</strong></span> <span class='ocrx_word' id='word_1_290' title='bbox 1517 459 1602 490; x_wconf 83' lang='lat' dir='ltr'><strong>Tur-</strong></span> 
     </span>
     <span class='ocr_line' id='line_1_58' title="bbox 898 505 1603 542; baseline 0.001 -4"><span class='ocrx_word' id='word_1_291' title='bbox 898 507 978 540; x_wconf 87' lang='lat' dir='ltr'><strong>neb.</strong></span> <span class='ocrx_word' id='word_1_292' title='bbox 994 506 1140 539; x_wconf 82' lang='lat' dir='ltr'><strong>Advers.</strong></span> <span class='ocrx_word' id='word_1_293' title='bbox 1157 515 1211 539; x_wconf 80' lang='lat' dir='ltr'><strong>rx.</strong></span> <span class='ocrx_word' id='word_1_294' title='bbox 1225 508 1284 538; x_wconf 74' lang='lat'><strong>23.</strong></span> <span class='ocrx_word' id='word_1_295' title='bbox 1300 510 1338 538; x_wconf 91' lang='lat' dir='ltr'><strong>et</strong></span> <span class='ocrx_word' id='word_1_296' title='bbox 1353 515 1430 540; x_wconf 83' lang='lat' dir='ltr'><strong>xtv.</strong></span> <span class='ocrx_word' id='word_1_297' title='bbox 1446 510 1499 542; x_wconf 85' lang='lat'><strong>10.</strong></span> <span class='ocrx_word' id='word_1_298' title='bbox 1545 505 1603 539; x_wconf 75' lang='lat' dir='ltr'><strong>Li-</strong></span> 
     </span>
     <span class='ocr_line' id='line_1_59' title="bbox 898 556 1602 598; baseline 0 -9"><span class='ocrx_word' id='word_1_299' title='bbox 898 557 972 589; x_wconf 78' lang='lat' dir='ltr'><strong>beni</strong></span> <span class='ocrx_word' id='word_1_300' title='bbox 985 556 1104 598; x_wconf 77' lang='lat' dir='ltr'><strong>Stoici]</strong></span> <span class='ocrx_word' id='word_1_301' title='bbox 1119 556 1348 597; x_wconf 72' lang='lat' dir='ltr'><strong>Philosophiae</strong></span> <span class='ocrx_word' id='word_1_302' title='bbox 1362 556 1514 589; x_wconf 80' lang='lat' dir='ltr'><strong>studium</strong></span> <span class='ocrx_word' id='word_1_303' title='bbox 1530 567 1602 598; x_wconf 66' lang='lat' dir='ltr'><strong>pras</strong></span> 
     </span>
     <span class='ocr_line' id='line_1_60' title="bbox 898 606 1603 648; baseline 0.001 -9"><span class='ocrx_word' id='word_1_304' title='bbox 898 617 936 643; x_wconf 74' lang='lat' dir='ltr'><strong>ss</strong></span> <span class='ocrx_word' id='word_1_305' title='bbox 951 607 1033 648; x_wconf 86' lang='lat' dir='ltr'><strong>fert,</strong></span> <span class='ocrx_word' id='word_1_306' title='bbox 1047 612 1085 639; x_wconf 89' lang='lat' dir='ltr'><strong>nt</strong></span> <span class='ocrx_word' id='word_1_307' title='bbox 1101 606 1309 639; x_wconf 83' lang='lat' dir='ltr'><strong>adveniente</strong></span> <span class='ocrx_word' id='word_1_308' title='bbox 1326 611 1478 640; x_wconf 82' lang='lat' dir='ltr'><strong>amatore</strong></span> <span class='ocrx_word' id='word_1_309' title='bbox 1500 607 1603 640; x_wconf 85' lang='lat' dir='ltr'><strong>docta</strong></span> 
     </span>
     <span class='ocr_line' id='line_1_61' title="bbox 898 656 1605 698; baseline 0.004 -10"><span class='ocrx_word' id='word_1_310' title='bbox 898 661 936 689; x_wconf 91' lang='lat' dir='ltr'><strong>et</strong></span> <span class='ocrx_word' id='word_1_311' title='bbox 948 658 1094 689; x_wconf 81' lang='lat' dir='ltr'><strong>honesta</strong></span> <span class='ocrx_word' id='word_1_312' title='bbox 1111 656 1286 689; x_wconf 88' lang='lat' dir='ltr'><strong>videretur</strong></span> <span class='ocrx_word' id='word_1_313' title='bbox 1301 667 1390 690; x_wconf 89' lang='lat' dir='ltr'><strong>esse.</strong></span> <span class='ocrx_word' id='word_1_314' title='bbox 1433 658 1549 698; x_wconf 88' lang='lat' dir='ltr'><strong>Absit,</strong></span> <span class='ocrx_word' id='word_1_315' title='bbox 1564 664 1605 691; x_wconf 91' lang='lat' dir='ltr'><strong>ut</strong></span> 
     </span>
     <span class='ocr_line' id='line_1_62' title="bbox 898 707 1604 749; baseline 0.003 -10"><span class='ocrx_word' id='word_1_316' title='bbox 898 708 962 740; x_wconf 85' lang='lat' dir='ltr'><strong>hac</strong></span> <span class='ocrx_word' id='word_1_317' title='bbox 987 712 1105 739; x_wconf 87' lang='lat' dir='ltr'><strong>nostra</strong></span> <span class='ocrx_word' id='word_1_318' title='bbox 1129 712 1233 739; x_wconf 68' lang='lat' dir='ltr'><strong>aetate</strong></span> <span class='ocrx_word' id='word_1_319' title='bbox 1261 707 1332 739; x_wconf 88' lang='lat' dir='ltr'><strong>sint</strong></span> <span class='ocrx_word' id='word_1_320' title='bbox 1353 708 1454 749; x_wconf 81' lang='lat' dir='ltr'><strong>hujus</strong></span> <span class='ocrx_word' id='word_1_321' title='bbox 1482 707 1604 742; x_wconf 82' lang='lat' dir='ltr'><strong>farinae</strong></span> 
     </span>
     <span class='ocr_line' id='line_1_63' title="bbox 899 757 1602 799; baseline 0.001 -10"><span class='ocrx_word' id='word_1_322' title='bbox 899 758 978 789; x_wconf 82' lang='lat' dir='ltr'><strong>ullae</strong></span> <span class='ocrx_word' id='word_1_323' title='bbox 1003 757 1176 798; x_wconf 85' lang='lat' dir='ltr'><strong>mulieres,</strong></span> <span class='ocrx_word' id='word_1_324' title='bbox 1207 767 1283 799; x_wconf 74' lang='lat' dir='ltr'><strong>qua».</strong></span> <span class='ocrx_word' id='word_1_325' title='bbox 1309 757 1422 789; x_wconf 85' lang='lat' dir='ltr'><strong>Biblia</strong></span> <span class='ocrx_word' id='word_1_326' title='bbox 1446 758 1553 790; x_wconf 83' lang='lat' dir='ltr'><strong>Sacra</strong></span> <span class='ocrx_word' id='word_1_327' title='bbox 1567 759 1602 790; x_wconf 91' lang='lat' dir='ltr'><strong>in</strong></span> 
     </span>
     <span class='ocr_line' id='line_1_64' title="bbox 901 806 1603 850; baseline 0.001 -11"><span class='ocrx_word' id='word_1_328' title='bbox 901 808 1054 839; x_wconf 85' lang='lat' dir='ltr'><strong>manibus</strong></span> <span class='ocrx_word' id='word_1_329' title='bbox 1069 807 1294 849; x_wconf 78' lang='lat' dir='ltr'><strong>ad.templum</strong></span> <span class='ocrx_word' id='word_1_330' title='bbox 1314 806 1482 848; x_wconf 87' lang='lat' dir='ltr'><strong>ferentes,</strong></span> <span class='ocrx_word' id='word_1_331' title='bbox 1498 813 1603 850; x_wconf 87' lang='lat' dir='ltr'><strong>atque</strong></span> 
     </span>
     <span class='ocr_line' id='line_1_65' title="bbox 901 857 1604 900; baseline -0.001 -10"><span class='ocrx_word' id='word_1_332' title='bbox 901 859 957 890; x_wconf 87' lang='lat' dir='ltr'><strong>illa</strong></span> <span class='ocrx_word' id='word_1_333' title='bbox 970 858 1062 890; x_wconf 89' lang='lat' dir='ltr'><strong>domi</strong></span> <span class='ocrx_word' id='word_1_334' title='bbox 1079 859 1168 890; x_wconf 81' lang='lat' dir='ltr'><strong>inter</strong></span> <span class='ocrx_word' id='word_1_335' title='bbox 1180 857 1373 900; x_wconf 81' lang='lat' dir='ltr'><strong>pulvinaria</strong></span> <span class='ocrx_word' id='word_1_336' title='bbox 1385 863 1604 900; x_wconf 81' lang='lat' dir='ltr'><strong>reponentes,</strong></span> 
     </span>
     <span class='ocr_line' id='line_1_66' title="bbox 901 908 1604 944; baseline 0 -3"><span class='ocrx_word' id='word_1_337' title='bbox 901 909 945 941; x_wconf 88' lang='lat' dir='ltr'><strong>de</strong></span> <span class='ocrx_word' id='word_1_338' title='bbox 967 909 1070 942; x_wconf 86' lang='lat' dir='ltr'><strong>rebus</strong></span> <span class='ocrx_word' id='word_1_339' title='bbox 1091 909 1216 941; x_wconf 81' lang='lat' dir='ltr'><strong>divinis</strong></span> <span class='ocrx_word' id='word_1_340' title='bbox 1231 913 1269 941; x_wconf 91' lang='lat' dir='ltr'><strong>et</strong></span> <span class='ocrx_word' id='word_1_341' title='bbox 1284 908 1398 940; x_wconf 80' lang='lat' dir='ltr'><strong>arduis</strong></span> <span class='ocrx_word' id='word_1_342' title='bbox 1413 918 1480 944; x_wconf 86' lang='lat' dir='ltr'><strong>non</strong></span> <span class='ocrx_word' id='word_1_343' title='bbox 1495 910 1604 941; x_wconf 88' lang='lat' dir='ltr'><strong>solum</strong></span> 
     </span>
     <span class='ocr_line' id='line_1_67' title="bbox 898 959 1605 992; baseline 0 0"><span class='ocrx_word' id='word_1_344' title='bbox 898 960 989 992; x_wconf 85' lang='lat' dir='ltr'><strong>inter</strong></span> <span class='ocrx_word' id='word_1_345' title='bbox 1014 970 1051 991; x_wconf 82' lang='lat' dir='ltr'><strong>se</strong></span> <span class='ocrx_word' id='word_1_346' title='bbox 1073 965 1110 992; x_wconf 90' lang='lat' dir='ltr'><strong>et</strong></span> <span class='ocrx_word' id='word_1_347' title='bbox 1129 969 1208 992; x_wconf 87' lang='lat' dir='ltr'><strong>cum</strong></span> <span class='ocrx_word' id='word_1_348' title='bbox 1227 959 1296 991; x_wconf 87' lang='lat' dir='ltr'><strong>suis</strong></span> <span class='ocrx_word' id='word_1_349' title='bbox 1312 960 1447 992; x_wconf 87' lang='lat' dir='ltr'><strong>maritis</strong></span> <span class='ocrx_word' id='word_1_350' title='bbox 1464 970 1605 992; x_wconf 85' lang='lat' dir='ltr'><strong>concer-</strong></span> 
     </span>
     <span class='ocr_line' id='line_1_68' title="bbox 899 1010 1606 1051; baseline 0 -9"><span class='ocrx_word' id='word_1_351' title='bbox 899 1013 975 1042; x_wconf 83' lang='lat' dir='ltr'><strong>tare</strong></span> <span class='ocrx_word' id='word_1_352' title='bbox 990 1011 1118 1051; x_wconf 80' lang='lat' dir='ltr'><strong>solent,</strong></span> <span class='ocrx_word' id='word_1_353' title='bbox 1130 1010 1191 1041; x_wconf 87' lang='lat' dir='ltr'><strong>sed</strong></span> <span class='ocrx_word' id='word_1_354' title='bbox 1214 1010 1320 1042; x_wconf 82' lang='lat' dir='ltr'><strong>etiam</strong></span> <span class='ocrx_word' id='word_1_355' title='bbox 1343 1019 1421 1042; x_wconf 85' lang='lat' dir='ltr'><strong>cum</strong></span> <span class='ocrx_word' id='word_1_356' title='bbox 1446 1010 1606 1042; x_wconf 84' lang='lat' dir='ltr'><strong>eruditis-</strong></span> 
     </span>
     <span class='ocr_line' id='line_1_69' title="bbox 900 1059 1605 1100; baseline 0.001 -9"><span class='ocrx_word' id='word_1_357' title='bbox 900 1060 996 1091; x_wconf 86' lang='lat' dir='ltr'><strong>simis</strong></span> <span class='ocrx_word' id='word_1_358' title='bbox 1010 1060 1206 1099; x_wconf 76' lang='lat' dir='ltr'><strong>Theologiae</strong></span> <span class='ocrx_word' id='word_1_359' title='bbox 1221 1059 1472 1100; x_wconf 83' lang='lat' dir='ltr'><strong>professoribus</strong></span> <span class='ocrx_word' id='word_1_360' title='bbox 1486 1070 1605 1092; x_wconf 87' lang='lat' dir='ltr'><strong>manus</strong></span> 
     </span>
     <span class='ocr_line' id='line_1_70' title="bbox 899 1109 1606 1152; baseline 0.003 -12"><span class='ocrx_word' id='word_1_361' title='bbox 899 1118 1081 1141; x_wconf 85' lang='lat' dir='ltr'><strong>conserere</strong></span> <span class='ocrx_word' id='word_1_362' title='bbox 1092 1109 1254 1149; x_wconf 87' lang='lat' dir='ltr'><strong>audeant,</strong></span> <span class='ocrx_word' id='word_1_363' title='bbox 1267 1119 1309 1141; x_wconf 89' lang='lat' dir='ltr'><strong>eo</strong></span> <span class='ocrx_word' id='word_1_364' title='bbox 1318 1110 1475 1141; x_wconf 84' lang='lat' dir='ltr'><strong>nimirum</strong></span> <span class='ocrx_word' id='word_1_365' title='bbox 1491 1116 1529 1142; x_wconf 90' lang='lat' dir='ltr'><strong>ut</strong></span> <span class='ocrx_word' id='word_1_366' title='bbox 1541 1111 1606 1152; x_wconf 68' lang='lat' dir='ltr'><strong>pin</strong></span> 
     </span>
     <span class='ocr_line' id='line_1_71' title="bbox 901 1159 1606 1201; baseline 0.004 -11"><span class='ocrx_word' id='word_1_367' title='bbox 901 1163 1007 1200; x_wconf 85' lang='lat' dir='ltr'><strong>atque</strong></span> <span class='ocrx_word' id='word_1_368' title='bbox 1031 1159 1211 1199; x_wconf 73' lang='lat' dir='ltr'><strong>religiosae,</strong></span> <span class='ocrx_word' id='word_1_369' title='bbox 1231 1159 1350 1200; x_wconf 89' lang='lat' dir='ltr'><strong>specie</strong></span> <span class='ocrx_word' id='word_1_370' title='bbox 1374 1165 1520 1201; x_wconf 81' lang='lat' dir='ltr'><strong>tautum,</strong></span> <span class='ocrx_word' id='word_1_371' title='bbox 1540 1169 1606 1193; x_wconf 89' lang='lat' dir='ltr'><strong>non</strong></span> 
     </span>
     <span class='ocr_line' id='line_1_72' title="bbox 901 1209 1606 1242; baseline 0.004 -3"><span class='ocrx_word' id='word_1_372' title='bbox 901 1219 1023 1240; x_wconf 85' lang='lat' dir='ltr'><strong>revera</strong></span> <span class='ocrx_word' id='word_1_373' title='bbox 1042 1219 1118 1240; x_wconf 83' lang='lat' dir='ltr'><strong>esse</strong></span> <span class='ocrx_word' id='word_1_374' title='bbox 1135 1209 1326 1241; x_wconf 83' lang='lat' dir='ltr'><strong>videantur.</strong></span> <span class='ocrx_word' id='word_1_375' title='bbox 1373 1210 1452 1242; x_wconf 82' lang='lat' dir='ltr'><strong>Non</strong></span> <span class='ocrx_word' id='word_1_376' title='bbox 1469 1216 1521 1241; x_wconf 89' lang='lat' dir='ltr'><strong>est</strong></span> <span class='ocrx_word' id='word_1_377' title='bbox 1537 1219 1606 1242; x_wconf 90' lang='lat' dir='ltr'><strong>me-</strong></span> 
     </span>
     <span class='ocr_line' id='line_1_73' title="bbox 903 1259 1608 1300; baseline 0.004 -11"><span class='ocrx_word' id='word_1_378' title='bbox 903 1269 958 1290; x_wconf 91' lang='lat' dir='ltr'><strong>um</strong></span> <span class='ocrx_word' id='word_1_379' title='bbox 983 1259 1153 1299; x_wconf 87' lang='lat' dir='ltr'><strong>judicare.</strong></span> <span class='ocrx_word' id='word_1_380' title='bbox 1191 1259 1268 1290; x_wconf 88' lang='lat' dir='ltr'><strong>Hoc</strong></span> <span class='ocrx_word' id='word_1_381' title='bbox 1296 1264 1427 1291; x_wconf 84' lang='lat' dir='ltr'><strong>tantum</strong></span> <span class='ocrx_word' id='word_1_382' title='bbox 1454 1260 1544 1300; x_wconf 90' lang='lat' dir='ltr'><strong>dico,</strong></span> <span class='ocrx_word' id='word_1_383' title='bbox 1558 1262 1608 1292; x_wconf 75' lang='lat' dir='ltr'><strong>&#39;ut</strong></span> 
     </span>
     <span class='ocr_line' id='line_1_74' title="bbox 901 1307 1607 1351; baseline 0.004 -12"><span class='ocrx_word' id='word_1_384' title='bbox 901 1309 1067 1347; x_wconf 81' lang='lat' dir='ltr'><strong>virorum,</strong></span> <span class='ocrx_word' id='word_1_385' title='bbox 1078 1309 1128 1339; x_wconf 88' lang='lat' dir='ltr'><strong>sic</strong></span> <span class='ocrx_word' id='word_1_386' title='bbox 1143 1307 1356 1340; x_wconf 78' lang='lat' dir='ltr'><strong>foeminarum</strong></span> <span class='ocrx_word' id='word_1_387' title='bbox 1369 1310 1446 1341; x_wconf 82' lang='lat' dir='ltr'><strong>aliae</strong></span> <span class='ocrx_word' id='word_1_388' title='bbox 1456 1316 1535 1341; x_wconf 84' lang='lat' dir='ltr'><strong>sunt</strong></span> <span class='ocrx_word' id='word_1_389' title='bbox 1545 1311 1607 1351; x_wconf 82' lang='lat' dir='ltr'><strong>hy-</strong></span> 
     </span>
     <span class='ocr_line' id='line_1_75' title="bbox 903 1358 1606 1399; baseline 0.004 -11"><span class='ocrx_word' id='word_1_390' title='bbox 903 1359 1060 1399; x_wconf 81' lang='lat' dir='ltr'><strong>pocritae,</strong></span> <span class='ocrx_word' id='word_1_391' title='bbox 1085 1358 1161 1389; x_wconf 86' lang='lat' dir='ltr'><strong>aliae</strong></span> <span class='ocrx_word' id='word_1_392' title='bbox 1186 1359 1372 1399; x_wconf 69' lang='lat' dir='ltr'><strong>religiosae,</strong></span> <span class='ocrx_word' id='word_1_393' title='bbox 1391 1369 1468 1391; x_wconf 88' lang='lat' dir='ltr'><strong>cum</strong></span> <span class='ocrx_word' id='word_1_394' title='bbox 1497 1360 1606 1399; x_wconf 82' lang='lat' dir='ltr'><strong>libris,</strong></span> 
     </span>
     <span class='ocr_line' id='line_1_76' title="bbox 903 1408 1100 1439; baseline -0.005 0"><span class='ocrx_word' id='word_1_395' title='bbox 903 1409 974 1439; x_wconf 88' lang='lat' dir='ltr'><strong>sine</strong></span> <span class='ocrx_word' id='word_1_396' title='bbox 992 1408 1100 1439; x_wconf 86' lang='lat' dir='ltr'><strong>libris.</strong></span> 
     </span>
    </p>

    <p class='ocr_par' dir='ltr' id='par_1_12' title="bbox 946 1457 1284 1498">
     <span class='ocr_line' id='line_1_77' title="bbox 946 1457 1284 1498; baseline 0 -10"><span class='ocrx_word' id='word_1_397' title='bbox 946 1461 987 1488; x_wconf 81' lang='lat'><strong>16</strong></span> <span class='ocrx_word' id='word_1_398' title='bbox 1004 1457 1138 1498; x_wconf 76' lang='lat' dir='ltr'><strong>Amant]</strong></span> <span class='ocrx_word' id='word_1_399' title='bbox 1151 1457 1284 1488; x_wconf 86' lang='lat' dir='ltr'><strong>Solent.</strong></span> 
     </span>
    </p>

    <p class='ocr_par' dir='ltr' id='par_1_13' title="bbox 897 1507 1609 1849">
     <span class='ocr_line' id='line_1_78' title="bbox 946 1507 1608 1546; baseline 0.006 -8"><span class='ocrx_word' id='word_1_400' title='bbox 946 1510 986 1539; x_wconf 85' lang='grc'><strong>17</strong></span> <span class='ocrx_word' id='word_1_401' title='bbox 997 1507 1150 1539; x_wconf 69' lang='lat' dir='ltr'><strong>Illicerati</strong></span> <span class='ocrx_word' id='word_1_402' title='bbox 1162 1507 1252 1546; x_wconf 80' lang='lat' dir='ltr'><strong>num]</strong></span> <span class='ocrx_word' id='word_1_403' title='bbox 1265 1507 1516 1541; x_wconf 85' lang='lat' dir='ltr'><strong>Inernditorum</strong></span> <span class='ocrx_word' id='word_1_404' title='bbox 1529 1519 1608 1542; x_wconf 87' lang='lat' dir='ltr'><strong>ner-</strong></span> 
     </span>
     <span class='ocr_line' id='line_1_79' title="bbox 900 1557 1607 1601; baseline 0.006 -12"><span class='ocrx_word' id='word_1_405' title='bbox 900 1557 946 1599; x_wconf 86' lang='lat' dir='ltr'><strong>vi,</strong></span> <span class='ocrx_word' id='word_1_406' title='bbox 959 1557 1010 1599; x_wconf 90' lang='lat' dir='ltr'><strong>(id</strong></span> <span class='ocrx_word' id='word_1_407' title='bbox 1027 1562 1092 1597; x_wconf 83' lang='lat' dir='ltr'><strong>est,</strong></span> <span class='ocrx_word' id='word_1_408' title='bbox 1118 1567 1222 1599; x_wconf 79' lang='lat' dir='ltr'><strong>penes</strong></span> <span class='ocrx_word' id='word_1_409' title='bbox 1238 1558 1292 1589; x_wconf 83' lang='lat' dir='ltr'><strong>vel</strong></span> <span class='ocrx_word' id='word_1_410' title='bbox 1316 1559 1509 1601; x_wconf 80' lang='lat' dir='ltr'><strong>mentnlae‚)</strong></span> <span class='ocrx_word' id='word_1_411' title='bbox 1533 1561 1607 1593; x_wconf 87' lang='lat' dir='ltr'><strong>sine</strong></span> 
     </span>
     <span class='ocr_line' id='line_1_80' title="bbox 897 1608 1608 1652; baseline 0.004 -12"><span class='ocrx_word' id='word_1_412' title='bbox 897 1609 1022 1647; x_wconf 83' lang='lat' dir='ltr'><strong>literis,</strong></span> <span class='ocrx_word' id='word_1_413' title='bbox 1037 1617 1116 1640; x_wconf 89' lang='lat' dir='ltr'><strong>num</strong></span> <span class='ocrx_word' id='word_1_414' title='bbox 1129 1608 1238 1639; x_wconf 89' lang='lat' dir='ltr'><strong>minus</strong></span> <span class='ocrx_word' id='word_1_415' title='bbox 1251 1609 1466 1649; x_wconf 82' lang='lat' dir='ltr'><strong>arriguntur?</strong></span> <span class='ocrx_word' id='word_1_416' title='bbox 1491 1611 1585 1652; x_wconf 85' lang='lat' dir='ltr'><strong>Lege</strong></span> <span class='ocrx_word' id='word_1_417' title='bbox 1599 1622 1608 1643; x_wconf 76' lang='grc' dir='ltr'><em>τ</em></span> 
     </span>
     <span class='ocr_line' id='line_1_81' title="bbox 899 1658 1609 1698; baseline 0.006 -9"><span class='ocrx_word' id='word_1_418' title='bbox 899 1658 1070 1690; x_wconf 77' lang='lat' dir='ltr'><strong>Illiteratis</strong></span> <span class='ocrx_word' id='word_1_419' title='bbox 1084 1668 1158 1689; x_wconf 81' lang='lat' dir='ltr'><strong>num</strong></span> <span class='ocrx_word' id='word_1_420' title='bbox 1167 1658 1269 1689; x_wconf 78' lang='lat' dir='ltr'><strong>minus</strong></span> <span class='ocrx_word' id='word_1_421' title='bbox 1280 1660 1370 1690; x_wconf 75' lang='lat' dir='ltr'><strong>nervi</strong></span> <span class='ocrx_word' id='word_1_422' title='bbox 1383 1661 1488 1698; x_wconf 70' lang='lat' dir='ltr'><strong>rigent</strong></span> <span class='ocrx_word' id='word_1_423' title='bbox 1500 1659 1517 1692; x_wconf 85' lang='lat'><strong><em>?</em></strong></span> <span class='ocrx_word' id='word_1_424' title='bbox 1532 1663 1609 1692; x_wconf 84' lang='lat' dir='ltr'><strong>Ma-</strong></span> 
     </span>
     <span class='ocr_line' id='line_1_82' title="bbox 897 1707 1606 1750; baseline 0.007 -13"><span class='ocrx_word' id='word_1_425' title='bbox 897 1708 988 1746; x_wconf 77' lang='lat' dir='ltr'><strong>gisre</strong></span> <span class='ocrx_word' id='word_1_426' title='bbox 1002 1707 1319 1745; x_wconf 76' lang='lat' dir='ltr'><strong>languetsascinum?</strong></span> <span class='ocrx_word' id='word_1_427' title='bbox 1341 1707 1494 1748; x_wconf 77' lang='lat' dir='ltr'><strong>subaudi,</strong></span> <span class='ocrx_word' id='word_1_428' title='bbox 1505 1720 1606 1750; x_wconf 86' lang='lat' dir='ltr'><strong>quam</strong></span> 
     </span>
     <span class='ocr_line' id='line_1_83' title="bbox 898 1756 1605 1797; baseline 0.008 -11"><span class='ocrx_word' id='word_1_429' title='bbox 898 1757 1057 1787; x_wconf 81' lang='lat' dir='ltr'><strong>literatis.</strong></span> <span class='ocrx_word' id='word_1_430' title='bbox 1082 1756 1193 1787; x_wconf 76' lang='lat' dir='ltr'><strong>Guiet.</strong></span> <span class='ocrx_word' id='word_1_431' title='bbox 1245 1757 1428 1797; x_wconf 79' lang='lat' dir='ltr'><strong>[Illiteratis</strong></span> <span class='ocrx_word' id='word_1_432' title='bbox 1456 1769 1517 1790; x_wconf 77' lang='lat' dir='ltr'><strong>non</strong></span> <span class='ocrx_word' id='word_1_433' title='bbox 1547 1762 1605 1792; x_wconf 88' lang='lat' dir='ltr'><strong>mi-</strong></span> 
     </span>
     <span class='ocr_line' id='line_1_84' title="bbox 900 1805 1479 1849; baseline 0.005 -13"><span class='ocrx_word' id='word_1_434' title='bbox 900 1815 958 1836; x_wconf 80' lang='lat' dir='ltr'><strong>nus</strong></span> <span class='ocrx_word' id='word_1_435' title='bbox 974 1805 1076 1836; x_wconf 90' lang='lat' dir='ltr'><strong>codd.</strong></span> <span class='ocrx_word' id='word_1_436' title='bbox 1093 1815 1149 1846; x_wconf 87' lang='lat' dir='ltr'><strong>ap.</strong></span> <span class='ocrx_word' id='word_1_437' title='bbox 1164 1806 1268 1837; x_wconf 89' lang='lat' dir='ltr'><strong>Feam</strong></span> <span class='ocrx_word' id='word_1_438' title='bbox 1285 1811 1321 1838; x_wconf 88' lang='lat' dir='ltr'><strong>et</strong></span> <span class='ocrx_word' id='word_1_439' title='bbox 1338 1807 1479 1849; x_wconf 83' lang='lat' dir='ltr'><strong>Jaeck.]</strong></span> 
     </span>
    </p>

    <p class='ocr_par' dir='ltr' id='par_1_14' title="bbox 903 1855 1613 2843">
     <span class='ocr_line' id='line_1_85' title="bbox 947 1855 1607 1895; baseline 0.008 -9"><span class='ocrx_word' id='word_1_440' title='bbox 947 1858 989 1886; x_wconf 86' lang='grc'><strong>18</strong></span> <span class='ocrx_word' id='word_1_441' title='bbox 1015 1855 1197 1895; x_wconf 81' lang='lat' dir='ltr'><strong>Fuscinum]</strong></span> <span class='ocrx_word' id='word_1_442' title='bbox 1229 1856 1407 1888; x_wconf 80' lang='lat' dir='ltr'><strong>Fascinum</strong></span> <span class='ocrx_word' id='word_1_443' title='bbox 1429 1863 1483 1890; x_wconf 85' lang='lat' dir='ltr'><strong>est</strong></span> <span class='ocrx_word' id='word_1_444' title='bbox 1511 1859 1607 1891; x_wconf 87' lang='lat' dir='ltr'><strong>virile</strong></span> 
     </span>
     <span class='ocr_line' id='line_1_86' title="bbox 905 1905 1608 1950; baseline 0.009 -15"><span class='ocrx_word' id='word_1_445' title='bbox 905 1905 1107 1943; x_wconf 88' lang='lat' dir='ltr'><strong>membrum,</strong></span> <span class='ocrx_word' id='word_1_446' title='bbox 1122 1906 1216 1946; x_wconf 86' lang='lat' dir='ltr'><strong>cujus</strong></span> <span class='ocrx_word' id='word_1_447' title='bbox 1231 1906 1365 1946; x_wconf 79' lang='lat' dir='ltr'><strong>species</strong></span> <span class='ocrx_word' id='word_1_448' title='bbox 1376 1917 1395 1938; x_wconf 91' lang='lat' dir='ltr'><strong>e</strong></span> <span class='ocrx_word' id='word_1_449' title='bbox 1407 1909 1497 1940; x_wconf 90' lang='lat' dir='ltr'><strong>collo</strong></span> <span class='ocrx_word' id='word_1_450' title='bbox 1510 1911 1608 1950; x_wconf 88' lang='lat' dir='ltr'><strong>pueri</strong></span> 
     </span>
     <span class='ocr_line' id='line_1_87' title="bbox 904 1954 1608 1996; baseline 0.009 -11"><span class='ocrx_word' id='word_1_451' title='bbox 904 1965 1069 1996; x_wconf 81' lang='lat' dir='ltr'><strong>suspensa</strong></span> <span class='ocrx_word' id='word_1_452' title='bbox 1075 1954 1353 1988; x_wconf 77' lang='lat' dir='ltr'><strong>fascinationibu</strong></span> <span class='ocrx_word' id='word_1_453' title='bbox 1362 1963 1436 1989; x_wconf 86' lang='lat' dir='ltr'><strong>erat</strong></span> <span class='ocrx_word' id='word_1_454' title='bbox 1446 1959 1608 1991; x_wconf 82' lang='lat' dir='ltr'><strong>remedio.</strong></span> 
     </span>
     <span class='ocr_line' id='line_1_88' title="bbox 909 2005 1608 2050; baseline 0.007 -14"><span class='ocrx_word' id='word_1_455' title='bbox 909 2005 1088 2046; x_wconf 73' lang='lat' dir='ltr'><strong>Fascinum]</strong></span> <span class='ocrx_word' id='word_1_456' title='bbox 1113 2005 1190 2036; x_wconf 89' lang='lat' dir='ltr'><strong>Hoc</strong></span> <span class='ocrx_word' id='word_1_457' title='bbox 1214 2006 1289 2036; x_wconf 90' lang='lat' dir='ltr'><strong>loco</strong></span> <span class='ocrx_word' id='word_1_458' title='bbox 1305 2008 1490 2040; x_wconf 83' lang='lat' dir='ltr'><strong>mentulam</strong></span> <span class='ocrx_word' id='word_1_459' title='bbox 1505 2009 1608 2050; x_wconf 83' lang='lat' dir='ltr'><strong>signi-</strong></span> 
     </span>
     <span class='ocr_line' id='line_1_89' title="bbox 904 2054 1609 2096; baseline 0.009 -11"><span class='ocrx_word' id='word_1_460' title='bbox 904 2054 996 2087; x_wconf 85' lang='lat' dir='ltr'><strong>ficat.</strong></span> <span class='ocrx_word' id='word_1_461' title='bbox 1040 2055 1146 2096; x_wconf 85' lang='lat' dir='ltr'><strong>Cujus</strong></span> <span class='ocrx_word' id='word_1_462' title='bbox 1162 2055 1212 2086; x_wconf 87' lang='lat' dir='ltr'><strong>rei</strong></span> <span class='ocrx_word' id='word_1_463' title='bbox 1227 2056 1300 2086; x_wconf 80' lang='lat' dir='ltr'><strong>haec</strong></span> <span class='ocrx_word' id='word_1_464' title='bbox 1313 2057 1402 2088; x_wconf 85' lang='lat' dir='ltr'><strong>ratio</strong></span> <span class='ocrx_word' id='word_1_465' title='bbox 1416 2063 1490 2090; x_wconf 88' lang='lat' dir='ltr'><strong>est:</strong></span> <span class='ocrx_word' id='word_1_466' title='bbox 1513 2068 1609 2091; x_wconf 89' lang='lat' dir='ltr'><strong>men-</strong></span> 
     </span>
     <span class='ocr_line' id='line_1_90' title="bbox 906 2105 1609 2150; baseline 0.011 -16"><span class='ocrx_word' id='word_1_467' title='bbox 906 2105 986 2135; x_wconf 79' lang='lat' dir='ltr'><strong>tulae.</strong></span> <span class='ocrx_word' id='word_1_468' title='bbox 995 2105 1129 2145; x_wconf 80' lang='lat' dir='ltr'><strong>species</strong></span> <span class='ocrx_word' id='word_1_469' title='bbox 1142 2113 1161 2135; x_wconf 95' lang='lat' dir='ltr'><strong>e</strong></span> <span class='ocrx_word' id='word_1_470' title='bbox 1172 2105 1260 2136; x_wconf 91' lang='lat' dir='ltr'><strong>collo</strong></span> <span class='ocrx_word' id='word_1_471' title='bbox 1273 2115 1454 2146; x_wconf 86' lang='lat' dir='ltr'><strong>puerorum</strong></span> <span class='ocrx_word' id='word_1_472' title='bbox 1465 2118 1609 2150; x_wconf 87' lang='lat' dir='ltr'><strong>suspen-</strong></span> 
     </span>
     <span class='ocr_line' id='line_1_91' title="bbox 903 2155 1607 2200; baseline 0.011 -17"><span class='ocrx_word' id='word_1_473' title='bbox 903 2164 951 2192; x_wconf 88' lang='lat' dir='ltr'><strong>sa,</strong></span> <span class='ocrx_word' id='word_1_474' title='bbox 966 2155 1208 2194; x_wconf 82' lang='lat' dir='ltr'><strong>aspicientibus</strong></span> <span class='ocrx_word' id='word_1_475' title='bbox 1223 2156 1326 2187; x_wconf 86' lang='lat' dir='ltr'><strong>risum</strong></span> <span class='ocrx_word' id='word_1_476' title='bbox 1345 2163 1476 2198; x_wconf 76' lang='lat' dir='ltr'><strong>movet3</strong></span> <span class='ocrx_word' id='word_1_477' title='bbox 1503 2163 1607 2200; x_wconf 88' lang='lat' dir='ltr'><strong>atque</strong></span> 
     </span>
     <span class='ocr_line' id='line_1_92' title="bbox 903 2204 1609 2242; baseline 0.011 -8"><span class='ocrx_word' id='word_1_478' title='bbox 903 2204 1030 2236; x_wconf 85' lang='lat' dir='ltr'><strong>idcirco</strong></span> <span class='ocrx_word' id='word_1_479' title='bbox 1046 2204 1214 2236; x_wconf 81' lang='lat' dir='ltr'><strong>fascinum</strong></span> <span class='ocrx_word' id='word_1_480' title='bbox 1239 2211 1275 2238; x_wconf 90' lang='lat' dir='ltr'><strong>et</strong></span> <span class='ocrx_word' id='word_1_481' title='bbox 1294 2205 1535 2241; x_wconf 80' lang='lat' dir='ltr'><strong>fascinantium</strong></span> <span class='ocrx_word' id='word_1_482' title='bbox 1559 2211 1609 2242; x_wconf 90' lang='lat' dir='ltr'><strong>in-</strong></span> 
     </span>
     <span class='ocr_line' id='line_1_93' title="bbox 903 2253 1608 2298; baseline 0.011 -15"><span class='ocrx_word' id='word_1_483' title='bbox 903 2253 1027 2285; x_wconf 85' lang='lat' dir='ltr'><strong>vidiam</strong></span> <span class='ocrx_word' id='word_1_484' title='bbox 1053 2254 1230 2295; x_wconf 85' lang='lat' dir='ltr'><strong>depellere</strong></span> <span class='ocrx_word' id='word_1_485' title='bbox 1253 2263 1310 2288; x_wconf 83' lang='lat' dir='ltr'><strong>aut</strong></span> <span class='ocrx_word' id='word_1_486' title='bbox 1330 2259 1469 2298; x_wconf 87' lang='lat' dir='ltr'><strong>placare</strong></span> <span class='ocrx_word' id='word_1_487' title='bbox 1492 2260 1608 2291; x_wconf 83' lang='lat' dir='ltr'><strong>existi-</strong></span> 
     </span>
     <span class='ocr_line' id='line_1_94' title="bbox 905 2305 1610 2348; baseline 0.013 -14"><span class='ocrx_word' id='word_1_488' title='bbox 905 2305 1077 2336; x_wconf 85' lang='lat' dir='ltr'><strong>mabatur.</strong></span> <span class='ocrx_word' id='word_1_489' title='bbox 1121 2307 1208 2338; x_wconf 89' lang='lat' dir='ltr'><strong>Nam</strong></span> <span class='ocrx_word' id='word_1_490' title='bbox 1225 2318 1301 2348; x_wconf 83' lang='lat' dir='ltr'><strong>quae</strong></span> <span class='ocrx_word' id='word_1_491' title='bbox 1317 2310 1460 2341; x_wconf 84' lang='lat' dir='ltr'><strong>ridicula</strong></span> <span class='ocrx_word' id='word_1_492' title='bbox 1475 2315 1511 2342; x_wconf 90' lang='lat' dir='ltr'><strong>et</strong></span> <span class='ocrx_word' id='word_1_493' title='bbox 1533 2312 1610 2342; x_wconf 88' lang='lat' dir='ltr'><strong>sub-</strong></span> 
     </span>
     <span class='ocr_line' id='line_1_95' title="bbox 907 2354 1608 2393; baseline 0.011 -9"><span class='ocrx_word' id='word_1_494' title='bbox 907 2354 1022 2393; x_wconf 84' lang='lat' dir='ltr'><strong>turpia</strong></span> <span class='ocrx_word' id='word_1_495' title='bbox 1047 2359 1138 2393; x_wconf 86' lang='lat' dir='ltr'><strong>sunt,</strong></span> <span class='ocrx_word' id='word_1_496' title='bbox 1161 2355 1441 2390; x_wconf 85' lang='lat' dir='ltr'><strong>fascinationibus</strong></span> <span class='ocrx_word' id='word_1_497' title='bbox 1457 2361 1608 2391; x_wconf 88' lang='lat' dir='ltr'><strong>remedio</strong></span> 
     </span>
     <span class='ocr_line' id='line_1_96' title="bbox 907 2404 1606 2448; baseline 0.014 -16"><span class='ocrx_word' id='word_1_498' title='bbox 907 2407 997 2433; x_wconf 85' lang='lat' dir='ltr'><strong>sunt.</strong></span> <span class='ocrx_word' id='word_1_499' title='bbox 1043 2404 1087 2434; x_wconf 91' lang='lat' dir='ltr'><strong>Et</strong></span> <span class='ocrx_word' id='word_1_500' title='bbox 1102 2405 1212 2436; x_wconf 87' lang='lat' dir='ltr'><strong>Varro</strong></span> <span class='ocrx_word' id='word_1_501' title='bbox 1229 2405 1272 2437; x_wconf 89' lang='lat' dir='ltr'><strong>de</strong></span> <span class='ocrx_word' id='word_1_502' title='bbox 1297 2408 1395 2448; x_wconf 82' lang='lat' dir='ltr'><strong>Ling.</strong></span> <span class='ocrx_word' id='word_1_503' title='bbox 1411 2410 1485 2441; x_wconf 89' lang='lat' dir='ltr'><strong>Lat.</strong></span> <span class='ocrx_word' id='word_1_504' title='bbox 1503 2411 1559 2442; x_wconf 86' lang='lat' dir='ltr'><strong>lib.</strong></span> <span class='ocrx_word' id='word_1_505' title='bbox 1574 2420 1606 2442; x_wconf 91' lang='lat' dir='ltr'><strong>v.</strong></span> 
     </span>
     <span class='ocr_line' id='line_1_97' title="bbox 907 2453 1606 2498; baseline 0.013 -17"><span class='ocrx_word' id='word_1_506' title='bbox 907 2455 1054 2482; x_wconf 78' lang='lat' dir='ltr'><strong>testatur</strong></span> <span class='ocrx_word' id='word_1_507' title='bbox 1077 2453 1086 2470; x_wconf 93' lang='lat'>‘</span> <span class='ocrx_word' id='word_1_508' title='bbox 1099 2454 1187 2484; x_wconf 89' lang='lat' dir='ltr'><strong>collo</strong></span> <span class='ocrx_word' id='word_1_509' title='bbox 1204 2456 1300 2494; x_wconf 86' lang='lat' dir='ltr'><strong>pueri</strong></span> <span class='ocrx_word' id='word_1_510' title='bbox 1315 2466 1386 2488; x_wconf 88' lang='lat' dir='ltr'><strong>rem</strong></span> <span class='ocrx_word' id='word_1_511' title='bbox 1404 2459 1606 2498; x_wconf 81' lang='lat' dir='ltr'><strong>turpiculam</strong></span> 
     </span>
     <span class='ocr_line' id='line_1_98' title="bbox 905 2502 1606 2546; baseline 0.011 -14"><span class='ocrx_word' id='word_1_512' title='bbox 905 2502 1066 2542; x_wconf 85' lang='lat' dir='ltr'><strong>suspendi</strong></span> <span class='ocrx_word' id='word_1_513' title='bbox 1083 2503 1227 2541; x_wconf 75' lang='lat' dir='ltr'><strong>solitam,</strong></span> <span class='ocrx_word' id='word_1_514' title='bbox 1243 2515 1287 2536; x_wconf 90' lang='lat' dir='ltr'><strong>ne</strong></span> <span class='ocrx_word' id='word_1_515' title='bbox 1302 2507 1383 2546; x_wconf 88' lang='lat' dir='ltr'><strong>quid</strong></span> <span class='ocrx_word' id='word_1_516' title='bbox 1397 2507 1535 2539; x_wconf 83' lang='lat' dir='ltr'><strong>obesset</strong></span> <span class='ocrx_word' id='word_1_517' title='bbox 1547 2508 1606 2539; x_wconf 90' lang='lat' dir='ltr'><strong>bo-</strong></span> 
     </span>
     <span class='ocr_line' id='line_1_99' title="bbox 904 2553 1608 2597; baseline 0.009 -15"><span class='ocrx_word' id='word_1_518' title='bbox 904 2562 957 2583; x_wconf 87' lang='lat' dir='ltr'><strong>nae</strong></span> <span class='ocrx_word' id='word_1_519' title='bbox 981 2562 1101 2583; x_wconf 83' lang='lat' dir='ltr'><strong>scaevae</strong></span> <span class='ocrx_word' id='word_1_520' title='bbox 1127 2553 1253 2585; x_wconf 77' lang='lat' dir='ltr'><strong>causa.¹</strong></span> <span class='ocrx_word' id='word_1_521' title='bbox 1302 2555 1479 2595; x_wconf 87' lang='lat' dir='ltr'><strong>Significat</strong></span> <span class='ocrx_word' id='word_1_522' title='bbox 1501 2556 1608 2597; x_wconf 77' lang='lat' dir='ltr'><strong>igitur</strong></span> 
     </span>
     <span class='ocr_line' id='line_1_100' title="bbox 904 2602 1608 2650; baseline 0.011 -18"><span class='ocrx_word' id='word_1_523' title='bbox 904 2602 991 2633; x_wconf 89' lang='lat' dir='ltr'><strong>hanc</strong></span> <span class='ocrx_word' id='word_1_524' title='bbox 1002 2611 1101 2633; x_wconf 85' lang='lat' dir='ltr'><strong>anum</strong></span> <span class='ocrx_word' id='word_1_525' title='bbox 1116 2603 1218 2633; x_wconf 90' lang='lat' dir='ltr'><strong>nullis</strong></span> <span class='ocrx_word' id='word_1_526' title='bbox 1232 2612 1341 2644; x_wconf 90' lang='lat' dir='ltr'><strong>neque</strong></span> <span class='ocrx_word' id='word_1_527' title='bbox 1356 2605 1608 2650; x_wconf 78' lang='lat' dir='ltr'><strong>blandimentis,</strong></span> 
     </span>
     <span class='ocr_line' id='line_1_101' title="bbox 904 2653 1606 2698; baseline 0.011 -15"><span class='ocrx_word' id='word_1_528' title='bbox 904 2662 1014 2694; x_wconf 89' lang='lat' dir='ltr'><strong>neque</strong></span> <span class='ocrx_word' id='word_1_529' title='bbox 1028 2653 1259 2685; x_wconf 80' lang='lat' dir='ltr'><strong>delinimentis</strong></span> <span class='ocrx_word' id='word_1_530' title='bbox 1277 2656 1410 2696; x_wconf 86' lang='lat' dir='ltr'><strong>assequi</strong></span> <span class='ocrx_word' id='word_1_531' title='bbox 1434 2666 1547 2698; x_wconf 82' lang='lat' dir='ltr'><strong>posse,</strong></span> <span class='ocrx_word' id='word_1_532' title='bbox 1567 2663 1606 2691; x_wconf 85' lang='lat' dir='ltr'><strong>ut</strong></span> 
     </span>
     <span class='ocr_line' id='line_1_102' title="bbox 904 2704 1605 2749; baseline 0.009 -15"><span class='ocrx_word' id='word_1_533' title='bbox 904 2709 1037 2734; x_wconf 86' lang='lat' dir='ltr'><strong>ametur</strong></span> <span class='ocrx_word' id='word_1_534' title='bbox 1052 2707 1111 2734; x_wconf 82' lang='lat' dir='ltr'><strong>aut</strong></span> <span class='ocrx_word' id='word_1_535' title='bbox 1139 2704 1211 2744; x_wconf 82' lang='lat' dir='ltr'><strong>ejus</strong></span> <span class='ocrx_word' id='word_1_536' title='bbox 1239 2704 1415 2745; x_wconf 85' lang='lat' dir='ltr'><strong>amplexus</strong></span> <span class='ocrx_word' id='word_1_537' title='bbox 1438 2714 1605 2749; x_wconf 82' lang='lat' dir='ltr'><strong>expetan-</strong></span> 
     </span>
     <span class='ocr_line' id='line_1_103' title="bbox 904 2755 1613 2796; baseline 0.011 -12"><span class='ocrx_word' id='word_1_538' title='bbox 904 2758 974 2793; x_wconf 89' lang='lat' dir='ltr'><strong>tur,</strong></span> <span class='ocrx_word' id='word_1_539' title='bbox 991 2758 1174 2795; x_wconf 78' lang='lat' dir='ltr'><strong>propterea</strong></span> <span class='ocrx_word' id='word_1_540' title='bbox 1191 2755 1281 2796; x_wconf 88' lang='lat' dir='ltr'><strong>quod</strong></span> <span class='ocrx_word' id='word_1_541' title='bbox 1301 2766 1383 2788; x_wconf 85' lang='lat' dir='ltr'><strong>anns</strong></span> <span class='ocrx_word' id='word_1_542' title='bbox 1403 2761 1467 2789; x_wconf 84' lang='lat' dir='ltr'><strong>est.</strong></span> <span class='ocrx_word' id='word_1_543' title='bbox 1513 2759 1613 2792; x_wconf 53' lang='lat' dir='ltr'><strong>Vide*</strong></span> 
     </span>
     <span class='ocr_line' id='line_1_104' title="bbox 903 2805 1602 2843; baseline 0.01 -7"><span class='ocrx_word' id='word_1_544' title='bbox 903 2805 1044 2836; x_wconf 79' lang='lat' dir='ltr'><strong>Caelinn·</strong></span> <span class='ocrx_word' id='word_1_545' title='bbox 1062 2814 1113 2837; x_wconf 83' lang='grc' dir='ltr'><strong>ιν.</strong></span> <span class='ocrx_word' id='word_1_546' title='bbox 1126 2808 1179 2837; x_wconf 80' lang='grc'><strong>36.</strong></span> <span class='ocrx_word' id='word_1_547' title='bbox 1199 2805 1348 2839; x_wconf 87' lang='lat' dir='ltr'><strong>Turueb.</strong></span> <span class='ocrx_word' id='word_1_548' title='bbox 1365 2817 1417 2840; x_wconf 78' lang='lat' dir='ltr'><strong>rx.</strong></span> <span class='ocrx_word' id='word_1_549' title='bbox 1433 2811 1485 2841; x_wconf 78' lang='lat'><strong>28.</strong></span> <span class='ocrx_word' id='word_1_550' title='bbox 1511 2811 1602 2843; x_wconf 76' lang='lat' dir='ltr'><strong>Lam-</strong></span> 
     </span>
    </p>
   </div>
   <div class='ocr_carea' id='block_1_6' title="bbox 1447 2864 1517 2894">
    <p class='ocr_par' dir='ltr' id='par_1_15' title="bbox 1447 2864 1517 2894">
     <span class='ocr_line' id='line_1_105' title="bbox 1447 2864 1517 2894; baseline 0.029 -2"><span class='ocrx_word' id='word_1_551' title='bbox 1447 2864 1517 2894; x_wconf 60' lang='lat'><strong>51³</strong></span> 
     </span>
    </p>
   </div>
  </div>
 </body>
</html>
