1890 3230
466 281 674 312 noRATu
709 279 988 312 salmonum
1023 279 1121 311 mn.
1154 279 1205 310 ιι.
1234 269 1275 311 8.

179 378 222 407 28
247 375 393 407 Celaneia
414 376 552 417 succum]
577 375 674 407 Intra
698 384 735 406 se
757 384 836 406 con-

138 425 283 458 tinentia
297 434 433 457 succum
456 428 558 465 longe
573 425 744 456 meliorem
760 435 835 457 suc-

137 483 179 506 co
195 479 291 514 noto,
308 474 342 506 id
359 480 425 514 est,
439 485 541 507 succo
556 475 693 507 usitato.

177 527 222 557 29
242 525 404 565 Passeris]
426 525 540 557 Piscis
556 526 661 566 plani.
682 547 685 550 -

178 577 221 607 80
247 575 448 617 Porrfxerit]
483 576 596 609 Quum
627 575 832 608 Nasidienus

134 625 339 665 porrexerit,
350 626 414 655 &c-

177 675 217 704 31
249 672 423 714 Melimela]
459 673 573 705 Antea
602 683 622 704 a
651 674 832 706 celeritate

134 722 338 755 miteseeudi
361 727 479 756 mustea
504 723 714 755 dicebantur.
760 724 831 755 Pli-

133 772 208 805 nius
238 781 300 804 xv.
323 775 384 805 -14,
413 773 457 804 de
486 773 604 804 iisdem
632 773 740 805 Varro
769 774 831 804 Rei

133 822 232 855 Rust.
255 823 313 855 lib.
338 832 379 855 11.
405 824 550 854 Torreat.
595 823 754 854 Melimela
778 831 831 853 ru·

130 871 216 913 bere]
239 873 333 904 Mala
344 873 458 904 mellei
475 873 616 913 saporis.

172 925 214 954 32
235 922 289 955 Aa
303 924 407 954 lunam
421 923 555 963 delecta]
579 923 764 954 Crescente
780 923 830 954 lu-

129 981 185 1003 na.
229 973 314 1008 Quid
339 973 394 1004 hoc
419 972 559 1013 intersit]
580 973 667 1005 Quae
694 970 741 1003 sit·
766 972 831 1004 dif-

128 1021 276 1053 ferentia
288 1022 378 1052 inter
391 1021 558 1053 melimela
571 1022 730 1059 collecta,
743 1031 830 1053 cres-

129 1075 240 1113 cente,
253 1072 306 1104 vel
322 1072 541 1104 decrescente
558 1073 649 1104 litua.
681 1072 732 1104 Ab
746 1073 829 1114 ipso]

130 1120 184 1152 Ab
198 1121 272 1162 ipso
288 1121 484 1161 Nasidieno,
498 1122 555 1163 qui
572 1131 625 1152 me
639 1121 770 1154 docuit.

169 1175 212 1204 34
235 1172 304 1203 Nos
322 1172 402 1214 nisi]
426 1173 499 1204 Nos
526 1171 743 1204 obsoniorum
766 1172 828 1205 foe·

128 1225 201 1253 tore
240 1222 483 1263 propemodum
525 1223 661 1254 enecati
707 1225 827 1256 morie-

128 1282 203 1304 mur
227 1273 341 1304 inulti.
385 1274 544 1305 Damnose
568 1274 716 1315 bibimus]
750 1275 826 1307 Nisi

126 1323 219 1361 large
250 1323 392 1356 bibimus
419 1334 495 1356 cum
523 1324 646 1355 damno
671 1325 826 1356 conviva-

127 1374 221 1405 toris.

167 1427 209 1456 35
236 1426 357 1458 Calices
378 1425 478 1466 poscit
507 1424 652 1466 majores]
673 1425 729 1457 Sic
753 1425 825 1466 qui·

127 1473 201 1506 dem
218 1475 327 1507 multo
344 1476 458 1516 plures
474 1476 560 1506 Mss.
585 1485 649 1506 non
665 1474 825 1516 displicet

126 1530 240 1557 tamen
257 1527 399 1558 mutatio
416 1527 546 1557 numeri
559 1530 700 1566 poscunt,
715 1530 754 1558 ut
767 1527 823 1558 ha-

123 1574 304 1607 bet-editio
319 1576 461 1607 Mureti.
494 1576 589 1607 Nota
600 1581 712 1606 autern
728 1575 825 1607 Grae-

122 1635 238 1657 corum
251 1626 431 1658 invitatio:
455 1626 498 1657 de
522 1625 642 1666 quibus
657 1625 773 1656 mirari
789 1634 825 1656 se

125 1673 240 1707 aiebat
255 1675 474 1710 Anacharsis,
491 1674 581 1715 qnod
598 1675 696 1705 initio
709 1675 825 1705 convi-

125 1724 168 1754 vii
197 1725 311 1765 parvis
339 1729 519 1756 uterentur
555 1724 710 1764 poculis3
747 1733 824 1755 cnm

126 1785 206 1808 vero
237 1775 382 1807 saturati
409 1779 536 1815 essent,
563 1774 766 1816 majoribus:
789 1779 824 1806 at

123 1834 253 1856 morem
285 1825 379 1856 illum
413 1824 678 1856 vetustissimum
718 1823 823 1855 fnisse

123 1873 219 1915 Vir-g.
235 1873 445 1905 demonstrat
459 1884 467 1903 :
490 1874 500 1890 ‘
511 1873 698 1914 Postquam
715 1873 823 1914 prima

123 1923 218 1965 quies
232 1924 343 1964 epulis
364 1932 559 1964 mensaeque
575 1928 727 1959 reniotae,
741 1923 823 1954 Cra-

122 1977 216 2005 teras
245 1983 384 2014 magnas
407 1972 588 2004 statuunt.'
631 1973 760 2005 Notum
787 1978 824 2005 et

121 2023 225 2061 illud;
251 2033 318 2065 quo
343 2024 420 2063 plus
443 2022 606 2061 biberint,
630 2023 706 2062 plus
726 2022 822 2054 sitire

124 2073 286 2106 Parthos.
315 2074 404 2106 Torr.
446 2074 575 2106 Vertere
585 2072 703 2118 pgllor]
728 2073 823 2106 Ode-

121 2127 203 2156 runt
224 2124 314 2155 euim
337 2129 375 2155 et
397 2129 601 2155 execrantur
618 2124 708 2155 avari
726 2128 823 2164 poto-

121 2182 175 2204 res
190 2173 360 2214 egregios,
373 2183 432 2204 sno
446 2172 524 2204 vino
537 2173 625 2204 male
639 2172 822 2204 formidan-

120 2226 185 2254 tes.
210 2223 306 2262 Cruq.
346 2222 474 2255 Vertere
483 2222 598 2262 pallor]
619 2221 736 2253 Pallor
748 2231 822 2253 ver-

123 2271 231 2304 tebat.

164 2323 207 2352 36
227 2319 365 2352 Paroa-ki
379 2318 512 2359 faeiem]
538 2319 714 2350 Nasidieni
741 2329 821 2351 con-

122 2370 285 2403 vivatoris
301 2368 438 2401 faciem.
487 2369 531 2400 Ut
543 2368 644 2409 acres]
657 2369 821 2400 strenuos

122 2426 276 2462 potores.

163 2474 206 2504 38
245 2468 446 2509 Exsurdunt]
485 2470 596 2501 Recte
625 2468 820 2501 Lambinus.

120 2520 356 2559 ‘Translatio‚'
376 2519 500 2560 inquit,
522 2523 531 2537 ¹
546 2518 588 2550 ab
599 2519 727 2550 aurium
743 2529 819 2551 sen-

121 2581 160 2603 su
176 2570 219 2602 ad
235 2573 407 2610 gustatum
423 2568 443 2599 :’
459 2572 495 2599 et
509 2568 644 2599 erudite
660 2567 819 2609 Virgilius

122 2621 167 2653 de
181 2621 268 2652 malo
288 2619 386 2651 citrio
411 2619 575 2659 loquens:
599 2619 608 2636 ‘
620 2618 739 2650 Media
752 2618 821 2651 fert

123 2671 238 2702 tristes
271 2677 391 2701 succos
427 2668 629 2709 tardumque
665 2677 819 2709 saporem

123 2720 245 2752 Felicis
265 2718 368 2751 mali!
410 2722 420 2736 ‘
435 2717 584 2749 Tardum
599 2717 610 2731 '
633 2718 723 2749 enim
746 2718 756 2735 ‘
769 2727 820 2750 sa-

124 2778 238 2810 porem
252 2768 261 2782 '
291 2771 406 2807 vocat,
418 2767 514 2808 cujus
529 2768 712 2809 asperitate
728 2769 819 2809 pala-

124 2825 195 2851 tum
208 2817 452 2861 quodammodo
468 2818 697 2859 obstupescat.
733 2819 818 2850 Tur·

1476 270 1589 314 1757

890 373 969 406 neb.
986 379 1048 406 xx.
1060 376 1114 405 34.
1137 373 1279 405 Tment.
1319 373 1502 406 Exsurdunt
1516 375 1590 407 vina

887 423 1040 464 palatum]
1064 423 1140 455 Hoc
1156 428 1222 463 est,
1237 421 1428 463 offendunt,
1442 424 1514 456 sive
1531 435 1589 465 pa-

889 485 963 506 rum
985 478 1084 515 grata
1105 473 1289 506 accidunt:
1313 478 1352 506 nt
1378 484 1498 516 aspera
1522 485 1588 507 vox

887 523 1064 556 clamantis
1078 533 1177 555 aures
1198 524 1407 556 audientium
1428 524 1524 557 laedit
1538 530 1590 557 at-

887 583 953 615 que
969 573 1142 608 exsurdat,
1158 574 1260 605 etiam
1282 573 1415 606 Graecis
1439 574 1589 615 ἑκκωφεῖν

887 634 949 665 pro
978 624 1146 661 βλάπτειν.
1194 626 1379 657 Exsurdant
1399 626 1472 658 vinu
1499 628 1588 667 pala·

884 673 967 715 tum]
989 675 1164 706 Hebetaut
1195 676 1358 716 palatum,
1382 677 1471 708 unde
1494 678 1588 717 pala-

887 730 959 755 tum
975 725 1019 756 ad
1045 725 1227 757 bibendum
1247 726 1403 758 redditur
1419 727 1588 768 impotem

887 774 966 805 tius.

927 825 970 854 39
994 823 1162 856 Invertunt
1185 826 1366 867 Aliphanis]
1387 827 1472 858 'rres
1494 828 1587 859 codi-

886 881 943 904 ces
966 872 1156 913 Alliphunis.
1201 875 1376 915 Oppidum
1404 876 1494 907 enim
1526 875 1587 908 ΑΙ-

884 921 943 953 life
960 932 1042 963 agro
1062 927 1099 954 et
1123 923 1286 955 fictilibus
1309 924 1436 963 nobile,
1453 929 1491 956 ut
1508 926 1586 957 reli-

884 981 950 1014 qua
966 973 1176 1012 Campania;
1199 973 1289 1006 unde
1313 973 1508 1015 ‘Campana
1529 985 1584 1006 su-

885 1022 1022 1062 pellex-³
1040 1023 1183 1055 Tenent.
1208 1024 1372 1055 Incertum
1388 1024 1584 1067 Alliphanis]

884 1072 1044 1104 Vibidius
1074 1078 1110 1105 et
1133 1074 1276 1105 Balatro
1301 1080 1468 1106 evacuant
1493 1080 1584 1108 totos

882 1123 952 1154 vini
967 1123 1070 1154 cados
1095 1125 1227 1164 poculis
1243 1124 1435 1165 Athanis,
1458 1125 1492 1156 id
1517 1131 1584 1168 est,

881 1173 1011 1213 poculis
1039 1173 1223 1214 majoribus
1259 1173 1359 1206 factis
1395 1175 1430 1206 in
1459 1174 1585 1218 Aliphe

883 1223 1010 1264 oppido
1023 1224 1163 1255 Samnii.

923 1276 966 1304 40
988 1273 1111 1306 Secutis
1132 1275 1271 1307 omnibus
1285 1276 1374 1317 imis]
1398 1276 1487 1308 Haec
1509 1277 1584 1309 vul-

879 1328 958 1364 gata
974 1325 1089 1360 lectio,
1113 1327 1252 1367 scriptis
1266 1336 1400 1368 quoque
1413 1327 1584 1368 exempla-

879 1373 971 1404 ribus
999 1384 1120 1416 magna
1147 1385 1190 1407 ex
1218 1381 1315 1417 parte
1338 1376 1582 1409 confirmatur:

879 1433 982 1455 unum
1004 1428 1136 1456 tantum
1157 1426 1225 1458 vidi
1249 1427 1417 1466 codicem,
1438 1427 1496 1468 qui
1521 1437 1584 1468 pro

880 1473 1029 1515 cruquio
1060 1480 1192 1506 staret:
1216 1475 1338 1507 Secutis
1360 1476 1511 1516 omnihus,
1525 1477 1584 1508 imi

882 1523 1028 1554 Conviva
1040 1525 1123 1557 lecti.
1151 1525 1271 1566 Neque
1287 1536 1368 1558 sane
1383 1527 1583 1568 negaverim

879 1572 964 1603 hanc
978 1573 1181 1614 scripturam
1194 1575 1294 1606 facile
1306 1575 1447 1607 defendi
1460 1586 1581 1618 posse:

879 1622 1003 1653 ceteris
1019 1624 1109 1654 enim
1125 1625 1252 1655 acriter
1275 1626 1487 1664 potantibus,
1504 1627 1582 1658 ideo

879 1670 935 1700 imi
965 1671 1047 1702 lecti
1085 1672 1239 1704 convivae
1279 1674 1515 1705 Nomentanus
1545 1679 1582 1707 et

880 1720 1023 1752 Porcius
1032 1721 1241 1762 abstinuere,
1253 1723 1344 1764 quod
1357 1723 1581 1757 Nasidiennm

878 1770 1045 1802 timebant
1079 1770 1253 1804 offendere
1271 1783 1281 1804 ι
1318 1774 1465 1804 maxime
1502 1784 1580 1806 cum

878 1820 1128 1861 Nomentanus,
1155 1828 1192 1853 ut
1220 1832 1377 1864 saporum
1395 1823 1504 1864 judex
1519 1823 1579 1856 ad-

879 1878 1021 1902 vocatus
1057 1872 1289 1913 accumberet,
1327 1882 1394 1914 quo
1435 1883 1579 1906 munere

878 1923 989 1954 ebrius
1015 1933 1082 1955 non
1111 1929 1206 1956 recte
1235 1924 1461 1966 fungeretur;
1492 1927 1580 1958 alter

876 1983 956 2005 vero
987 1974 1138 2006 ciborum
1161 1975 1268 2015 magis
1294 1975 1454 2015 ingluvie,
1477 1985 1578 2016 quam

877 2025 946 2055 vini
984 2025 1253 2067 ingurgitatione
1288 2029 1490 2066 caperetur:
1528 2026 1578 2057 sie

877 2083 959 2114 ergo
988 2075 1119 2114 lagenis
1148 2075 1230 2105 nihil
1259 2083 1420 2106 nocuere.
1464 2075 1577 2116 Magis

877 2129 990 2155 tamen
1008 2125 1135 2164 placet,
1147 2129 1264 2164 coepta
1279 2133 1341 2164 per
1354 2124 1577 2156 Balatronem

876 2178 913 2204 et
928 2173 1101 2205 Vibidium
1126 2174 1340 2209 invitatione,
1355 2174 1465 2205 nullos
1481 2183 1578 2206 secu-

875 2226 929 2252 tos
950 2222 1054 2253 fuisse
1069 2223 1166 2262 alios,
1182 2233 1282 2264 quam
1305 2233 1364 2254 eos
1385 2223 1444 2264 qui
1459 2233 1527 2255 non
1543 2224 1578 2255 in

875 2272 975 2302 lectis
997 2272 1252 2308 accumberent,
1266 2272 1326 2303 sed
1342 2272 1386 2304 ad
1407 2273 1576 2305 lectorum

876 2321 979 2361 pedes
1002 2322 1037 2352 in
1062 2322 1231 2352 subselliis
1255 2322 1299 2352 de
1323 2331 1417 2353 more
1440 2325 1578 2355 sessita-

875 2375 970 2401 rent:
996 2380 1078 2412 quos
1094 2380 1160 2402 non
1177 2375 1246 2402 tarn
1263 2371 1482 2403 convivarum
1498 2373 1575 2404 loco

874 2420 1059 2459 habebant,
1072 2431 1171 2462 quam
1188 2426 1225 2452 ut
1241 2421 1401 2452 convivas
1417 2421 1507 2461 jocis
1523 2423 1574 2453 lu-

874 2470 991 2512 disque
1017 2469 1221 2510 reficerent3
1243 2471 1359 2512 quales
1381 2471 1523 2511 parasiti
1539 2475 1576 2504 et

875 2519 1009 2551 ridiculi
1046 2530 1174 2556 omnes,
1210 2531 1295 2562 qnos
1328 2520 1458 2552 idcirco
1493 2522 1574 2553 ‘imi

874 2569 1024 2600 subsellii
1035 2569 1140 2601 viros’
1156 2571 1310 2611 appellat
1327 2570 1470 2601 Plautus
1485 2571 1574 2612 Cap-

873 2619 962 2659 tivis,
977 2620 1065 2651 sicut
1079 2624 1116 2651 et
1139 2621 1174 2651 in
1196 2621 1325 2661 Sticho,
1339 2621 1389 2651 his
1405 2620 1572 2662 lepidissi-

873 2669 935 2714 mis
955 2669 1089 2702 verbis:
1113 2675 1123 2690 ‘
1136 2670 1239 2702 Haud
1261 2671 1394 2711 postulo
1414 2671 1572 2712 equidem

874 2729 1001 2751 summo
1028 2720 1061 2751 iu
1083 2720 1172 2752 lecto
1194 2720 1411 2760 accumbere,
1433 2721 1508 2752 Scis
1531 2725 1571 2753 tu

873 2778 927 2800 me
943 2768 1069 2800 dudum
1095 2779 1169 2801 esse
1192 2770 1249 2801 imi
1273 2770 1424 2802 subsellii
1440 2771 1571 2802 virum.'

873 2817 977 2850 Aliud
1003 2819 1108 2859 igitur
1137 2820 1222 2860 lecti,
1244 2818 1336 2852 aliud
1359 2821 1369 2838 ‘
1386 2819 1571 2861 subseliia‚'
