1916 3262
349 265 463 308 1422

352 367 427 399 vita
449 375 580 407 semper
606 367 640 398 iu
670 366 816 399 futurum
841 367 961 408 fertur,
985 378 1035 399 sa·

352 416 446 456 piens
469 416 700 456 praesentibus,
718 417 767 447 ita
789 421 826 448 ut
848 416 1035 452 evenerint,

351 466 468 497 utitur.
501 467 642 498 Torreat.
696 467 803 497 latus
829 467 863 497 in
886 466 1035 507 praesens]

353 516 509 549 Gaudeat
525 517 652 548 animus
674 517 768 547 donis
790 516 1035 556 praesentibus;

351 565 440 607 quod
476 565 624 596 futurum
662 571 723 603 est,
755 566 891 597 minime
926 569 1035 597 curet.

355 617 446 651 Quod
473 615 556 646 ultra
579 616 640 656 est]
661 615 759 647 Quod
789 615 936 647 futurum
962 619 1033 646 est:

351 673 426 695 nam
457 664 636 704 praesentia
661 664 826 695 duntaxat
850 673 908 695 nos
934 664 1037 695 attin-

353 716 455 752 gunt:
479 711 592 743 futura
607 716 717 743 autem
740 713 887 744 nondum
913 713 956 744 ad
978 721 1038 743 nos

351 762 535 802 pertinent.
562 762 704 794 Lambin-

393 813 436 842 26
457 811 545 842 Loeto
573 811 730 850 Temperet
754 810 836 851 risu]
869 810 1037 842 Torrentii

352 859 558 899 exemplaria
571 859 696 890 habent
711 861 805 891 lento.
842 859 973 890 Etcum
989 859 1038 890 di-

353 909 401 941 cit
430 909 578 940 ‘lentum
603 909 729 948 risum‚’
758 908 934 940 severitati
961 917 1037 948 pro-

353 957 483 997 priores
513 967 584 988 esse
616 957 742 988 debere
771 967 831 988 nos
867 957 1038 995 admonet,

352 1014 495 1046 euinque
510 1006 628 1037 saltem
644 1005 768 1037 debere
795 1015 866 1037 esse
885 1006 1039 1037 modera-

353 1058 437 1086 tum.

395 1105 436 1134 27
460 1103 552 1134 Nihil
566 1107 611 1134 est
633 1103 670 1134 ab
682 1104 776 1134 omni
794 1104 890 1135 Parte
905 1103 1040 1145 beatum]

352 1151 476 1183 Similis
492 1151 548 1182 ille
564 1152 760 1184 Graecorum
781 1153 952 1184 senarius:
975 1153 1042 1184 Οὐκ

355 1198 440 1230 ἔστιν
446 1199 534 1232 ὅστις
542 1199 632 1232 πάντ’
640 1200 715 1242 ἀνὴρ
723 1201 900 1241 εὐδαιμονεῖ.
916 1202 1041 1233 Era-sm.

356 1250 492 1282 Chiliad.

396 1301 437 1330 30
460 1299 638 1339 Tithonum]
661 1299 794 1331 Tithoni
811 1304 967 1332 senectus
979 1300 1042 1331 eti-

355 1356 407 1378 am
431 1348 610 1387 proverbio
630 1348 740 1379 locum
761 1347 858 1380 fecit.
901 1347 1040 1379 Aurorae

355 1395 442 1427 enim
456 1405 557 1428 succo
573 1395 728 1435 perfusus
745 1400 952 1428 senectutem
971 1397 1042 1437 qui-

355 1445 429 1477 dem
445 1455 511 1477 non
527 1446 647 1485 evasit,
662 1447 719 1477 sed
740 1447 824 1478 mori
839 1457 905 1478 non
923 1447 1043 1487 potuit.

355 1494 529 1526 Pertaesus
545 1505 626 1536 ergo
641 1495 842 1535 longissimae
853 1496 976 1535 aetatis,
986 1505 1044 1526 ex-

356 1543 561 1584 siccatojam
573 1544 1044 1584 corpore‚membrisquecon·

357 1593 490 1631 tractis,
506 1593 662 1633 precibus
678 1593 835 1633 obtinuit,
848 1598 886 1624 ut
902 1593 935 1624 in
956 1594 1044 1624 elea*

356 1641 432 1672 dam
463 1645 662 1672 mutaretur.
687 1642 829 1672 Tot-rent.
868 1642 1047 1682 Tithonum]

355 1690 519 1721 Senectus
530 1690 708 1721 Tithonum
722 1691 859 1730 minuit,
874 1692 1046 1732 vitamque

355 1738 427 1778 ejus
443 1738 592 1770 reddidit
613 1738 796 1778 insuavem,
820 1740 966 1779 quamvis
986 1740 1043 1770 im-

355 1787 595 1818 mortalitatem
619 1787 661 1818 ab
687 1787 819 1818 Aurora
841 1788 1044 1828 impetrave-

358 1840 422 1867 rat.

398 1885 454 1925 [31
477 1885 707 1917 Schoenborn.
730 1889 760 1917 2.
782 1885 840 1916 tibi
863 1895 1042 1926 quosuega-

356 1933 429 1974 ria]

398 1986 439 2014 32
466 1983 570 2022 Hora]
592 1983 750 2022 Tempus.

399 2033 439 2061 33
465 2031 508 2062 Te
532 2040 644 2069 greges
667 2032 801 2071 centum]
834 2031 969 2062 Circum
997 2038 1044 2064 te.

358 2079 530 2117 Siculaque
549 2079 678 2118 circum]
713 2079 803 2109 Hinc
834 2079 1044 2119 Porphyrion

359 2126 491 2167 colligit
515 2126 704 2166 Grosphum
730 2127 814 2157 liunc
835 2126 1044 2158 Siciliensem

357 2175 473 2208 fuisse.
500 2176 588 2206 Torr.
618 2175 787 2215 Siculoeque
800 2176 930 2217 circum]
958 2178 1046 2208 Vac-

359 2234 406 2257 cae
422 2224 659 2266 pinguissimae.

401 2277 443 2306 34
467 2273 538 2305 Tibi
563 2274 644 2304 tollit
675 2272 842 2312 hinnitum]
873 2273 945 2304 Tibi
976 2274 1047 2306 edit

358 2323 523 2355 hinnitum
550 2332 635 2364 equa
660 2323 901 2353 certaminibus
926 2325 1046 2354 curuli-

359 2372 422 2403 bus
454 2375 552 2412 apta:
591 2371 763 2411 quadrigae
799 2376 876 2402 sunt
906 2376 1048 2413 quatuor

359 2421 438 2462 equi
452 2421 495 2452 ad
507 2429 642 2452 currum
655 2420 770 2451 vincti.

400 2472 440 2501 35
463 2469 550 2510 Apta
572 2469 733 2509 quadrigis
759 2469 848 2510 equa]
883 2470 938 2501 De
968 2480 1047 2511 qua·

360 2518 464 2559 drigis
494 2518 708 2550 Circensibus
739 2519 894 2559 loquitur,
929 2519 1048 2560 quibus

360 2568 556 2600 nobilissimi
564 2567 797 2608 jungebantur
809 2568 897 2609 equi,
909 2578 948 2599 ac
961 2578 1048 2599 sum-

359 2618 404 2647 mi
428 2627 518 2657 saepe
547 2618 661 2658 pretii.
702 2617 758 2648 Ad
787 2619 914 2649 circum
947 2619 1048 2658 igitur

361 2673 465 2704 equos
493 2666 611 2698 aluisse
627 2667 816 2707 Grosphum
834 2667 963 2710 indicat
976 2668 1047 2699 Ho-

361 2713 480 2744 ratius.
513 2714 646 2747 Novum
663 2726 743 2747 vero
759 2717 849 2757 quod
871 2718 881 2736 ‘
898 2717 1047 2749 hinnire’

361 2762 464 2793 etiam
479 2771 594 2803 equam
610 2763 705 2796 facit.
731 2766 872 2797 Torrent.

804 276 943 307 1⁴0¹?AE
974 275 1192 306 vamum]
1201 276 1231 304 Μ
1272 275 1322 304 tN

1130 371 1171 400 36
1191 368 1313 400 Murice
1335 366 1457 407 ἄποια]
1478 367 1529 398 Te
1551 365 1703 399 vestiunt
1719 367 1767 399 lna

1087 426 1139 448 nae
1162 417 1213 448 bie
1236 418 1352 448 tinctae
1374 425 1523 456 purpura
1541 415 1651 456 Tyria,
1669 424 1770 457 qum

1087 467 1270 499 M.Tullius
1283 472 1292 486 ¹
1303 466 1503 507 dibaphum'
1515 466 1674 498 nominat.
1694 465 1770 497 Mu-
1787 494 1790 498 .

1087 526 1144 546 rex
1163 517 1255 547 color
1270 525 1456 557 purpureus
1471 524 1514 546 ex
1529 514 1688 556 sanguine
1702 514 1772 555 pis-

1088 566 1136 596 cis
1147 565 1288 596 Muricis
1301 565 1551 597 conficiebatur.

1130 616 1170 645 37
1202 614 1287 645 Mihi
1311 623 1408 654 parva
1439 611 1528 653 rura]
1571 611 1667 645 Ordo
1699 617 1771 644 est:

1089 663 1200 694 Parca
1215 671 1279 693 non
1294 662 1435 694 mendax
1452 662 1548 693 dedit
1567 661 1646 694 mihi
1668 667 1772 702 parva

1090 721 1177 751 rura,
1197 715 1233 743 et
1251 715 1385 743 tenuem
1411 711 1566 752 spiritum
1579 710 1692 743 Graiae
1708 710 1771 742 Ca-

1089 770 1222 800 moenae,
1235 765 1272 792 et
1282 761 1376 792 dedit
1386 761 1464 792 mihi
1481 770 1641 801 spernere
1653 761 1772 800 malig-

1090 819 1168 840 num
1192 810 1322 850 vulgus,
1342 810 1376 841 id
1402 815 1464 846 est,
1490 809 1638 841 invidum
1652 810 1772 848 vulgus

1090 858 1183 889 nihili
1210 858 1333 890 facere.
1373 859 1536 900 [Guelpli.
1570 867 1668 899 parve
1697 867 1773 889 rum

1091 908 1159 939 sine
1173 908 1230 947 et]

1133 959 1175 987 38
1199 956 1308 987 Gruioe
1331 958 1453 987 tenuem
1474 954 1641 996 ΟΜ]
1661 954 1774 986 Parca

1091 1014 1157 1036 non
1180 1004 1338 1044 mendax,
1361 1005 1394 1036 id
1416 1009 1480 1041 est,
1500 1003 1606 1036 fatum
1620 1004 1775 1036 immutu-

1092 1055 1172 1090 bile,
1181 1054 1260 1085 mihi
1271 1054 1388 1086 tribuit
1397 1053 1596 1085 facultatem
1606 1051 1775 1094 poeticam

1092 1113 1134 1134 ex
1147 1103 1278 1134 Graecis
1291 1102 1410 1134 Poe'tis
1421 1102 1643 1143 desumptam.
1667 1099 1778 1131 Grato

1093 1156 1146 1184 est
1168 1161 1287 1183 nomen
1311 1151 1528 1192 Adjectivum
1550 1149 1701 1182 Genitivi
1722 1157 1779 1180 ca·

1092 1211 1146 1232 sus
1161 1201 1347 1241 singularis.

1134 1254 1176 1284 39
1198 1252 1301 1282 Parca
1323 1260 1384 1282 non
1401 1248 1549 1290 mendax]
1585 1245 1779 1280 Credebant

1094 1304 1226 1331 veteres
1249 1309 1342 1331 suum
1358 1300 1480 1341 cuique
1505 1299 1539 1330 in
1563 1298 1649 1330 hanc
1673 1297 1777 1328 vitam

1094 1347 1272 1387 prodeunti
1299 1348 1436 1379 adnasci
1457 1348 1602 1388 genium.
1644 1345 1780 1378 Deinde

1094 1396 1237 1437 septimo
1263 1406 1282 1426 a
1305 1405 1371 1437 quo
1391 1396 1530 1437 quisque
1548 1398 1648 1426 natus
1669 1393 1780 1424 fuerat

1095 1445 1161 1480 dle,
1174 1446 1301 1477 Parcas
1312 1449 1471 1480 statuere,
1487 1453 1554 1484 qua
1571 1443 1707 1474 fortuna
1721 1442 1776 1472 ille

1095 1502 1156 1535 per
1170 1503 1300 1525 omnem
1316 1494 1418 1524 vitam
1434 1497 1598 1524 uteretur.

1135 1545 1178 1574 40
1192 1542 1367 1581 Malignum
1376 1541 1502 1581 vulgus]
1516 1540 1694 1582 Proprium
1708 1540 1778 1571 vul-

1098 1591 1129 1632 gi
1141 1592 1339 1633 epithetum,
1347 1591 1436 1632 quod
1449 1590 1689 1623 consuetudine
1700 1595 1780 1630 qua-

1097 1641 1171 1672 dam
1187 1632 1381 1673 malevolum
1396 1644 1462 1680 est,
1476 1639 1518 1670 ad
1539 1639 1635 1680 cujus
1651 1639 1780 1678 opinio-

1098 1698 1173 1720 nem
1196 1690 1253 1730 qui
1276 1690 1392 1721 vivere
1421 1690 1512 1724 velit,
1541 1689 1640 1719 beate
1665 1688 1778 1719 vivere

1099 1748 1166 1770 non
1181 1739 1319 1779 poterit.
1349 1737 1461 1769 Turba
1475 1738 1575 1778 igitur
1589 1737 1724 1769 vitands
1738 1738 1780 1771 ei,

1097 1788 1153 1829 qui
1170 1788 1252 1819 nolit
1266 1787 1339 1818 fieri
1351 1786 1512 1818 deterior.
1548 1786 1687 1818 Torrent-
1701 1786 1781 1817 Tur-

1095 1837 1163 1868 neb.
1179 1846 1262 1868 xm.
1279 1839 1333 1868 22.

1098 1887 1179 1918 Onu
1203 1895 1293 1917 xvir.
1326 1884 1535 1926 Παραινετική.
1572 1883 1630 1916 An
1653 1883 1783 1916 Mmt-

1138 1943 1267 1966 nnnu
1295 1943 1490 1966 AEcuoruu.
1534 1935 1610 1967 Quo
1636 1940 1781 1972 mortuo,

1138 1989 1239 2023 negat
1256 1993 1292 2014 se
1307 1985 1393 2014 velle
1408 1984 1534 2021 vivere,
1550 1983 1649 2022 eique
1663 1990 1783 2020 super-

1138 2033 1250 2062 stitem
1264 2041 1348 2062 esse.
1391 2030 1587 2072 [Bamberg.
1601 2029 1780 2069 Syr-bom-

1139 2080 1209 2112 tice.
1226 2080 1294 2110 Alii
1306 2079 1406 2110 codd.
1423 2089 1477 2119 ap.
1499 2077 1618 2118 Jaeek,
1633 2077 1686 2109 Aa
1700 2077 1780 2108 Mae-

1139 2131 1272 2159 cenetam
1285 2126 1461 2166 κραυγὴ]

1141 2181 1158 2208 1
1184 2178 1355 2208 Exanimes
1372 2176 1450 2216 tuis]
1473 2175 1623 2215 Occidis,
1641 2182 1783 2206 moerore

1099 2225 1215 2258 afficis.

1141 2278 1160 2306 2
1185 2275 1252 2306 Nec
1273 2275 1336 2305 Dis
1357 2275 1500 2315 amicum]
1521 2274 1647 2304 Volunt
1667 2273 1782 2304 Mure·

1099 2328 1153 2355 tus
1174 2325 1256 2355 Var.
1280 2325 1374 2355 Lect.
1401 2332 1441 2355 11.
1465 2325 1517 2354 12.
1540 2327 1575 2354 et
1596 2322 1748 2354 Lambin.
1763 2332 1783 2353 a

1101 2374 1231 2405 Graecis
1255 2374 1338 2404 sumi
1360 2373 1422 2404 hoc
1436 2372 1594 2414 loquendi
1616 2380 1732 2413 genus,
1747 2371 1783 2403 οὔ

1100 2423 1179 2453 θεοῖς
1198 2421 1304 2461 φίλον.
1341 2423 1444 2455 Quasi
1470 2431 1549 2453 vero
1574 2431 1640 2453 non
1665 2421 1783 2453 eadem

1100 2472 1241 2506 Latinis,
1253 2481 1326 2511 quae
1336 2471 1479 2511 Graecis,
1492 2471 1606 2502 utendi
1621 2466 1784 2503 inlustrio-

1101 2521 1134 2551 di
1146 2520 1417 2552 translationibus
1428 2521 1568 2552 libertas
1577 2521 1634 2560 sit,
1644 2525 1682 2552 ut
1692 2521 1784 2561 qnie-

1099 2569 1179 2610 quid
1196 2573 1326 2609 gratum
1351 2574 1591 2611 acceptumque
1605 2574 1658 2602 est
1673 2568 1783 2606 alicui,

1100 2618 1133 2648 id
1164 2619 1193 2649 ei
1219 2618 1359 2649 amicum
1385 2627 1458 2650 esse
1483 2619 1608 2651 dicant.
1643 2619 1780 2651 ment.

1100 2668 1167 2698 Nec
1178 2667 1243 2698 Dis
1252 2667 1396 2707 amicum]
1420 2667 1495 2700 Nou
1508 2673 1560 2700 est
1573 2673 1712 2709 gratum,
1722 2675 1779 2697 ne-

1098 2725 1164 2757 que
1179 2716 1291 2756 placet
1303 2716 1392 2748 Diis.

1139 2769 1159 2797 4
1186 2766 1312 2797 Grande
1337 2764 1443 2805 decus]
1474 2764 1729 2802 Ornamentum,
1745 2766 1780 2792 et
