1904 3216
451 296 560 339 1682

450 398 529 429 Duo
545 398 666 429 vetusti
681 397 812 428 codices
826 398 906 429 color
914 397 1052 438 habent,
1063 409 1129 431 nou

449 446 555 477 honor.
598 447 642 477 Et
669 454 746 476 sane
775 445 861 476 idem
888 447 990 478 honor
1014 447 1129 479 adesse

447 495 553 525 videri
570 493 685 533 possit,
701 494 740 532 si,
755 499 792 525 ut
815 494 978 536 hodieque
993 496 1025 526 in
1048 496 1131 526 divi-

448 546 520 572 tum
535 542 654 572 mensis
677 542 748 573 fieri
769 543 944 578 cernimus,
967 549 1130 584 pennatus

449 590 539 619 elato
554 589 655 620 etiam
668 591 781 630 capite
794 591 827 621 in
839 601 984 623 mensam
999 593 1127 624 veniat:

449 636 508 668 sed
537 638 627 668 color
657 642 767 669 tamen
805 639 860 669 ille
896 643 1128 680 gemmantium

446 687 630 726 plumarum
653 688 809 718 continuo
829 687 973 719 deficere
1001 689 1128 729 int-ipit,

447 739 485 766 ut
499 736 598 766 semel
614 736 746 766 occisus
762 741 824 767 est.
867 737 963 768 Quod
981 747 1056 767 vero
1078 747 1129 768 se-

451 784 575 824 quitur,
605 786 704 816 Carne
733 789 831 816 tamen
858 786 995 825 quamvis
1033 787 1129 818 distat

446 833 536 867 nihil,
562 833 798 864 subobscurum
822 838 885 864 est.
941 835 1013 865 Nec
1043 835 1128 866 velle

446 881 590 912 Poe'tam
620 881 777 917 arbitror,
812 882 899 912 inter
928 883 1065 921 pavonis
1094 887 1128 913 et

447 930 579 969 gallinae
610 938 740 959 carnem
769 929 848 959 nihil
878 931 1057 960 interesse:
1093 936 1128 961 et

447 979 559 1008 colore
575 977 659 1006 enim
673 981 708 1007 et
721 981 818 1015 gustu
834 981 868 1007 et
883 976 1043 1008 facultate
1056 980 1127 1018 plu-

447 1026 565 1055 rimum
582 1023 762 1055 differunt:
786 1024 843 1054 sed
859 1025 920 1055 hoc
943 1026 1065 1065 potiu5‚
1080 1028 1127 1057 ni-

444 1073 491 1102 hil
519 1072 601 1102 illud
629 1072 745 1102 formae
775 1073 877 1103 decus
908 1073 949 1103 ad
977 1083 1126 1113 saporem

445 1120 571 1159 facere,
587 1129 661 1150 cum
678 1119 721 1150 ob
736 1120 770 1150 id
786 1121 874 1151 cocti
885 1130 964 1151 caro
980 1130 1043 1152 non
1057 1132 1127 1152 mu·

445 1173 547 1207 tetur,
576 1174 634 1199 aut
660 1169 775 1199 melior
796 1169 876 1200 fiat:
901 1169 1009 1210 decipi
1026 1171 1128 1210 igitur

445 1226 532 1256 eum,
563 1217 632 1257 qui,
661 1226 735 1247 cum
766 1218 864 1248 aliter
898 1227 995 1258 quam
1031 1224 1127 1250 cocto

444 1265 534 1296 vesci
569 1269 725 1305 nequeat,
760 1265 803 1296 ob
838 1267 938 1296 solam
971 1269 1127 1307 speciem,

445 1323 542 1354 quam
559 1318 657 1344 cocto
673 1313 789 1344 abesse
805 1323 942 1346 necesse
960 1321 1023 1354 est,
1036 1317 1127 1355 galli-

444 1372 497 1393 nae
519 1372 681 1402 pavonem
710 1367 901 1403 anteponat.
948 1366 1036 1404 Lego
1065 1365 1126 1405 igi-

444 1416 511 1452 tur,
527 1418 563 1443 ut
589 1413 677 1444 inter
698 1414 802 1444 varias
824 1415 983 1445 lectiones
1006 1415 1038 1445 in
1061 1425 1127 1446 uno

443 1465 544 1500 atque
560 1462 664 1491 altero
687 1461 803 1492 codice
818 1463 977 1501 scriptum
994 1463 1103 1494 iuveni
1117 1475 1126 1495 ε

447 1513 540 1542 Cocta
554 1522 626 1543 num
639 1513 722 1543 adest
743 1511 837 1541 honor
849 1511 940 1549 idem,
964 1512 1065 1542 Carne
1079 1515 1125 1542 ta-

445 1571 513 1592 men
528 1562 662 1601 quamvis
678 1563 773 1593 distat
788 1562 888 1594 nihil?
910 1564 966 1594 hac
978 1565 1076 1603 magis
1088 1565 1127 1596 ΕΙ-

445 1612 518 1648 lam,
536 1611 708 1649 Impuribus
720 1611 835 1647 formis
856 1612 1009 1654 deceptgam
1025 1616 1055 1643 te
1076 1623 1125 1652 pe-

444 1661 520 1695 tere,
531 1661 604 1688 esto.
619 1658 771 1688 Torreat.
796 1660 924 1689 Coctove
936 1660 1021 1698 num]
1036 1661 1124 1691 Num

445 1710 542 1736 cocto
558 1705 675 1743 pavoni
689 1709 822 1736 manent
843 1706 907 1736 illae
924 1707 1067 1745 plumae?

485 1754 527 1783 29
550 1752 620 1783 Hac
633 1753 731 1790 magis
751 1753 820 1792 illa]
846 1754 965 1785 Forma
989 1756 1127 1794 pavonis

443 1800 550 1840 magis
566 1810 662 1839 quiam
679 1801 748 1839 illa,
769 1801 802 1831 id
824 1805 887 1836 est,
913 1801 1017 1833 forma
1033 1803 1127 1842 galli-

442 1859 507 1880 nae.
549 1850 642 1890 [Vat.
670 1851 764 1881 Rom.
792 1853 823 1882 7.
851 1851 931 1882 nihil
953 1852 1010 1882 hac
1033 1854 1127 1883 distet

443 1899 544 1938 magis
569 1899 633 1930 illa.
676 1899 770 1930 Vatt.
790 1902 820 1930 1.
841 1902 873 1930 3.
897 1904 930 1931 et
950 1901 1124 1933 Barberin.

444 1950 474 1978 l.
504 1947 548 1977 nil
575 1947 639 1985 hoec
667 1948 766 1983 magis
794 1947 859 1978 ill«.
904 1948 914 1965 ‘
932 1949 1124 1980 Nimirum:

444 1995 591 2035 quamvis
620 1995 690 2025 haee
715 2004 792 2026 caro
818 1994 956 2035 pavonis
980 1997 1040 2038 (de
1062 2007 1126 2038 qua

442 2043 633 2074 immediate
646 2042 787 2083 dictum)
799 2044 880 2074 nihil
895 2046 998 2085 magis
1011 2046 1127 2085 distat,

442 2092 591 2131 excellit,
618 2092 673 2122 illa
699 2093 852 2132 gallinae3
883 2098 987 2134 patet,
1008 2099 1042 2126 te
1068 2095 1126 2127 de-

441 2144 577 2179 ceptum
601 2140 710 2180 potius
731 2141 856 2179 specie,
878 2142 1124 2180 pulchritudine

443 2186 591 2226 ejusdem
617 2187 752 2226 pavonis
775 2191 952 2228 antequam
967 2198 1125 2229 coquere-

443 2239 519 2273 tur;
541 2234 593 2265 cui
609 2234 707 2264 etiam
725 2235 834 2265 earnis
854 2239 956 2267 coctoe
972 2246 1123 2276 saporem

442 2291 675 2323 responsurum
688 2282 749 2312 tibi
763 2282 922 2322 fingebas.
944 2283 1020 2315 Hoc
1033 2290 1124 2316 recte

443 2331 484 2362 ad
507 2335 653 2361 mentem
675 2330 803 2365 Poetae,
826 2331 880 2370 qni
904 2333 1039 2371 pavonis
1053 2343 1123 2364 car-

442 2389 516 2411 nem
534 2377 675 2419 praefert
685 2379 777 2409 carni
794 2378 935 2418 gallinae.
959 2380 1012 2411 lta
1023 2381 1124 2412 etiam

441 2431 646 2459 evanescunt
663 2430 713 2458 tot
727 2426 955 2468 difficultates,
969 2433 1004 2460 et
1019 2432 1124 2460 muta-

441 2478 549 2508 tiones
573 2487 593 2507 a
620 2476 787 2512 Mamilio,
812 2477 997 2512 Torrentio,
1019 2477 1123 2509 Bent-

440 2525 519 2563 leio,
545 2525 680 2564 aliisque
709 2524 924 2564 excogitatae,
955 2530 994 2556 ut
1023 2526 1123 2557 verba

442 2577 479 2604 et
505 2583 618 2604 eorum
649 2581 780 2604 sensum
809 2573 1020 2606 deforment.³
1049 2574 1122 2605 Fea.

443 2622 541 2653 Hanc
569 2622 746 2652 lectionem
785 2625 987 2662 receperunt
1021 2622 1122 2653 etiam

441 2670 550 2703 Bothe
565 2673 601 2700 et
616 2668 752 2708 Jaeek.]

485 2721 525 2748 80
547 2717 720 2756 Imparibua
736 2717 865 2756 formis]
895 2717 1020 2748 Formis
1049 2717 1122 2756 pul-

444 2765 632 2796 chritudine
659 2764 880 2796 dissimilibus.
926 2765 1016 2806 Esto]
1037 2765 1123 2795 Con·

893 308 1031 338 NOTAE
1062 307 1318 340 VARIORUM
1354 311 1401 341 {N

1177 402 1271 433 cedo.

1219 453 1257 481 31
1286 451 1371 482 Unde
1384 452 1489 482 datum
1502 452 1610 492 sentis]
1633 451 1754 483 Similis
1769 453 1853 493 prio-

1177 498 1204 528 ri
1227 508 1332 537 error,
1357 504 1414 530 aut
1439 501 1524 539 gulae
1549 499 1709 539 flagitium
1732 502 1852 541 potius,

1177 546 1290 586 lupum
1306 548 1430 587 piscem
1446 547 1609 588 fastidire,
1623 549 1677 589 qui
1690 557 1754 580 non
1767 549 1854 580 inter

1178 594 1257 625 duos
1285 601 1404 636 pontes
1430 597 1543 627 Romae
1568 602 1686 636 captus
1713 597 1778 634 sit;
1815 606 1854 628 ac

1178 647 1302 674 tantam
1331 645 1442 683 palato
1466 655 1526 676 suo
1549 646 1613 676 vim
1635 645 1796 686 tribuere,
1815 651 1853 677 ut

1177 696 1244 721 tam
1257 691 1424 723 subtiliter
1438 693 1507 724 hoec
1522 694 1710 725 discernere
1723 703 1760 725 se
1782 703 1856 733 pos-

1177 748 1213 769 se
1227 739 1392 771 confidat:
1417 751 1478 771 non
1497 741 1583 782 quod
1599 742 1766 782 ignoraret
1782 742 1853 773 Ho-

1178 787 1294 826 ratius,
1305 793 1341 818 ut
1353 789 1516 829 stirpium,
1529 790 1715 830 aviumque,
1725 794 1761 821 et
1775 798 1854 831 qua-

1177 835 1372 875 drupedum,
1385 838 1430 868 sic
1443 839 1579 876 piscium
1591 847 1732 879 quoque,
1741 847 1854 879 quam-

1178 884 1226 913 vis
1249 885 1396 923 ejusdem
1419 890 1454 916 et
1478 887 1608 925 generis
1631 891 1666 918 et
1688 891 1853 926 tempera—

1176 933 1279 962 menti
1300 933 1376 971 sint,
1399 943 1550 972 magnam
1573 939 1682 966 tamen
1696 943 1788 975 saepe
1803 944 1853 966 ra—

1177 980 1267 1009 tione
1297 980 1374 1018 loci,
1400 981 1455 1010 ubi
1487 981 1538 1011 vel
1563 981 1635 1012 nati
1662 983 1715 1012 vel
1737 982 1853 1013 nutriti

1176 1026 1311 1062 fuerint,
1327 1036 1400 1058 esse
1415 1027 1658 1060 differentiamt
1679 1037 1746 1068 que
1758 1029 1801 1061 de
1816 1039 1853 1061 re

1177 1073 1376 1105 Aristoteles
1391 1075 1433 1106 de
1451 1075 1660 1108 Hist.·Auim.
1673 1077 1731 1108 lib.
1747 1085 1780 1109 v.
1794 1078 1853 1109 sed

1177 1122 1273 1153 nimis
1301 1122 1453 1162 profecto
1487 1124 1655 1163 ingeniosa
1682 1125 1760 1164 gula
1790 1129 1873 1165 est,

1177 1181 1251 1212 quae
1273 1181 1338 1212 quo
1359 1182 1460 1213 usque
1484 1174 1580 1213 lupus
1593 1172 1736 1204 Tiberim
1754 1182 1854 1214 pene-

1177 1220 1327 1255 traverit,
1355 1226 1389 1251 et
1414 1221 1471 1251 ubi
1496 1221 1630 1252 tandem
1655 1226 1771 1262 captu·
1799 1222 1856 1259 sit,

1177 1273 1275 1307 gustu
1305 1269 1544 1309 deprehendat.
1587 1270 1672 1301 Nam
1697 1270 1784 1311 quod
1808 1271 1855 1302 ait

1176 1317 1360 1354 Juvenalis,
1389 1319 1536 1349 ‘Circeis
1562 1325 1640 1350 nata
1665 1317 1786 1358 forent,
1812 1328 1854 1350 au

1175 1365 1352 1396 Lucrinum
1368 1366 1408 1396 ad
1424 1375 1548 1405 saxum,
1559 1367 1770 1406 Rutupinove
1785 1363 1854 1397 edi-

1175 1415 1211 1442 ta
1231 1412 1334 1443 fundo
1348 1413 1481 1455 Ostrea,
1504 1414 1648 1445 callebat
1669 1415 1774 1454 primo
1798 1415 1854 1445 de-

1175 1461 1339 1500 prendere
1363 1471 1486 1501 morsu,
1521 1464 1566 1494 Et
1593 1463 1695 1494 semel
1724 1463 1853 1503 aspecti

1174 1508 1308 1540 dicebat
1333 1511 1427 1542 littus
1452 1511 1583 1542 echini.’
1626 1512 1668 1542 Id
1683 1512 1786 1542 multo
1801 1516 1852 1542 to-

1174 1556 1421 1590 lerabilius-est.
1465 1561 1516 1590 De
1538 1560 1719 1599 hujusmodi
1741 1564 1851 1591 autem

1174 1613 1314 1636 censura
1341 1607 1474 1646 egregie
1496 1606 1623 1638 Plinius
1645 1607 1702 1638 lib.
1725 1616 1777 1638 ix.
1799 1611 1850 1639 45.

1174 1652 1240 1682 Qui
1270 1662 1348 1683 vero
1377 1659 1491 1685 nostra
1519 1659 1620 1686 aetate
1643 1655 1686 1686 de
1710 1655 1852 1695 piscibus

1174 1699 1350 1739 scripsere,
1376 1701 1471 1740 lupos
1495 1702 1628 1741 quidem
1650 1703 1737 1733 inter
1755 1705 1852 1734 mari-

1174 1755 1233 1776 nos
1249 1753 1443 1786 numen-auu
1466 1749 1513 1779 sic
1539 1753 1649 1780 tamen
1670 1753 1708 1780 ut
1731 1759 1750 1781 e
1770 1752 1854 1782 mari

1173 1794 1306 1826 flumina
1331 1797 1480 1837 subeant,
1502 1807 1699 1838 quamquam
1723 1797 1768 1830 ibi
1787 1809 1852 1831 non

1174 1849 1360 1877 nascautur.
1402 1845 1558 1886 Optimos
1572 1855 1651 1884 ergo
1672 1855 1747 1878 esse
1761 1847 1855 1879 aiunt

1174 1893 1320 1932 pelagios
1344 1894 1454 1933 ipsos;
1479 1895 1518 1925 iis
1542 1895 1718 1934 proximos,
1742 1896 1796 1936 qui
1819 1896 1853 1926 in

1173 1940 1265 1971 ostiis
1294 1940 1463 1973 fluminum
1491 1944 1691 1983 capiuntur3
1727 1947 1855 1982 postre-

1175 1998 1253 2024 mos,
1268 1991 1324 2030 qui
1347 1989 1535 2021 fluminibus
1555 1991 1780 2030 assueverint3
1803 1996 1852 2024 at-

1174 2047 1238 2077 que
1253 2038 1366 2069 horum
1382 2039 1647 2071 insaluberrimos
1664 2041 1719 2079 qui
1736 2040 1850 2072 Romae

1174 2086 1262 2116 inter
1293 2091 1412 2125 pontes
1447 2088 1594 2127 degunt3
1625 2087 1702 2119 ideo
1723 2093 1850 2120 tautum

1173 2134 1432 2173 commendatos,
1450 2136 1536 2174 quod
1559 2136 1709 2166 sordibus
1726 2141 1851 2167 stereo-

1173 2180 1330 2220 ribusque
1344 2182 1484 2220 saginati
1506 2183 1590 2220 gulae
1610 2184 1713 2222 magis
1728 2183 1849 2214 lenoci-

1172 2231 1303 2258 nentur.
1347 2228 1421 2260 Qua
1448 2230 1480 2258 in
1511 2237 1547 2259 re
1578 2233 1688 2260 tamen
1717 2230 1848 2262 modum

1173 2275 1284 2314 prisca
1306 2276 1362 2306 illa
1386 2277 1516 2307 luxuria
1542 2278 1670 2309 statuit.
1714 2277 1850 2310 Graeeo-

1173 2332 1243 2354 rum
1268 2332 1347 2363 ergo
1370 2323 1488 2364 λάβραξ
1507 2326 1592 2364 lupus
1613 2329 1667 2356 est
1687 2326 1848 2357 Romano-

1172 2381 1256 2402 rum.
1284 2373 1368 2403 Nam
1383 2378 1419 2404 et
1433 2372 1570 2404 nominis
1585 2373 1670 2404 ratio
1682 2375 1850 2406 convenit.

1173 2420 1302 2452 Graecis
1318 2421 1410 2452 enim·
1419 2421 1499 2461 παρὰ
1511 2422 1567 2458 τῆς
1579 2421 1772 2462 λαβρότητος
1782 2423 1849 2453 dic-

1173 2473 1236 2508 tus,
1264 2470 1297 2500 id
1322 2475 1386 2510 est,
1410 2481 1429 2500 a
1452 2471 1484 2501 vi
1505 2474 1536 2502 et
1553 2471 1740 2508 voracitate,-
1761 2480 1848 2502 eam-

1172 2518 1314 2558 demque
1333 2519 1375 2550 ob
1390 2528 1537 2550 caussam
1553 2519 1662 2560 aptius
1683 2529 1703 2550 a
1721 2520 1846 2551 Latinis

1172 2576 1267 2606 quam
1282 2567 1346 2607 lupi
1356 2568 1576 2607 sppellatione
1589 2568 1701 2600 vocari
1714 2577 1779 2598 non
1790 2577 1847 2608 po·

1172 2615 1247 2651 tuit,
1262 2615 1335 2655 ipso
1349 2617 1415 2646 oris
1428 2617 1516 2646 rictu
1531 2620 1633 2656 atque
1650 2616 1740 2646 hiatu
1762 2625 1845 2656 ρω-

1171 2665 1320 2696 datorem
1351 2663 1540 2705 praeferens.
1581 2665 1627 2696 Et
1654 2665 1717 2696 hoo
1744 2664 1845 2704 igitur

1170 2715 1340 2755 ingeniose
1357 2715 1529 2754 Horatius,
1548 2716 1663 2756 Captus
1674 2714 1748 2746 hiet.
1766 2715 1843 2746 'ror-

1171 2767 1258 2795 reut.
1306 2764 1391 2794 Unde
1417 2763 1526 2804 sencio]
1559 2763 1731 2797 Quomodo
1757 2762 1842 2794 scis?
