1930 3204
517 294 727 326 nomm-n
760 294 1040 326 SERMONUM
1076 294 1172 325 mn.
1204 295 1236 326 1.
1266 284 1309 326 3.

181 389 239 421 ille
256 388 436 421 Plautinus
449 389 482 421 in
495 393 650 421 extrema
665 388 800 428 Casina,
812 398 880 429 quo

180 438 313 478 nititur,
325 439 359 470 in
383 439 526 471 vetustis
551 439 801 480 exemplaribus
817 440 879 471 ali·

182 494 247 528 ter,
262 498 363 530 qnam
385 489 460 530 ipse
484 493 596 530 putet,
620 488 755 528 legitur,
771 488 879 520 Bache

179 539 323 578 seilicet,
349 548 416 570 non
436 539 570 573 Bacche,
596 544 633 569 ut
659 537 692 568 in
718 538 879 579 vulgatis,

181 597 292 629 neque
310 588 458 624 Bacche,
475 593 513 620 ut
538 588 610 629 ipse
639 586 759 620 refert.
786 588 878 620 Torr.

182 638 322 678 Giton-ee,
346 638 384 669 Io
407 638 544 674 Bacche,
573 637 675 678 modo]
703 638 879 670 Recitaret

180 698 318 720 carmen
346 688 481 730 aliquod
507 688 540 719 in
571 687 705 719 laudem
734 689 878 725 Bacchi,

178 738 227 769 sic
262 737 439 778 incipiens,
470 737 509 769 Io
538 737 686 769 Bacche.
733 738 879 779 Summo]

177 787 285 820 Modo
299 797 382 819 voce
406 787 612 828 acutissima,
626 787 726 819 modo
750 790 879 829 gravis-

177 846 274 869 sima.

219 890 241 920 8
265 887 419 928 Πιοωιαε]
447 887 539 920 Ante
577 888 696 921 Lamb.
731 899 881 922 resonans

175 941 374 970 constanter
394 938 428 969 in
449 938 604 970 omuibus
625 940 879 980 exemplaribus

176 988 376 1030 legebatnrz
415 989 489 1030 ipse
516 989 714 1020 Turnebum
740 997 879 1023 secutus

178 1043 368 1079 auctorem,
383 1042 423 1070 nt
447 1038 614 1079 suspicor,
629 1044 755 1072 resonat
779 1041 879 1073 resti·

178 1087 259 1120 tuit.
294 1088 371 1120 Nec
388 1087 514 1119 desunt.
529 1088 587 1128 qui
602 1093 725 1121 resonet
740 1091 806 1130 legi
823 1101 878 1124 ve-

178 1138 253 1183 lint,
274 1147 342 1180 quo
358 1147 458 1170 sensu
471 1138 600 1171 nescio.
642 1139 730 1170 Vide
754 1141 878 1173 Cante—

178 1197 252 1219 rum
263 1196 315 1219 ιν.
324 1189 376 1219 12.
386 1192 422 1220 et
431 1188 581 1221 Turneb.
590 1197 669 1221 xix.
678 1192 732 1221 3⁰.
755 1191 881 1224 Quam-

177 1246 276 1278 quam
293 1236 400 1278 igitur
415 1237 548 1270 varient
564 1243 697 1271 veteres
715 1241 879 1273 membra-

177 1295 246 1326 nae,
267 1296 287 1318 a
308 1290 452 1328 recepta
475 1287 623 1320 lectione
646 1298 714 1320 non
739 1290 879 1323 recedo.

176 1335 357 1368 Sententia
369 1342 483 1368 autem
497 1342 550 1369 est
559 1337 737 1378 Tigellium
751 1349 879 1381 organo

176 1385 226 1417 illi
242 1395 314 1422 suo,
328 1385 417 1427 quod
434 1387 675 1418 tetrachordon
692 1394 778 1426 erat,
794 1399 878 1421 voce

176 1436 402 1476 accinentem,
417 1436 467 1467 ita
485 1439 694 1477 temperasse
709 1448 823 1475 sonos.
839 1444 878 1471 ut

175 1485 276 1517 modo
291 1490 394 1518 acuta
414 1495 563 1527 prorsus,
578 1487 677 1518 modo
694 1487 807 1528 gravis
822 1499 876 1520 es-

174 1538 227 1566 set
255 1533 392 1566 cantio:
427 1534 528 1566 Unde
558 1544 639 1567 mox
668 1535 787 1577 infert,
817 1538 879 1570 Nil

173 1585 292 1626 equale
326 1585 444 1617 homini
470 1586 540 1624 finit
574 1585 635 1619 illi.
679 1587 876 1630 Numquam

175 1635 265 1666 enim
279 1634 370 1667 idem
386 1644 450 1668 nec
466 1635 585 1668 similis
607 1636 672 1668 sibi
691 1637 876 1678 Tigellius:

173 1684 218 1716 de
255 1694 324 1727 qno
356 1686 524 1726 praeclare
560 1687 693 1719 Seneca
728 1688 878 1729 Epistol.

173 1743 275 1767 cxxt.
299 1734 444 1767 Torreat.
491 1735 626 1767 Chordis
647 1738 809 1778 quattuor]
835 1738 878 1769 In

176 1788 323 1826 quatuor
349 1783 498 1824 chordis,
512 1785 546 1816 id
571 1790 637 1825 est,
652 1786 878 1818 instrumento

174 1833 312 1865 Mnsieo
339 1838 487 1875 quatuor
513 1833 734 1866 chordarum:
760 1835 878 1869 Graeci

175 1883 353 1924 appellant
366 1881 587 1924 τετράχορδον.

219 1935 241 1964 9
265 1932 326 1964 Nil
352 1934 472 1974 oeqanle
501 1933 634 1975 hontini]
658 1933 698 1966 Iu
723 1935 877 1967 omnibus

177 1991 214 2014 se
230 1982 360 2015 varium
383 1982 550 2015 ostendit.
595 1983 687 2025 Soepe
709 1986 794 2017 velut
808 1985 877 2026 qui]

177 2032 247 2066 Qui
281 2042 374 2075 σερε
401 2034 578 2074 currebat;
610 2035 703 2067 velut
741 2034 877 2077 fugiens

176 2082 321 2115 hostem.

221 2134 262 2164 1⁰
289 2133 380 2165 Velut
404 2134 458 2175 qai
482 2135 618 2167 Junonis
646 2145 734 2167 sacra
752 2136 876 2178 ser-ret]

174 2181 306 2214 Notum
330 2184 561 2224 proverbium,
586 2185 709 2226 Ἡραῖον
721 2184 875 2226 βαδίζειν,

173 2231 210 2264 id
235 2238 303 2270 est,
315 2234 488 2266 Junonium
502 2234 639 2274 ingredi,
664 2235 716 2267 vel
740 2235 783 2267 ab
800 2236 876 2276 ipso

174 2283 264 2316 Dea
279 2283 368 2316 illius
384 2284 529 2320 incessu,
546 2286 647 2326 pleno
671 2287 877 2328 maiestatis,

175 2342 252 2375 qum
261 2333 272 2350 ⁸
286 2333 410 2365 Divum
422 2333 560 2366 incedat
571 2335 700 2376 regina,
710 2336 878 2377 Jovisque

176 2382 223 2415 Et
238 2392 334 2415 soror
346 2387 382 2414 et
393 2383 546 2423 conjux.'
590 2383 656 2414 Vel
673 2394 692 2414 a
706 2394 877 2416 sacrorum

177 2432 251 2473 ejus
277 2441 414 2473 pompa,
429 2432 524 2463 lento
543 2433 649 2473 gradu
671 2433 749 2465 duci
765 2435 878 2466 solita.

177 2481 392 2522 Quamquam
420 2480 462 2511 ad
493 2490 591 2512 sacra
620 2481 710 2522 quod
741 2483 878 2519 attinet.

178 2534 371 2564 ceterorum
388 2540 522 2572 qnoque
545 2531 695 2562 Deorum
712 2532 878 2564 Dearum-

179 2589 244 2622 qne
270 2578 418 2619 fercula,
447 2584 590 2620 propter
617 2580 818 2621 dignitatem
841 2593 880 2615 ac

178 2630 419 2667 reverentiam,
445 2639 576 2662 summa
602 2639 678 2661 cum
708 2632 879 2671 gravitate

178 2681 438 2720 deferebantur,
467 2685 504 2712 et
538 2680 644 2712 Ovid.
675 2680 790 2714 Amor.
822 2692 879 2715 nr.

177 2735 188 2752 ⁸
204 2732 302 2764 More
324 2736 458 2772 patrum
480 2735 624 2770 sanem,
641 2731 762 2762 velatae
779 2733 880 2764 vesti-

179 2781 243 2813 bus
266 2781 360 2818 albis,
382 2779 524 2812 Tradita
549 2780 727 2821 supposito
749 2782 880 2815 vertice

179 2841 276 2865 sacra
304 2830 442 2865 ferunt.²
484 2830 541 2863 De
570 2829 759 2872 virginibus
788 2832 879 2865 enim

1520 285 1633 327 1609

927 390 1090 432 loquitur,
1118 389 1219 432 quaz‘
1250 387 1472 429 canephorae'
1499 387 1543 420 ab
1569 389 1633 422 hoc

928 439 1087 479 gestandi
1109 449 1189 471 vasa
1214 447 1388 471 sacrorum
1412 446 1553 470 munere
1576 448 1634 470 vo-

929 488 1117 520 cabantur:
1146 499 1212 529 quo
1237 488 1403 521 vocabulo
1428 498 1496 520 non
1526 489 1632 520 semel

929 547 1008 569 usus
1032 538 1135 570 etiam
1158 538 1281 570 Cicero
1303 539 1335 570 in
1351 538 1519 571 Verrinis.
1562 537 1630 570 His

928 586 1044 629 itaque
1065 588 1245 629 Tigellium
1261 594 1296 620 et
1320 588 1511 630 Hydaspen
1536 589 1631 620 illum

928 643 1106 679 comparat
1122 638 1247 671 Horat.
1287 639 1364 670 Vid.
1386 638 1534 670 Turneb.
1550 648 1634 671 xm.

930 689 959 720 1.
974 693 1009 719 et
1026 697 1068 720 ιι.
1095 691 1147 720 14.
1172 689 1314 721 Torrent-
1354 689 1447 721 Velut
1468 687 1524 730 qui
1535 690 1637 721 Juno-

927 739 979 770 nis
1003 749 1093 770 sacra
1109 739 1232 781 ferret]
1255 740 1358 779 Saepe
1388 739 1508 770 tardus
1536 740 1631 771 ince-

928 787 1044 825 debat,
1062 789 1155 820 velut
1172 789 1322 829 virgines
1334 787 1515 828 κανήφοροι.

924 840 929 843 χ
970 841 1014 870 12
1036 837 1239 878 Tetrarchos]
1269 837 1455 869 Tetrarcha
1477 842 1633 879 quartam

929 889 1024 930 regni
1042 892 1176 929 partem
1194 888 1361 929 possidet.

971 941 1012 970 13
1028 939 1142 971 Mense
1157 938 1270 979 tripes]
1293 939 1450 970 Mensam
1462 938 1554 970 haud
1567 938 1630 970 du-

929 987 984 1020 bie
1010 989 1111 1020 vilem
1135 988 1369 1030 plebeiamque
1398 987 1577 1028 significat,
1596 992 1634 1020 et

928 1048 994 1081 qua
1029 1039 1123 1070 nulla
1153 1043 1291 1080 poterat
1326 1048 1400 1070 esse
1432 1038 1634 1079 simplicior,

928 1089 1062 1130 qualem
1077 1093 1113 1121 et
1126 1089 1253 1120 Baucis
1266 1098 1349 1120 anus
1360 1087 1516 1129 illaapud
1530 1087 1635 1120 Ovid-

927 1139 1017 1171 Met.
1044 1147 1130 1171 vur.
1166 1138 1247 1172 Jovi
1278 1138 1414 1178 posuit:
1448 1137 1634 1169 ‘Mensam

928 1189 1103 1220 succincta
1145 1193 1364 1229 tremensque
1401 1187 1508 1219 Ponit
1537 1197 1632 1227 anus,

928 1246 1055 1269 mensae
1083 1237 1143 1269 sed
1170 1242 1246 1269 erat
1273 1247 1333 1278 pes
1356 1238 1480 1270 tertius
1504 1238 1635 1278 impar3

927 1288 1034 1319 Testa
1067 1297 1183 1329 parem
1219 1286 1327 1319 fecit?
1373 1287 1504 1328 Lepide
1542 1288 1634 1319 enim

928 1337 1041 1369 Poeta
1065 1337 1262 1378 ingeniosus
1277 1347 1344 1368 non
1368 1342 1550 1369 contentus
1571 1336 1632 1368 tri-

928 1387 1051 1428 pedem
1072 1386 1213 1418 finxisse
1238 1396 1402 1427 mensam,
1416 1387 1520 1418 etiam
1541 1387 1632 1428 pede

927 1446 995 1468 uno
1010 1436 1259 1468 claudicantem
1277 1436 1443 1468 reddidit.
1471 1436 1614 1468 Torreat.

970 1489 1011 1518 14
1036 1486 1160 1517 Concha
1180 1486 1256 1518 salis
1277 1486 1367 1527 puri]
1387 1486 1536 1518 Veteres
1563 1486 1634 1518 Ro·

926 1536 1029 1573 mani,
1044 1541 1082 1568 ut
1098 1545 1140 1568 11.
1157 1535 1227 1568 Od.
1243 1539 1296 1567 16.
1324 1539 1461 1567 notasse
1477 1536 1635 1576 memini,

926 1586 1064 1618 tametsi
1088 1586 1217 1617 nullum
1238 1586 1331 1618 aliud
1353 1596 1411 1617 vas
1431 1591 1632 1627 argenteum

927 1636 1155 1678 possiderent,
1182 1637 1344 1677 patellam
1375 1641 1502 1673 tamen,
1532 1646 1635 1678 qnam

928 1688 1084 1719 Deorum
1099 1687 1272 1722 dicebant,
1290 1696 1330 1718 ac
1353 1687 1497 1718 salinum
1518 1697 1560 1718 ex
1581 1697 1635 1719 ar-

929 1740 1034 1777 gento
1063 1735 1138 1767 fere
1161 1736 1350 1767 faciebant.
1396 1735 1444 1766 At
1469 1735 1634 1775 Tigellius

927 1786 983 1817 hic
998 1785 1120 1817 Curios
1140 1794 1257 1816 omues
1273 1789 1310 1815 et
1325 1784 1503 1816 Fabricios
1519 1783 1636 1826 fruga-

928 1835 1027 1867 litate
1053 1839 1090 1866 et
1115 1834 1325 1866 abstinentia
1349 1842 1527 1874 superans,
1554 1843 1636 1866 con-

928 1884 992 1916 cha
1007 1884 1104 1915 salini
1120 1884 1198 1915 loco
1212 1886 1394 1915 contentus
1406 1887 1499 1923 erat;
1522 1892 1635 1924 neque

928 1934 1057 1976 rapulis
1081 1933 1321 1975 radicibusque
1337 1938 1374 1965 ut
1387 1933 1449 1974 illi,
1465 1932 1525 1964 sed
1540 1942 1635 1966 mero

927 1985 996 2016 sale
1013 1985 1091 2026 pani
1107 1984 1240 2023 intrito,
1253 1983 1385 2015 obsonii
1401 1983 1475 2015 loco
1495 1982 1635 2015 frueba-

927 2039 1007 2067 tur:
1032 2034 1098 2066 nisi
1110 2044 1224 2075 purum
1238 2042 1300 2074 pro
1314 2032 1460 2064 candido
1475 2033 1636 2074 accipere

925 2085 1002 2126 quis
1016 2084 1125 2120 malit,
1133 2083 1176 2115 ad
1192 2082 1279 2122 nigri
1290 2082 1370 2113 salis
1382 2081 1634 2122 differentiam3

925 2145 993 2177 quo
1010 2144 1100 2167 nunc
1122 2143 1257 2175 quoque
1281 2133 1456 2164 tenuiores
1480 2137 1635 2165 utuntur.

925 2185 995 2218 Sed
1011 2194 1054 2216 ne
1071 2184 1205 2225 nigrum
1231 2184 1371 2225 quidem
1388 2183 1560 2224 respuisse
1574 2183 1634 2215 'ri-

925 2234 1076 2276 gellium.
1094 2234 1188 2266 Torr.
1235 2232 1361 2264 Concha
1374 2233 1451 2264 salis
1461 2232 1551 2274 puri]
1572 2232 1634 2264 Sa-

924 2284 1030 2316 linum
1047 2293 1091 2316 ex
1107 2283 1248 2315 concha.

968 2337 1008 2364 15
1035 2333 1187 2370 Quamvis
1210 2332 1333 2373 crosso]
1368 2333 1378 2350 ‘
1398 2332 1559 2364 Crassas'
1576 2341 1634 2363 vo-

927 2383 1051 2414 cabant
1068 2387 1165 2422 togas
1181 2383 1384 2423 tunicasque
1400 2382 1537 2412 easdem
1549 2391 1632 2423 quas

927 2436 964 2463 et
993 2432 1003 2449 ‘
1027 2430 1195 2471 pingues:
1223 2431 1369 2462 durioris
1394 2440 1434 2462 ac
1458 2431 1633 2461 crassioris

927 2481 1044 2523 panni,
1058 2481 1176 2522 quales
1191 2481 1332 2512 hiberno
1347 2486 1500 2520 tempore
1516 2480 1556 2511 in.
1569 2489 1632 2510 usn

927 2537 1037 2563 erant.
1064 2531 1155 2562 Tor-r.
1193 2531 1308 2562 Decies
1321 2529 1465 2569 centena]
1501 2529 1632 2561 Turne·

929 2582 992 2614 bus
1020 2580 1306 2613 Adversariorum
1333 2588 1447 2610 xvm.
1468 2581 1522 2610 30.
1539 2583 1632 2611 vete-

928 2641 983 2664 res
1009 2632 1179 2662 Romanos
1201 2630 1287 2661 hanc
1303 2639 1367 2670 pro
1390 2629 1528 2660 immani
1542 2639 1634 2661 snm-

928 2690 983 2714 ma
1005 2688 1171 2720 usurpare
1198 2679 1316 2710 solitos
1334 2683 1489 2715 annotat,
1504 2682 1540 2710 et
1555 2679 1633 2710 bre-

930 2732 1042 2763 vitatis
1069 2738 1188 2761 caussa
1213 2728 1378 2769 appellari
1395 2726 1556 2767 ‘decies,’
1569 2737 1631 2759 seu

928 2783 938 2801 ‘
956 2781 1072 2813 decies
1098 2777 1323 2811 sestertium.'
1366 2778 1514 2819 Egregie
1527 2787 1631 2818 sane3

928 2833 977 2865 sic
992 2831 1082 2865 enim
1096 2830 1151 2862 hic
1173 2829 1300 2863 Horat.
1323 2833 1359 2862 et
1374 2829 1480 2862 Mart.
1497 2827 1556 2862 lib.
1579 2837 1632 2861 xi.
