1904 3216
389 269 501 312 1656

391 371 568 403 exterritas
580 371 627 402 sic
639 369 820 410 aufugisse,
829 373 867 401 ut
879 370 976 401 alteri
991 370 1071 402 den-

391 423 456 459 tes,
485 420 582 451 alteri
611 420 719 450 crines
747 419 848 450 etiam
873 420 1075 459 exciderint,

392 469 511 510 quibus
526 467 727 508 appo‘sttitiis
741 468 796 509 (ut
808 470 930 499 vetnlae
947 468 1072 509 solent)

389 518 594 550 utebantur:
611 516 658 548 sic
668 517 755 548 euim
769 518 958 549 caliendrum
972 527 1072 558 expo-

391 571 475 599 nunt
490 565 617 606 antiqui
634 566 856 606 Interpretes.
889 567 975 599 Vide
990 569 1073 599 Tur-

391 615 468 646 neb.
485 622 550 646 vu.
564 617 616 646 20.
634 616 774 647 Tor-rent.
821 617 950 658 Dentes,
964 617 1074 657 ultum]

392 663 469 695 Non
485 672 561 694 suos
577 664 706 703 dentes,
721 665 781 696 sed
796 666 922 697 alienos
937 671 1009 697 arte
1024 667 1073 697 in-

390 711 483 743 sitos.
539 712 750 754 caliendrum]
780 714 920 755 Saganae
947 724 1072 745 comam

392 760 595 800 oppositam,
619 761 651 792 id
668 767 732 800 est,
747 763 873 794 crinem
889 761 1072 803 hypocriti-

392 817 479 847 eum,
492 807 590 848 Angl.
602 820 622 840 a
639 810 781 849 periwr’g.

433 861 474 889 50
501 859 638 900 Vincula]
670 861 778 892 Recte
793 871 854 902 pro
869 862 953 893 liciis
969 871 1072 902 expo-

392 908 441 938 nit
454 909 608 949 antiquus
620 916 870 950 commentator,
881 911 968 951 quod
985 921 1073 942 amo·

392 957 438 987 ris
460 957 594 987 vincula
618 963 729 988 essent
743 967 784 988 ex
801 959 938 989 diversis
956 959 1074 990 colori-

392 1004 468 1042 bus,
489 1004 609 1044 quibus
629 1007 757 1036 mentes
771 1006 938 1036 hominum
954 1007 1075 1038 vincie-

394 1051 486 1090 bant,
501 1051 588 1082 sicut
603 1057 730 1084 stamen
746 1054 920 1094 implicant
943 1056 952 1072 ⁴
967 1056 1042 1086 licia
1056 1055 1074 1086 :'

393 1099 442 1131 sic
459 1100 546 1130 enim
561 1100 695 1132 Servius
708 1101 740 1132 in
753 1103 835 1133 illud
846 1103 939 1142 Virg.
951 1107 959 1120 ‘
970 1104 1078 1134 'Perna

395 1147 456 1178 tibi
482 1148 555 1180 haec
579 1150 717 1188 primum
741 1151 863 1190 triplici
879 1152 1007 1183 diversa
1023 1162 1077 1183 co-

394 1197 463 1227 lore
479 1197 570 1228 Licia
581 1198 774 1230 circumdo?
798 1200 840 1230 Et
857 1209 952 1231 mox:
966 1202 976 1218 ‘
993 1202 1079 1232 Nec·

395 1250 431 1275 te
447 1246 554 1276 tribus
570 1247 664 1277 nodis
680 1251 791 1278 ternos
806 1247 970 1288 Amarylli
990 1249 1079 1280 colo-

396 1304 449 1326 res
462 1306 471 1334 ;
494 1296 604 1327 Necte
615 1296 777 1337 Amarylli
790 1299 900 1338 modo,
912 1303 961 1338 et,
971 1299 1079 1330 Vene-

395 1343 452 1384 ris,
469 1345 536 1384 die,
553 1346 683 1377 vincula
699 1346 824 1378 necto.'
841 1348 982 1379 Torrent.

396 1392 475 1425 ΕΔΤ.
510 1403 560 1425 lx.
626 1396 800 1429 Describit
835 1397 1017 1436 cujusdam,
1046 1396 1078 1427 in

431 1452 536 1483 ,quem
552 1442 640 1474 forte
656 1444 834 1484 inciderat,
856 1446 1078 1485 importunam

437 1495 474 1522 et
503 1492 707 1531 pertinacem
740 1494 982 1533 garrulitatem,
1015 1503 1078 1534 qua

431 1540 638 1581 jactabunde
652 1542 817 1582 quaedam,
842 1543 1000 1574 nonnulla
1019 1543 1079 1573 im-

436 1589 616 1629 pudenter,
627 1591 734 1621 omniu
743 1592 846 1622 stulte
856 1591 1080 1630 demutemus,

437 1638 494 1669 diu
519 1638 660 1669 invitum
683 1639 879 1679 detinuerit,
902 1645 937 1670 et
961 1649 1080 1679 prope-

438 1687 572 1718 modum
590 1687 750 1718 enecarit.

438 1738 456 1766 1
480 1735 583 1775 Ibam]
606 1735 695 1766 Mira
717 1736 813 1776 hujus
833 1737 1002 1768 Sermonis
1017 1736 1081 1768 fea-

397 1784 526 1823 tivitas,
548 1794 615 1826 quo
630 1785 835 1824 garrulitatis
851 1786 954 1816 veluti
973 1786 1081 1825 imago

398 1833 551 1874 quaedam
581 1838 658 1864 ante
685 1835 798 1865 oculos
825 1835 970 1874 ponitur.
1028 1837 1080 1866 De

399 1884 464 1915 Via
479 1892 574 1915 sacra
587 1888 710 1922 autem,
722 1884 866 1914 omnium
879 1894 952 1924 quoe
969 1885 1000 1914 in
1016 1883 1079 1915 Ur-

397 1932 440 1963 be
456 1937 552 1963 erant
564 1932 776 1970 nobilissima,
788 1933 928 1964 videnda
939 1943 1010 1975 quae
1023 1943 1079 1964 uo-

398 1982 541 2012 tavimus
557 1981 666 2021 Epod.
681 1991 733 2013 [v.
759 1981 846 2013 Torr-
903 1982 961 2014 Via
978 1983 1080 2022 suem]

399 2029 441 2060 In
459 2029 511 2060 via
527 2039 621 2060 sacra
645 2029 755 2061 foedus
777 2031 881 2062 ictum
905 2030 970 2062 fuit
991 2032 1080 2063 inter

401 2077 578 2108 Romulum
592 2083 627 2110 et
641 2079 780 2110 Tatium.

441 2127 461 2155 2
481 2125 661 2165 Nugarum]
682 2128 794 2158 Meras
817 2137 922 2167 nugas
945 2130 1010 2159 Vin
1030 2138 1084 2159 sa-

401 2183 459 2205 cra
481 2174 681 2206 meditatum
698 2175 800 2208 fnisse
817 2177 996 2207 Horatium
1011 2186 1081 2208 ore-

400 2223 554 2262 diderim,
567 2233 632 2254 non
646 2233 773 2262 versus,
790 2234 870 2265 quos
885 2225 1002 2256 Poetae
1014 2235 1082 2256 mo-

402 2273 516 2303 destiae
532 2282 650 2303 caussa
665 2273 675 2290 ⁴
686 2282 790 2313 nugas
801 2274 810 2286 ¹
828 2278 958 2306 vocant.
991 2276 1083 2306 Totus

401 2321 434 2350 in
447 2320 522 2359 illis]
535 2321 591 2351 Sic
607 2322 712 2351 nostri
727 2321 826 2354 codd.
841 2323 912 2353 sine
925 2324 1083 2363 conjunc-

403 2370 505 2410 tione,
518 2369 606 2400 haud
623 2370 720 2401 dubie
735 2371 864 2403 melius.
906 2372 985 2404 Vid.
1000 2373 1083 2404 Tur-

402 2419 478 2451 neb.
493 2428 553 2451 xv.
568 2422 619 2451 18.
635 2420 774 2452 Tor-rent.
818 2422 858 2452 In
871 2421 950 2462 illis]
966 2422 1006 2453 In
1019 2422 1084 2453 illis

403 2470 510 2509 nugis.
805 2467 808 2469 “

445 2521 464 2548 3
488 2517 646 2557 Accurrit]
672 2518 813 2559 Vulgati
836 2519 934 2551 codd.
955 2521 1085 2552 occurrit

403 2568 539 2606 habent,
553 2569 610 2599 sed
626 2568 708 2599 illud
721 2569 846 2600 melius.
863 2570 1000 2601 Torreat.

445 2620 466 2648 4
484 2617 675 2658 Arreptaque
702 2619 807 2658 mauu]
840 2619 979 2650 Manum
1007 2620 1084 2650 nrri-

405 2675 500 2705 pere,
520 2671 571 2698 est
593 2667 782 2698 autoritatis
805 2668 973 2708 indicium,
995 2669 1084 2708 qnod

407 2714 478 2745 Cic.
494 2725 556 2755 pro
567 2717 709 2748 Murena
722 2717 902 2757 expressit,
915 2717 1083 2758 inquiens:

405 2762 415 2779 ⁸
427 2763 538 2805 Quane
551 2774 649 2806 quum
664 2766 728 2797 ista
739 2763 783 2797 sss
797 2767 1008 2803 auctoritate,
1020 2775 1085 2797 uon

834 279 974 309 NOTAE
1006 279 1223 311 VARIORU
1234 281 1265 309 M
1297 281 1347 311 ΙΝ

1121 371 1223 403 debes
1244 373 1292 404 M.
1308 374 1393 405 Cato
1419 375 1567 415 arripere
1590 375 1796 408 maledictum

1121 429 1162 451 ex
1178 421 1300 458 trivio‚'
1311 423 1372 453 διο.
1390 424 1484 462 Cruq.
1517 423 1602 458 Quid
1612 422 1696 462 agis]
1712 424 1799 456 Quo·

1121 469 1218 500 modo
1235 471 1323 500 vales
1339 471 1484 502 Horati?
1499 472 1606 513 iuquit
1621 473 1688 503 ille.

1162 522 1180 549 5
1203 519 1357 559 Suaviter,
1386 524 1421 551 ut
1445 521 1539 560 nunc]
1574 522 1682 552 Reete
1706 521 1801 553 valeo

1122 568 1302 599 secundum
1343 575 1527 609 temporum
1564 570 1800 602 conditionem.

1125 617 1235 648 Omnia
1250 627 1314 657 quoe
1330 619 1391 658 vis]
1415 619 1524 659 Cupio
1546 620 1664 650 ut''tibl
1687 629 1801 660 prove-

1122 665 1214 696 niant
1229 667 1337 696 omnia
1349 677 1391 697 ex
1407 667 1507 698 animi
1524 669 1700 700 sententia.

1163 717 1183 744 6
1201 715 1300 750 Quum
1311 717 1526 756 associaretur]
1545 716 1653 748 Quum
1665 726 1685 748 u
1694 717 1802 747 latere

1122 771 1195 793 meo
1217 772 1282 794 non
1308 764 1510 802 discederet,
1533 774 1583 795 me
1607 774 1803 806 quocunque

1119 810 1199 842 irem
1224 812 1423 847 comitando,
1450 814 1501 843 vel
1527 823 1578 844 me
1603 814 1802 844 reluctante.

1123 861 1218 899 Cruq.
1263 861 1421 900 Numquid
1442 860 1517 893 vis?
1537 863 1660 902 occupo]
1690 863 1746 893 Sic
1761 862 1804 892 ed

1122 908 1343 939 Maecenatem
1360 918 1383 940 1.
1397 910 1511 949 Epist:
1522 913 1553 941 ⁷.
1574 912 1583 928 ‘
1598 910 1754 950 Occupet
1769 915 1805 941 et

1124 956 1249 986 salvere
1273 956 1373 996 jubet
1403 957 1516 996 prior.’
1559 958 1662 988 ⁴Illud
1693 963 1804 990 nutem

1125 1004 1281 1043 Numquid
1295 1004 1361 1034 vie?
1376 1005 1533 1045 loquendi
1546 1004 1686 1036 formula
1700 1011 1752 1038 est
1766 1007 1806 1037 iis

1125 1053 1259 1088 usitata,
1284 1053 1339 1093 qui
1363 1052 1536 1083 discedere
1559 1052 1602 1083 ab
1623 1053 1734 1093 aliquo
1748 1063 1806 1084 cu-

1125 1106 1256 1141 perent.
1308 1102 1443 1133 Terent.
1471 1102 1651 1133 Eunucho:
1685 1103 1695 1119 ‘
1711 1102 1807 1142 Rogo

1126 1150 1284 1191 numquid
1299 1151 1392 1182 velit.
1436 1144 1555 1187 Recte,
1570 1151 1688 1192 inquit,
1701 1150 1810 1182 abeo!

1125 1200 1201 1231 Vid.
1216 1200 1359 1230 Turneb-
1374 1208 1435 1231 xv.
1451 1202 1502 1230 18.
1527 1200 1666 1230 Tor-rent.
1710 1199 1808 1230 Occu·

1123 1258 1181 1288 po:
1203 1252 1236 1279 at
1257 1248 1325 1288 ille]
1346 1248 1525 1279 Praevenio
1550 1248 1639 1283 illum
1665 1247 1714 1278 tus
1737 1254 1810 1278 ver·

1128 1298 1192 1336 bis,
1208 1297 1368 1338 Nunquid
1385 1296 1473 1328 aliud
1486 1296 1554 1328 vis?
1575 1296 1650 1328 Hoc
1668 1297 1758 1336 volo,
1770 1300 1809 1328 ut

1127 1356 1187 1378 nos
1203 1347 1302 1378 noris.

1168 1399 1188 1426 8
1203 1396 1285 1436 Hoc,
1294 1395 1432 1437 inquam]
1453 1395 1584 1427 Idcirco
1599 1394 1678 1436 quia
1691 1394 1810 1426 doctu·

1126 1454 1174 1484 es,
1187 1445 1291 1485 pluris
1308 1455 1327 1476 a
1342 1455 1394 1476 me
1411 1445 1481 1476 fies.
1525 1445 1641 1476 Misere
1659 1444 1811 1476 discedere

1126 1487 1277 1534 quaerem]
1301 1496 1538 1534 Vehementer,
1557 1503 1670 1535 usque-
1684 1494 1729 1524 ad
1748 1494 1810 1524 mi-

1127 1543 1256 1573 seriam.
1296 1543 1389 1582 [Vnt.
1406 1546 1437 1574 1.
1453 1552 1474 1573 a
1487 1553 1530 1574 m.
1543 1551 1611 1573 sec.
1624 1542 1732 1581 cupide
1745 1541 1809 1573 die·

1127 1592 1258 1631 eedere.]

1169 1642 1190 1670 9
1212 1640 1264 1670 Ire
1277 1640 1363 1670 modo
1377 1638 1482 1679 ocyus]
1512 1638 1606 1670 Ibam
1630 1638 1809 1678 aliqnando

1128 1687 1281 1718 celerius.
1319 1687 1507 1726 consistere]
1529 1686 1717 1727 Aliquando
1731 1696 1810 1718 con-

1131 1735 1299 1766 sistebam.
1342 1734 1436 1775 [Vat.
1452 1737 1484 1765 4.
1498 1735 1533 1765 iu
1545 1735 1646 1775 nura]

1174 1787 1214 1815 10
1236 1784 1348 1816 Dicere
1369 1782 1484 1822 nescio]
1506 1783 1670 1814 Dicebam
1695 1791 1811 1823 puero.

1130 1834 1230 1865 Sudor
1253 1835 1294 1865 ud
1312 1835 1387 1865 imos
1410 1833 1554 1864 Manere&
1579 1832 1812 1873 talos1>Sudor

1130 1885 1219 1914 nullo
1253 1884 1380 1924 praevio
1407 1883 1555 1923 corporis
1583 1883 1698 1913 labore
1725 1891 1812 1914 ema-

1130 1943 1223 1969 nans,
1239 1938 1295 1964 aut
1311 1932 1410 1963 animi
1427 1937 1543 1962 aestnm
1559 1930 1812 1971 molestiamque

1130 1988 1165 2014 et
1180 1991 1333 2022 angorem
1349 1980 1526 2022 significet,
1540 1983 1599 2011 aut
1611 1988 1712 2019 grave
1725 1980 1813 2010 salu-

1131 2032 1174 2062 tis
1189 2031 1372 2070 pericnlum
1383 2031 1526 2068 nuntiat,
1538 2028 1720 2069 praesertim
1735 2037 1812 2058 cum

1130 2079 1268 2119 frigidus
1279 2083 1387 2118 est‚et
1399 2078 1530 2110 accedit
1542 2084 1678 2109 tremor.
1701 2077 1815 2108 Plaut.

1131 2129 1272 2158 Casina:
1289 2128 1298 2144 ‘
1310 2128 1360 2158 Eo
1375 2127 1463 2167 quod
1479 2128 1647 2158 corculum
1663 2126 1815 2157 urendas-

1131 2177 1174 2206 sit
1192 2177 1330 2215 jem'ex
1355 2174 1467 2206 metu!
1509 2173 1624 2213 Atque
1646 2174 1720 2204 hinc
1739 2174 1812 2204 ‘su-

1131 2223 1226 2256 dare'
1254 2233 1315 2264 per
1340 2223 1588 2254 translationem
1614 2230 1678 2252 non
1706 2222 1811 2253 solum

1131 2283 1191 2314 pro
1221 2273 1433 2304 vehementer
1462 2271 1624 2310 laborare,
1653 2270 1712 2302 sed
1749 2280 1811 2311 pro

1130 2322 1310 2362 trepidare,
1331 2322 1471 2360 llaerere,
1494 2326 1595 2360 atque
1618 2321 1749 2351 anxium
1775 2327 1811 2352 et

1131 2371 1325 2412 perplexum
1362 2379 1448 2400 esse.
1510 2369 1645 2400 Terent.
1677 2369 1811 2400 Pborm.

1131 2423 1141 2439 ‘
1158 2420 1220 2451 Eie
1233 2419 1369 2451 sudabis
1383 2418 1475 2456 satis,
1488 2418 1524 2449 Si
1541 2426 1615 2448 cum
1631 2417 1687 2447 illo
1700 2416 1814 2457 incep-

1133 2476 1183 2503 tas
1198 2469 1348 2502 homine.'
1375 2469 1512 2499 Torreat.

1175 2522 1214 2551 11
1237 2519 1382 2551 Manaret
1401 2516 1494 2556 talos]
1516 2517 1626 2549 Quum
1641 2515 1742 2547 sudor
1755 2515 1814 2547 de-

1132 2567 1252 2599 flueret
1269 2576 1339 2607 prae
1355 2566 1455 2596 animi
1470 2573 1606 2604 augore.
1651 2565 1680 2595 0
1693 2567 1724 2596 te
1738 2565 1814 2596 Bol-

1133 2619 1202 2648 lane
1222 2616 1338 2648 cerebri
1361 2613 1509 2653 Felicem]
1538 2614 1735 2654 Inoptirr'ris
1757 2620 1814 2644 ex-

1133 2664 1378 2705 exemplaribus
1404 2663 1476 2695 fere
1500 2663 1624 2703 legitur
1649 2663 1767 2694 Beluae
1793 2671 1814 2691 a

1134 2716 1219 2746 Boln
1236 2713 1373 2754 ignobili
1389 2712 1525 2753 oppido.
1570 2712 1622 2742 De
1637 2721 1703 2751 quo
1717 2710 1812 2750 Virg-

1133 2766 1142 2782 ‘
1158 2765 1338 2804 Bolamque
1351 2759 1558 2802 Coramque!
1588 2759 1688 2795 Hunc
1698 2762 1817 2790 autem
