1982 3230
395 285 506 326 1178

397 388 675 440 Principibus
696 387 916 440 placuisse
937 386 1058 436 viris,
1078 398 1163 426 non
1184 386 1336 427 ultima
1355 387 1452 427 laus
1472 390 1552 426 est.

861 297 905 332 Q.
935 292 1142 324 noRA'rn
1175 293 1346 324 FLAcm

1758 385 1815 426 35

393 453 497 494 Non
519 453 659 494 cuivis
677 452 838 493 homini
858 452 1067 503 contingit
1085 451 1205 491 adire
1226 450 1492 492 Corinthum.

395 519 520 561 Sedit
540 519 616 572 qui
634 518 775 559 timuit
793 531 844 558 ne
863 530 947 558 non
965 517 1239 558 succederet:
1270 520 1364 558 esto
1387 531 1397 558 :

397 585 542 636 Quid?
570 585 644 638 qui
664 585 876 637 pervenit,
896 583 1054 625 fecitne
1076 584 1285 624 viriliter?
1343 583 1481 637 Atqui

396 650 485 691 Hic
505 654 586 699 est,
608 654 685 690 aut
703 662 932 702 nusquam,
946 649 1064 702 quod
1087 649 1350 702 quaerimus:
1378 650 1450 690 hic
1471 660 1581 689 onus
1601 647 1759 696 horret,

394 715 456 756 Ut
475 717 622 769 parvis
645 715 801 756 animis
822 721 867 756 et
886 728 1024 769 parvo
1043 727 1225 768 corpore
1243 715 1411 768 majus;

943 781 1038 822 Aut
1057 782 1194 822 virtus
1213 793 1373 822 nomen
1389 781 1514 821 inane
1534 783 1614 829 est,

393 780 482 822 Hic
503 782 632 830 subit,
654 785 697 822 et
715 782 886 835 perfert.

1757 714 1816 754 40

392 846 485 888 Aut
503 847 636 888 decus
657 853 703 888 et
723 848 906 900 pretium
926 851 1043 888 recte
1065 848 1171 904 petit
1188 847 1417 901 experiens
1439 847 1516 886 vir.

393 913 553 954 Coram
573 926 671 966 rege
687 926 767 955 sua
786 914 839 954 de
858 914 1113 967 paupertate
1132 917 1325 954 tacentes

396 1055 442 1083 ter
460 1053 611 1084 laudabile
625 1057 673 1085 est
693 1054 840 1084 demereri
852 1054 934 1084 viros
952 1053 1129 1094 primarios.
1174 1054 1248 1084 Non
1261 1053 1384 1084 cuilibet
1398 1054 1492 1084 datur
1512 1053 1694 1084 Corinthum
1712 1060 1819 1092 perre-

394 1094 474 1125 πῖνε.
519 1095 645 1129 Quievit
658 1096 710 1135 qui
723 1096 909 1133 formidavit
923 1106 984 1126 non
996 1097 1184 1135 pertingere.
1229 1097 1324 1126 Esto:
1347 1098 1381 1126 ot
1401 1095 1453 1135 qui
1476 1094 1568 1134 adiit,
1581 1104 1622 1125 un
1645 1097 1766 1124 strenue
1786 1101 1822 1123 se

392 1134 516 1172 gessit?
538 1136 799 1167 verumenimvero
809 1139 887 1176 quod
898 1137 1031 1176 petimus
1045 1137 1095 1167 hic
1107 1140 1183 1176 stat,
1195 1138 1242 1167 vel
1257 1146 1402 1176 nusquam
1417 1136 1535 1167 existit.
1580 1135 1733 1174 Illesugit
1746 1143 1821 1164 onus

394 1177 476 1207 velut
491 1186 638 1216 superans
651 1178 786 1208 animum
811 1181 840 1208 et
865 1188 972 1217 corpus
999 1178 1168 1209 imbecille:
1189 1178 1250 1209 iste
1270 1178 1353 1209 subit
1378 1181 1409 1209 et
1430 1178 1574 1209 sustinet.
1615 1177 1759 1213 Profecto
1772 1175 1821 1205 vel

394 1225 501 1249 nomen
515 1228 625 1250 vanum
638 1222 682 1250 est
696 1219 809 1259 virtus,
824 1221 873 1250 vel
882 1220 1002 1260 peritus
1014 1219 1064 1250 vir
1077 1219 1188 1260 optime
1202 1220 1314 1260 quoerit
1326 1220 1459 1259 gloriam
1474 1222 1504 1250 et
1521 1218 1692 1259 proemium.
1733 1217 1821 1255 Ergo

985 1311 1222 1325 eeeeeeeeeeee

393 1384 490 1425 berg.
513 1383 647 1415 coeleetio
662 1386 888 1424 temptam-36
911 1384 984 1415 Non
1007 1394 1034 1415 c.
1058 1384 1211 1415 hominum
1237 1383 1316 1415 Vat.
1342 1383 1439 1415 Rom.
1453 1386 1484 1415 9.
1519 1381 1664 1414 Claisian.
1679 1385 1709 1413 6.
1741 1391 1760 1412 a
1775 1392 1818 1413 m.

394 1436 464 1458 sec.
479 1425 631 1465 Angelic.
644 1427 675 1457 2.
686 1428 717 1456 3.
740 1430 891 1456 notatum
904 1434 947 1456 ex
962 1426 1038 1457 cod.
1055 1426 1089 1456 in
1104 1435 1162 1457 ora
1177 1425 1230 1456 ed.
1246 1425 1324 1457 Ald.
1340 1428 1433 1457 1519.
1446 1426 1478 1456 iu
1490 1424 1651 1455 Biblioth.
1665 1422 1819 1464 Angelic.

392 1469 550 1507 continget
564 1467 791 1499 Schoenborn.
807 1470 924 1498 3.-40
943 1467 1098 1508 Angelic.
1114 1471 1145 1499 2.
1171 1468 1215 1498 Et
1226 1468 1425 1507 parvm—41
1444 1467 1520 1498 Vat.
1536 1467 1632 1498 Rom.
1649 1469 1681 1497 9.
1703 1469 1731 1496 et
1751 1475 1822 1505 pro-

385 1511 466 1548 fert.
509 1509 626 1541 Basili.
652 1512 747 1541 1527.
773 1511 866 1540 1531.
888 1512 918 1540 et
938 1510 1075 1550 praesert.
1118 1509 1230 1541 Zarot.
1246 1511 1340 1540 1470.
1363 1519 1399 1540 uc
1417 1509 1545 1549 perfert,
1560 1513 1595 1538 et
1611 1507 1658 1539 sic
1674 1507 1819 1546 Coning.

394 1561 487 1582 more
502 1553 659 1582 sum—42
680 1552 759 1582 Vat.
788 1551 882 1582 Rom.
906 1553 938 1582 9.
973 1551 1129 1591 Angellc.
1144 1554 1174 1582 l.
1197 1555 1232 1582 et
1257 1551 1486 1582 Schoenborn.
1502 1552 1534 1580 4.
1556 1553 1610 1580 aut
1630 1548 1821 1589 pretium.—

393 1595 434 1624 43
461 1594 572 1624 Coram
594 1602 666 1631 rege
687 1602 740 1623 suo
764 1593 944 1633 Bamberg.
969 1592 1198 1624 Schoenborn.
1214 1595 1290 1624 23.
1305 1596 1337 1624 4.
1360 1601 1474 1624 omnes
1499 1590 1571 1622 fere
1593 1591 1650 1623 alii
1670 1589 1770 1622 codd.
1785 1593 1821 1620 et

393 1634 471 1666 edd.
490 1639 573 1666 vett.
595 1634 675 1666 item
698 1634 868 1666 Sclirevel.
893 1634 1016 1675 Delph.
1034 1635 1112 1674 Fea‚
1126 1640 1161 1666 et
1177 1635 1298 1665 Bothe.
1344 1634 1456 1664 Coram
1476 1643 1506 1664 r.
1529 1642 1582 1664 sua
1603 1634 1652 1671 de,
1665 1633 1717 1672 ⁸5⁶·
1741 1632 1820 1662 Vat.

395 1676 493 1707 Rom.
507 1679 539 1708 4.
563 1685 646 1707 unus
661 1686 716 1716 ap.
732 1676 860 1707 Valurt.
887 1677 930 1706 al.
954 1686 1008 1717 ap.
1032 1677 1145 1707 Bentl.
1162 1676 1218 1717 qui
1235 1676 1410 1716 adoptavit
1424 1676 1458 1706 iu
1475 1680 1584 1706 textu.
1627 1674 1821 1715 Sequuntur

394 1718 584 1750 Bentleium
601 1718 702 1749 Baxt.
719 1717 795 1749 San.
810 1717 958 1750 Mervill.
980 1718 1069 1749 Phil.
1088 1718 1234 1758 Sandby,
1258 1718 1360 1750 Gesu.
1382 1718 1476 1749 Batt.
1492 1717 1568 1748 Val.
1592 1716 1675 1748 Dor.
1700 1715 1820 1747 Oberl.

1039 1810 1176 1843 NOTAE

435 1887 475 1916 35
501 1884 573 1916 Non
596 1883 705 1914 ultima
726 1885 792 1915 laus
812 1884 873 1925 est]
898 1885 1013 1916 Prima
1036 1885 1080 1916 sit

391 1935 464 1966 laus
480 1934 649 1974 egregiam
675 1934 774 1974 Reip.
789 1944 912 1965 navare
929 1945 1077 1975 operam,

391 1988 427 2015 et
442 1983 606 2023 praeclare
618 1983 721 2022 gestis
737 1983 837 2015 rebus
853 1983 1078 2024 principatum

391 2032 544 2073 assequi:
568 2031 716 2063 secunda
734 2032 812 2070 erit,
834 2031 970 2062 summis
986 2032 1078 2068 viris,

393 2091 434 2113 ac
458 2081 558 2121 Reip.
582 2081 724 2117 clavum,
751 2086 810 2112 aut
836 2081 958 2122 primos
982 2082 1015 2113 in
1038 2091 1079 2114 ea

392 2130 515 2170 gradus
532 2129 726 2161 tenentibus
748 2130 926 2170 placuisse,
947 2140 1077 2162 eorum-

392 2187 457 2220 que
472 2178 612 2219 gratiam
628 2178 805 2210 demereri.

433 2230 476 2260 36
502 2228 576 2259 Non
602 2227 701 2258 cuivis
724 2228 851 2268 homini,
875 2229 944 2269 ξω]
967 2228 1078 2269 Hujus

391 2277 563 2318 proverbii
587 2277 681 2308 varia
700 2276 840 2309 affertur
861 2279 967 2320 origo.
1010 2279 1079 2310 Alii

393 2327 435 2358 ad
471 2336 607 2367 magnas
645 2327 893 2359 Corinthiorum
927 2338 1008 2369 opes
1044 2333 1080 2360 et

391 2377 505 2408 luxum
535 2375 698 2408 referunt.
747 2377 878 2410 Strabo.
931 2378 1000 2410 Alii
1035 2378 1077 2410 ad

392 2426 528 2458 Laidem
565 2427 718 2467 aliasque
745 2428 942 2459 meretrices
977 2427 1079 2459 nimio

392 2479 522 2517 quaestu
535 2475 690 2507 famosas.
712 2476 801 2508 Gell.
818 2486 843 2508 1.
857 2479 888 2508 8.
933 2477 1002 2509 Alii
1019 2487 1079 2518 op-

391 2526 473 2558 time
499 2525 540 2557 ad
565 2524 797 2557 difficultatem
823 2526 969 2558 adeundi
1001 2537 1078 2568 por-

391 2579 464 2606 tum
485 2574 732 2606 Corinthiacum
753 2575 874 2607 Isthmi
898 2585 999 2608 causa
1021 2586 1078 2617 ge-

391 2624 538 2661 minum;
571 2623 661 2654 unde
689 2629 698 2642 ‘
715 2623 870 2655 bimaris'
899 2625 1078 2657 Corinthus

392 2674 526 2705 dicitur.
570 2674 657 2705 Vide
671 2684 695 2706 r.
711 2675 778 2707 Od.
793 2677 826 2707 ⁷.

435 2724 475 2754 37
494 2721 580 2753 Sedit
595 2723 648 2762 qui
672 2723 777 2754 timuit
797 2734 835 2755 ne
857 2734 917 2755 non
939 2727 1079 2757 succede·

392 2775 454 2810 ret,
469 2771 535 2812 ἔξω]
561 2771 627 2804 Qui
644 2771 827 2812 periclitari
843 2779 989 2813 veretur,
999 2785 1078 2816 quo-

1133 1886 1219 1916 niam
1243 1885 1408 1916 incertum
1433 1887 1560 1916 exitum
1587 1883 1695 1922 timet,
1711 1884 1739 1914 is
1762 1883 1820 1914 ab·

1131 1935 1236 1965 stinet
1252 1945 1271 1965 a
1287 1934 1515 1974 navigatione,
1529 1933 1579 1964 vel
1593 1932 1742 1974 qualibet
1756 1933 1822 1964 alia

1132 1992 1169 2013 re
1184 1982 1303 2023 grandi
1318 1981 1550 2022 suscipienda3
1573 1981 1736 2022 desesque
1753 1991 1822 2012 ma-

1131 2034 1203 2062 net.
1246 2031 1291 2061 Et
1305 2031 1332 2061 is
1348 2039 1414 2060 non
1429 2029 1686 2070 reprehensione
1703 2029 1820 2070 diguus

1126 2081 1312 2121 judicatur.
1356 2081 1481 2111 Verum
1499 2079 1556 2119 qui
1580 2087 1646 2110 nou
1672 2083 1821 2112 terretur

1131 2128 1397 2167 difficultatibus,
1411 2133 1446 2159 et
1469 2128 1616 2159 laborem
1633 2127 1721 2159 ultro
1736 2127 1821 2169 adit,

1133 2188 1271 2220 remque
1288 2179 1477 2219 exequitur,
1493 2178 1520 2208 is
1541 2187 1622 2208 sane
1638 2177 1699 2208 viri
1722 2176 1820 2209 fortis

1131 2229 1274 2269 elogium
1289 2233 1437 2260 meretur
1451 2238 1459 2259 :
1483 2232 1519 2259 et
1531 2227 1642 2268 priore
1656 2227 1756 2268 longe
1769 2232 1821 2260 est

1132 2278 1344 2310 laudabilior.
1391 2277 1560 2318 Prolepsis
1575 2280 1639 2308 est.

1173 2331 1215 2360 39
1246 2330 1333 2359 Onus
1359 2327 1479 2368 horret]
1516 2327 1630 2358 Grave
1659 2330 1714 2358 ent
1740 2335 1820 2358 sane

1131 2378 1344 2418 magnatibus
1361 2376 1512 2417 obsequi.

1174 2426 1240 2459 Hic
1251 2431 1307 2468 est,
1315 2430 1371 2458 out
1383 2436 1545 2467 nusquam,
1554 2426 1634 2466 quod
1644 2423 1821 2466 quarinum]

1130 2477 1172 2508 In
1195 2477 1324 2517 agendo
1341 2476 1482 2507 viriliter
1505 2474 1658 2506 consistit
1680 2483 1720 2505 eu
1742 2483 1821 2505 vera

1130 2527 1202 2557 laus
1224 2530 1260 2557 et
1282 2526 1389 2556 virtus
1417 2535 1515 2565 quam
1542 2532 1695 2565 quaerere
1718 2522 1821 2554 debe-

1129 2585 1214 2616 mus,
1228 2579 1263 2606 et
1278 2575 1319 2605 de
1337 2584 1402 2615 qua
1419 2573 1517 2604 modo
1533 2573 1755 2614 disputamus.

1172 2630 1214 2658 42
1238 2627 1412 2667 Experiens
1440 2626 1504 2666 vir]
1535 2624 1695 2665 Magnum
1725 2632 1820 2654 nsum

1129 2676 1255 2707 habens
1271 2685 1382 2706 rerum
1404 2674 1635 2713 maximarum,
1659 2678 1695 2704 et
1719 2673 1761 2703 de
1780 2672 1819 2703 iis

1130 2731 1223 2758 recte
1235 2725 1402 2765 judicans.

1171 2778 1212 2806 43
1237 2775 1348 2806 Coram
1371 2782 1444 2812 rege
1471 2771 1542 2812 sua]
1563 2771 1639 2804 Jam
1662 2770 1819 2812 praecipit
