1916 3262
458 304 668 339 nonam
698 303 974 336 canutum:
1002 281 1105 336 Lm.
1134 304 1167 335 1.
1195 295 1240 335 4.

114 401 186 435 Per
201 404 351 434 nostram
364 399 588 442 impietatem.

156 455 201 484 4⁰
224 453 347 485 Ponere
361 450 517 491 suintino]
540 451 724 490 Deponere
747 447 814 480 ful-

114 503 218 540 mina,
234 513 310 545 quse
318 502 458 544 Jupiter
473 499 621 532 effectus
637 499 746 530 iratus
760 508 815 530 su-

115 554 179 586 mit
194 554 228 586 in
243 563 375 595 manus,
386 557 424 585 ut
439 550 615 592 improbos
631 549 815 582 exanimet.

117 603 203 636 Ona
229 612 280 637 tv.
309 600 524 644 napmeruch.
567 599 627 632 An
659 600 699 632 L.
726 600 816 631 Sax-

158 662 265 686 τιυΜ.
298 654 353 687 Ex
362 653 461 685 Veris
473 650 704 692 descriptione
717 660 817 682 occa-

158 704 254 736 sione
262 707 454 745 sumpta,et
466 702 635 735 communi
650 701 817 733 moriendi

159 754 355 788 conditione
387 763 428 785 ac
452 753 533 784 vitae
565 752 751 792 brevitate,
773 751 817 783 ad

159 804 335 846 carpenda
349 803 473 845 gaudia
482 803 639 835 hortatur
647 802 815 834 Sextium.

157 854 359 888 Torrentius
388 854 565 886 existimat
595 854 684 885 hanc
715 852 817 884 Oden

116 905 278 947 scriptam
293 904 397 937 fuisse
412 905 454 936 ad
471 905 510 937 L.
521 905 683 937 Sestium.
716 903 818 936 Anno

115 955 205 987 enim
221 955 316 987 urbis
332 955 480 987 conditae
491 958 568 987 730.
581 964 649 996 quo
663 959 819 995 tempore

115 1003 232 1037 floruit
246 1005 425 1046 Horatius,
440 1005 595 1037 consules
616 1004 651 1036 in
671 1003 820 1044 Augusti

117 1059 154 1088 et
177 1057 332 1088 Murenae
359 1056 470 1088 locum
497 1053 634 1087 suffecti
655 1053 752 1085 fuere
777 1054 818 1086 L.

116 1106 246 1138 Sestius
262 1106 304 1138 P.
320 1106 358 1138 F.
375 1110 412 1138 et
426 1106 492 1138 Cn.
505 1105 710 1145 Calpurnius
725 1104 820 1138 Piso.

119 1156 234 1198 Atque
251 1157 308 1189 hic
329 1157 388 1189 ille
404 1160 459 1189 est
474 1157 605 1188 Sestius
621 1155 722 1187 Bruti
738 1155 820 1186 ami·

120 1207 203 1240 citia
217 1207 341 1247 clarus,
355 1217 456 1249 quam
472 1210 507 1238 et
522 1216 565 1238 eo
579 1206 717 1238 devicto
741 1215 822 1238 con-

121 1257 327 1289 stantissime
341 1257 510 1289 servavit:
534 1256 579 1288 ob
597 1256 645 1295 id,
662 1256 726 1297 ipsi
741 1265 823 1297 quo-

121 1317 190 1348 qne
216 1307 371 1347 Augusto
397 1306 675 1339 commendatus:
700 1311 824 1338 auctor

120 1358 192 1390 Dio
208 1362 352 1389 extrem.
366 1357 424 1389 lib.
441 1365 546 1388 xmu.

165 1410 183 1438 1
207 1406 364 1446 Solvitur]
385 1405 511 1437 Similis
526 1405 715 1445 descriptio
730 1403 822 1444 apud

119 1457 217 1498 virg.
240 1458 251 1475 ‘
267 1455 358 1487 Vere
374 1464 462 1486 novo
478 1453 611 1494 gelidus
631 1453 728 1485 canis
744 1462 822 1484 cum

118 1505 292 1540 montibus
304 1505 422 1537 humor
432 1505 603 1547 Liquitur‚
613 1508 651 1536 et
662 1504 823 1545 Zephyro

119 1556 229 1599 putris
258 1565 295 1588 se
331 1556 431 1597 gleba
465 1553 634 1587 resolvit!
693 1554 822 1586 Notum

120 1615 255 1649 quoque
279 1606 289 1624 ‘
303 1605 460 1647 Aprilem
472 1604 481 1618 ²
495 1613 645 1636 mensem
658 1602 736 1635 inde
753 1603 824 1635 dic-

121 1661 196 1688 tum
224 1655 328 1694 tradi,
368 1654 460 1697 quod
487 1655 644 1686 ‘terram
670 1653 824 1695 aperiat'

121 1707 244 1748 hyeme
269 1705 492 1738 adstrictam:
517 1714 596 1736 nam
622 1704 632 1722 ‘
649 1713 729 1735 rura
745 1704 825 1744 gelu

122 1761 207 1788 tunc
221 1755 353 1787 claudit
367 1753 508 1795 hyems-³
535 1755 678 1786 Torreat.
722 1752 826 1784 Solvi-

123 1806 192 1847 tur]
212 1805 316 1837 Veris
338 1804 489 1836 adventu
513 1804 697 1843 mollescit,
720 1807 756 1834 et
774 1811 826 1833 re-

122 1855 260 1890 laxatur
274 1859 382 1893 terra,
400 1862 477 1894 quae
491 1851 607 1884 fuerat
621 1851 752 1892 hyemis
767 1850 828 1882 fri-

125 1913 207 1946 gore
224 1904 352 1944 vincta,
371 1907 406 1934 et
422 1902 576 1934 astricta.
612 1901 713 1932 Hauc
725 1900 828 1932 Oden

128 1953 238 1995 Aprili
264 1957 499 1986 consecratam
524 1955 630 1993 puto:
654 1960 733 1982 nam
749 1951 828 1982 Kal.

127 2002 278 2044 Aprileis
311 2000 495 2034 manifesto
530 2000 711 2041 designant
747 2000 827 2031 illa:

126 2052 136 2069 ‘
153 2053 256 2084 Nunc
276 2051 380 2084 decet
402 2055 464 2082 aut
485 2050 586 2082 viridi
605 2049 750 2081 nitidum
773 2059 830 2081 ca-

126 2109 190 2145 put
205 2102 371 2144 impedire
386 2105 512 2143 myrto,
527 2099 599 2132 Aut
621 2099 705 2132 flore
727 2105 829 2132 terrae

126 2162 227 2195 quem
253 2151 371 2184 ferunt
399 2150 547 2184 soluta-3
590 2150 710 2182 Innuit
739 2150 828 2182 enim

125 2211 256 2237 morem
282 2207 450 2240 veterum,
469 2210 535 2242 quo
559 2205 724 2233 matronae
749 2201 829 2232 Kal.

127 2251 305 2294 Aprilibus
352 2255 464 2292 myrto
517 2255 691 2283 coronatae
736 2250 829 2282 lava-

127 2303 222 2338 bant.
265 2303 428 2336 caussam
457 2300 573 2333 reddit
598 2300 704 2333 Ovid.
734 2301 744 2318 ‘
761 2300 831 2333 Vos

128 2362 264 2394 quoque
291 2351 354 2383 sub
376 2350 476 2383 viridi
500 2355 614 2392 myrto
633 2351 735 2392 jubet
756 2350 832 2391 ipsa

127 2401 256 2435 lavari:
270 2401 468 2441 Caussaque
481 2400 685 2440 curjubeat,
694 2399 835 2439 discite,

132 2454 229 2482 certa
254 2450 383 2482 subest.
399 2457 408 2468 ”
427 2450 560 2482 Littore
592 2451 747 2483 siccabat
778 2460 834 2482 su-

133 2499 254 2531 dantes
267 2508 342 2531 rore
358 2498 520 2540 capillos:
538 2499 709 2532 Viderunt
719 2499 835 2540 Satyri

134 2548 237 2582 turba
267 2553 429 2590 proterva
457 2548 578 2580 Deam.
627 2549 763 2582 Sensit:
799 2553 836 2581 et

135 2601 295 2642 opposita
321 2599 410 2631 texit
435 2609 496 2631 sua
519 2603 675 2640 tempora
699 2604 834 2641 myrto;

133 2653 226 2683 Tuta
241 2650 308 2683 fuit
322 2649 438 2683 facto:
463 2658 589 2691 vosque
620 2649 753 2682 referre
779 2660 837 2682 ve-

137 2701 213 2735 tat.'
269 2700 430 2733 Alterum
460 2705 527 2740 est,
555 2699 646 2741 quod
674 2699 837 2732 Palilium

134 2758 257 2795 aperte
274 2753 441 2793 meminit,
454 2762 531 2794 quae
543 2752 607 2784 hoc
619 2761 735 2783 mense
747 2752 838 2783 cele-

137 2804 237 2837 brata
260 2802 379 2843 fuisse,
399 2811 498 2834 nemo
523 2806 590 2842 est,
609 2802 666 2844 qui
691 2802 837 2843 ignoret.

136 2855 189 2888 Ea
205 2855 292 2886 enim
316 2853 472 2894 respexit
497 2852 581 2883 illis:
603 2852 613 2869 ‘
635 2852 735 2885 Nunc
752 2852 841 2887 etin

225 2907 339 2948 Delph.
355 2910 385 2938 et
407 2906 482 2940 ναν.
502 2905 586 2938 Clas.

813 2904 938 2941 Honu.⁴

1455 297 1572 341 1345

863 398 1030 431 umbrosis
1052 400 1170 432 Fauno
1192 398 1294 430 decet
1318 398 1492 432 immolare
1517 403 1568 434 lu-

863 450 925 490 cis,
939 450 1007 482 Seu
1022 455 1144 491 poscat
1157 459 1290 490 aguam,
1303 449 1375 481 sive
1389 450 1486 482 malit
1501 451 1569 483 hat-

864 500 969 532 dnm.’
1013 501 1105 533 Nam
1128 500 1310 539 Palilibus,
1336 503 1375 531 ut
1401 509 1422 531 e
1445 499 1570 533 Gratio

864 551 1060 583 observavit
1083 550 1196 583 Hadr.
1215 549 1367 582 Turneb.
1387 550 1422 581 in
1443 551 1570 582 lustra-

865 601 959 633 tione
973 601 1086 633 ovium
1101 602 1134 634 ei
1147 601 1226 632 Deo
1238 599 1470 637 immolabant.
1502 601 1571 632 Ve-

865 650 1034 682 rissimum
1058 660 1142 692 ergo
1162 650 1254 692 quod
1278 650 1363 690 dixi,
1383 659 1451 682 non
1468 649 1571 682 alium

864 700 928 733 hac
954 700 1034 733 Ode
1059 700 1228 734 celebrari
1270 709 1437 740 mensem,
1468 709 1571 742 quam

865 750 1040 793 Aprilem:
1065 751 1156 783 unde
1177 751 1306 783 decore
1322 750 1487 783 Horatius
1502 750 1572 782 Ve-

866 811 985 834 nerem
1000 811 1060 834 suo
1075 811 1193 834 mense
1206 802 1350 833 choreas
1363 801 1498 841 agitare
1509 799 1571 832 fin-

867 852 935 893 git:
958 851 1085 883 decore
1102 860 1237 893 quoque
1252 850 1483 892 navigationis
1503 859 1574 882 me-

867 900 978 941 minit,
1007 900 1099 943 quod
1135 901 1258 933 eodem
1303 909 1420 932 mense
1451 899 1575 932 eadem

869 962 996 993 praeses
1013 952 1088 993 ejus
1101 952 1177 984 Dea
1191 951 1311 990 maria,
1324 961 1344 983 e
1355 951 1477 994 quibus
1499 955 1576 983 orta

869 1007 933 1040 est,
949 1004 1085 1045 aperire
1101 1003 1265 1036 creditur.
1297 1004 1344 1035 Et
1360 1003 1411 1035 ita
1427 1001 1575 1034 Ovidius

870 1054 907 1086 in
922 1053 1055 1096 Aprili:
1079 1057 1089 1074 ‘
1105 1054 1200 1086 Vere
1222 1057 1340 1086 monet
1360 1062 1484 1086 curvas
1506 1062 1577 1084 ma-

869 1108 970 1136 terna
998 1113 1062 1146 per
1087 1113 1226 1146 aeqnora
1252 1112 1386 1144 puppes
1414 1103 1485 1143 Ire,
1511 1112 1577 1134 nec

869 1153 1040 1194 hybernas
1061 1154 1134 1194 jam
1161 1153 1315 1185 timuisse
1342 1151 1466 1184 nives.'
1492 1152 1579 1183 Rut-

868 1213 952 1243 gers.
995 1204 1092 1236 Acris
1115 1203 1236 1245 hyems]
1260 1203 1394 1244 Hyems
1424 1202 1580 1241 mordax,

872 1262 1006 1294 aspera.
1043 1253 1147 1285 Grata
1161 1254 1227 1285 vice
1240 1254 1337 1292 veris,
1353 1251 1423 1294 ξω]
1437 1252 1528 1284 Vere
1542 1253 1578 1284 iu

872 1303 982 1335 vicem
998 1303 1175 1344 redeunte,
1190 1313 1266 1345 quae
1284 1302 1484 1334 vicissitudo
1498 1305 1580 1342 post

872 1362 1028 1393 asperam
1056 1354 1214 1395 hyemem
1237 1357 1339 1393 grata
1367 1357 1435 1384 est.
1481 1352 1580 1383 Favo-

870 1403 919 1444 ni]
939 1403 1103 1444 Zephyri,
1123 1402 1180 1444 qui
1196 1411 1302 1434 verno
1322 1405 1478 1443 tempore
1494 1399 1579 1432 flare

871 1452 1005 1493 incipit.

915 1506 936 1536 2
961 1503 1161 1546 Trahuntque
1175 1503 1285 1543 siccas,
1303 1502 1376 1544 ἐξα]
1403 1501 1522 1534 Habet
1544 1506 1582 1534 et

871 1562 966 1586 mare
988 1563 1082 1585 suam
1106 1554 1271 1585 brumam.
1319 1553 1398 1586 Quo
1422 1557 1580 1594 tempore

873 1603 1159 1646 quemadmodum
1173 1607 1266 1635 terra
1278 1604 1369 1644 gelu,
1382 1603 1432 1635 sic
1446 1603 1584 1635 saevitia

874 1658 1134 1695 tempestatum,
1166 1655 1318 1686 clausum
1353 1654 1458 1685 etiam
1487 1663 1584 1685 mare

875 1703 1012 1736 dicitur.
1047 1705 1166 1745 quue
1181 1713 1282 1735 sensu
1298 1703 1439 1744 egregie
1457 1703 1583 1735 Horat.

878 1762 921 1784 11.
942 1753 1015 1785 Sat.
1030 1755 1063 1785 2.
1086 1755 1096 1771 ‘
1111 1753 1234 1785 Atrum
1251 1752 1451 1786 Defendens
1470 1753 1585 1793 pisces

877 1803 1016 1843 hyemat
1027 1803 1141 1833 mare.'
1157 1802 1326 1834 Trahendi
1343 1812 1423 1834 vero
1438 1802 1586 1834 vocabu-

878 1853 947 1883 lum
958 1851 1150 1892 ambigunm
1165 1857 1237 1883 est:
1254 1861 1331 1883 nam
1345 1861 1481 1893 quoque
1495 1852 1586 1884 trahi

879 1911 937 1934 cas
949 1906 1045 1934 recte
1054 1901 1280 1942 dixeris,cum
1293 1912 1312 1934 e
1324 1903 1450 1944 pelago
1466 1902 1501 1933 in
1516 1907 1586 1934 ter-

880 1961 952 1983 ram
983 1951 1249 1983 submoventur:
1275 1951 1336 1983 sed
1367 1956 1453 1984 tuuc
1483 1951 1586 1985 sicca

880 2011 948 2034 non
961 2008 1053 2033 sunt.
1076 2001 1203 2042 Aptius
1213 2010 1295 2032 sane
1305 2001 1455 2041 optimus
1471 2001 1589 2034 diceu-

881 2052 916 2084 di
932 2051 1057 2084 artifex
1072 2052 1198 2093 Virgil.
1219 2061 1297 2083 cum
1316 2051 1511 2083 intermissa
1527 2061 1590 2083 na-

881 2100 1056 2142 vigatione
1068 2105 1284 2142 reponuntur
1293 2109 1411 2141 naves,
1421 2101 1431 2118 ‘
1441 2100 1590 2133 Quassa-

882 2156 952 2183 tam
967 2151 1078 2187 ventis
1090 2151 1195 2183 liceat
1209 2151 1402 2183 subducere
1414 2151 1556 2183 classem
1567 2150 1590 2183 :'

882 2205 918 2233 et
954 2201 1057 2243 paulo
1087 2204 1178 2242 post,
1217 2201 1431 2233 ‘Subducite
1460 2201 1592 2233 naves.'

882 2252 969 2284 Cum
995 2262 1078 2284 vero
1102 2262 1219 2285 rursus
1240 2257 1470 2294 exponuntur,
1493 2253 1503 2269 ‘
1518 2253 1596 2284 De=

883 2302 1016 2334 ducunt
1030 2303 1114 2335 socii
1133 2303 1261 2342 naves,’
1276 2305 1343 2335 stc.
1390 2303 1591 2343 Traltuntque

882 2352 995 2394 siccas]
1014 2354 1166 2385 Trahunt
1190 2354 1227 2385 iu
1246 2363 1340 2385 mare
1362 2354 1405 2385 ad
1430 2354 1592 2395 navigan-

884 2403 966 2435 dum
980 2412 1086 2434 naves
1106 2403 1229 2442 siccas,
1249 2407 1355 2444 atque
1379 2401 1458 2434 ideo
1473 2403 1592 2441 siccas,

885 2452 977 2493 quod
1007 2462 1027 2483 a
1049 2452 1220 2492 principio
1248 2451 1455 2483 Novembris
1482 2460 1592 2491 usque

886 2501 929 2533 ad
946 2501 1081 2533 initium
1098 2501 1218 2532 Martii
1242 2501 1511 2541 conquieverant
1534 2509 1592 2530 ex-

888 2556 942 2583 tra
970 2560 1093 2591 aquam
1120 2553 1155 2581 in
1185 2550 1374 2581 navalibus.
1419 2548 1594 2589 Machinoe]

888 2600 993 2634 Quasi
1010 2600 1202 2640 phalangae,
1220 2603 1348 2631 teretes
1369 2603 1446 2629 sunt
1473 2597 1593 2635 fustes,

889 2650 946 2690 qui
960 2648 1104 2680 navibus
1126 2648 1367 2689 snbjiciuntur,
1387 2657 1462 2678 cum
1488 2652 1593 2680 attra-

887 2699 1014 2740 huntur
1030 2698 1073 2730 ad
1090 2699 1242 2739 pelagus,
1264 2702 1324 2729 aut
1342 2706 1419 2731 cnm
1438 2697 1480 2728 ad
1500 2698 1594 2730 litto-

889 2759 928 2781 ra
940 2748 1184 2781 subducuntur.
1203 2747 1314 2779 Lamb.
1351 2746 1525 2788 Machinoe]
1537 2748 1593 2780 In-

890 2803 1079 2831 strumenta
1101 2808 1177 2840 quae
1202 2798 1365 2830 maximas
1381 2797 1507 2829 habent
1528 2798 1595 2830 vir-

890 2855 982 2882 tutes
998 2850 1040 2883 ad
1059 2850 1162 2882 moles
1179 2858 1239 2881 suo
1251 2849 1327 2882 loco
1341 2849 1539 2881 movendas.

1430 2902 1505 2934 4Q
