1916 3262
370 278 480 319 1340

373 381 539 421 Cotumbis]
574 382 787 420 Turturibus‚
815 381 867 411 vel
893 380 1053 420 palumbi-

374 430 447 461 bus.
829 429 832 433 “

413 482 449 510 11
475 479 649 519 Super-jecto
659 479 778 518 pavidae
798 478 962 518 natarunt]
985 478 1055 508 Sibi

371 535 406 561 et
421 535 520 561 terroe
536 530 761 570 superinjecto
775 536 808 559 et
821 528 1056 569 superimposi-

371 586 419 613 to.
443 583 554 613 Lubin.
986 604 990 607 ·

415 632 452 660 13
479 631 604 661 Flavum
619 629 766 670 Tiberim]
788 629 828 660 Id
843 630 937 670 hujus
951 630 1054 660 amnis

373 678 543 718 proprium
580 678 773 718 epitheton:
813 678 916 708 multo
949 678 1054 718 magis

371 737 445 758 cum
461 727 602 758 eluviem
619 727 706 767 agris
723 726 900 764 meditans,
921 728 930 744 ‘
944 727 1055 757 Vorti-

370 776 465 807 cibus
482 776 619 816 rapidis,
641 780 675 806 et
699 777 802 806 multa
823 774 926 806 flavus
953 785 1054 806 arena

370 824 410 855 In
442 834 531 856 mare
559 824 764 864 prorumpit.’
811 825 937 855 Flavum
967 825 1054 855 Tibe-

370 873 444 913 rim]
466 875 611 905 Tiberim
630 874 797 904 turbidum
817 877 852 903 et
874 882 983 903 arenae
999 882 1054 904 co-

371 923 441 953 lore
458 922 591 954 flavum.
619 923 713 953 Turn.
731 932 825 953 xxn.
842 925 874 953 7.

414 974 452 1002 14
478 972 616 1003 Retortis
631 971 766 1010 Littore]
782 973 860 1002 Loci
872 972 968 1012 liujus
981 981 1054 1002 sen-

371 1021 480 1051 tentia
495 1026 567 1052 est:
591 1021 737 1051 Tiberim
762 1020 919 1051 infestum
938 1021 1055 1052 Roma-

372 1069 435 1103 nis,
449 1069 551 1099 veluti
566 1069 689 1109 studio,
705 1069 840 1100 retortis
857 1079 896 1100 ac
912 1070 1054 1109 repulsis

371 1116 412 1147 ab
443 1117 580 1147 Etruria
605 1117 716 1157 undis,
736 1124 774 1148 et
797 1123 888 1148 retro
905 1118 937 1148 in
953 1123 1055 1158 capnt

370 1169 405 1196 et
421 1175 548 1196 sursum
572 1170 685 1197 versus
711 1167 805 1205 actis,
831 1167 944 1198 urbem
960 1168 1054 1199 inun-

370 1214 481 1253 dasse,
506 1219 541 1245 et
577 1215 703 1246 urbana
733 1216 877 1247 aedificia
903 1217 1056 1249 diruisse.

372 1264 437 1294 Vel
465 1264 604 1294 vidimus
633 1265 778 1295 Tiberim
804 1271 1054 1306 retorquentem

371 1313 475 1343 undas
500 1322 575 1344 suas
599 1313 640 1344 ab
663 1314 758 1344 ostiis
775 1315 939 1354 Tyrrheni
955 1316 1055 1346 maris

372 1362 510 1392 Rumam
547 1371 672 1397 versus,
706 1362 752 1392 ire
785 1363 962 1402 dejectum,
994 1365 1056 1394 ὅτε.

371 1404 491 1440 Littore
511 1410 654 1449 Etrusco]
687 1411 794 1440 Undis
813 1412 957 1451 repulsis
972 1421 990 1441 a
1007 1412 1058 1442 lit·

373 1464 447 1489 tore
460 1459 614 1494 Etrusco,
631 1460 683 1489 vel
701 1470 720 1490 a
732 1460 904 1498 Tyrrheno
917 1461 1011 1499 mari,
1023 1461 1058 1490 in

370 1507 458 1547 quod
474 1507 607 1538 Tiberis
625 1507 744 1538 influit.

415 1559 453 1586 15
477 1557 676 1587 Monumenta
698 1557 795 1597 regis]
830 1558 968 1598 Regiam
988 1558 1058 1588 Nu-

373 1614 436 1636 mae
454 1604 622 1644 Pompilii.

416 1656 456 1684 16
481 1653 661 1692 Templaque
682 1654 797 1693 Vestoe]
833 1655 1058 1694 Dionys.,Ha-

373 1701 541 1731 licarnass.
551 1701 608 1731 lib.
625 1710 664 1732 11.
675 1702 790 1740 tradit,
804 1703 946 1733 Numam
958 1693 1057 1734 Pom-

372 1749 484 1788 pilium
503 1749 609 1780 aedem
625 1751 739 1781 Vestae
760 1751 949 1781 condidisse
964 1757 1062 1783 extra

373 1798 523 1836 Romam,
539 1797 746 1837 quadratam,
770 1799 880 1830 medio
895 1800 984 1831 inter
999 1801 1062 1831 Ca-

373 1847 524 1886 pitolium
542 1851 577 1877 et
594 1847 760 1877 Palatium
783 1848 870 1887 loco,
895 1849 968 1879 unis
985 1850 1062 1880 moe·

372 1896 468 1927 nibus
482 1901 622 1936 utroque
635 1897 719 1927 colle
731 1897 974 1928 circumcluso:
987 1908 1061 1938 quae

373 1945 507 1985 quidem
535 1944 678 1975 rotunda
693 1944 770 1983 fuit,
793 1955 832 1975 eo
856 1946 943 1986 quod
961 1951 1063 1985 terra,

372 2002 447 2033 quae
481 1993 626 2024 rotunda
653 1997 716 2031 est,
747 1993 853 2022 Vesta
885 1993 978 2024 dicta
1006 1994 1062 2030 sit,

373 2041 462 2081 quod
493 2042 594 2071 rebus
625 2041 776 2071 omnibus
802 2044 975 2079 vestiatur,
1004 2046 1062 2072 aut

372 2089 461 2130 quod
479 2090 582 2120 visua
610 2093 692 2127 stet,
717 2093 754 2120 ut
777 2089 879 2120 Ovid.
903 2089 936 2119 in
955 2089 1060 2120 Fastis

373 2138 430 2168 ait.
453 2139 547 2177 Cruq.
596 2137 712 2176 Vestae]
726 2137 805 2167 Fuit
816 2137 1061 2168 VestaSaturni

371 2187 439 2218 filia
454 2196 496 2217 ex
513 2187 600 2226 Ope,
626 2185 693 2216 foci
716 2191 843 2224 custos,
864 2190 899 2216 et
925 2195 1061 2226 praeses,

371 2237 427 2267 cui
458 2236 569 2267 Numa
598 2235 782 2276 Pompilius
812 2235 918 2266 aedem
946 2236 1061 2267 condi·

376 2287 438 2318 dit.

415 2339 453 2367 17
481 2337 550 2366 112·oe
560 2337 632 2366 dum
642 2343 673 2365 se
684 2333 829 2374 nimium]
844 2334 917 2365 Iliae
932 2334 1060 2365 Romuli

374 2384 486 2422 matri,
510 2383 640 2414 Tiberis
664 2383 773 2421 uxori,
796 2383 853 2413 abs
870 2393 935 2423 qua
950 2384 1061 2415 Julius

375 2435 489 2464 Caeuar
518 2436 626 2462 ortum
657 2431 783 2462 habuit.
827 2432 929 2462 Turn.
952 2441 1001 2463 vr.
1028 2435 1059 2463 8.

377 2480 538 2520 Quaerenti]
581 2479 811 2520 Conquerenti
843 2480 885 2511 de
916 2480 1061 2511 Caesaris

376 2541 471 2562 nece.
803 2560 806 2563 Δ

419 2583 458 2611 18
480 2581 589 2611 Jactat
619 2580 763 2620 ultorem]
788 2579 968 2620 Magnifice
994 2581 1062 2619 glo-

377 2631 490 2661 riatur.
541 2630 662 2670 Vagus]
678 2631 801 2661 Errans
813 2635 909 2661 extra
920 2630 1060 2660 alveum.

376 2678 526 2717 Sinistra]
559 2679 648 2718 Ergo
675 2678 814 2718 sinistra,
839 2678 918 2719 quia
946 2678 1061 2709 Tiberi

378 2727 527 2758 currenti
544 2728 620 2758 urbs
637 2739 654 2758 a
671 2728 816 2759 sinistra.

422 2781 460 2810 10
481 2778 557 2808 Jove
580 2787 637 2808 non
660 2779 822 2818 probante]
847 2780 905 2811 Est
922 2779 1061 2812 formula

826 287 962 318 No'rAE
995 288 1252 319 VARIORUM
1286 289 1337 320 IN

1105 381 1241 422 usitata,
1268 382 1309 413 de
1333 392 1372 413 eo
1398 382 1484 423 quod
1512 385 1637 422 praeter
1655 375 1786 423 aequuin

1104 428 1143 460 fit
1175 435 1210 461 et
1240 431 1373 462 bonum.
1418 432 1473 462 Sic
1499 431 1585 472 quod
1615 437 1709 462 recte
1737 431 1788 471 fir,

1105 478 1114 495 ‘
1130 487 1224 518 aequo
1235 479 1337 511 Jove'
1355 480 1426 511 fieri
1439 480 1573 510 dicitur.
1615 481 1694 510 Jove
1706 489 1788 520 ergo

1105 537 1164 558 non
1191 527 1350 567 probante,
1379 534 1446 567 est,
1474 530 1558 559 irato
1584 529 1691 561 Jove:
1721 538 1786 560 non

1106 575 1194 616 quod
1220 576 1345 608 Tiberis
1374 578 1509 608 sinistra
1532 578 1603 617 ripa
1629 577 1786 608 labatur:

1105 625 1163 655 sed
1178 625 1258 657 Jove
1283 635 1342 657 non
1360 628 1516 667 probante,
1533 626 1662 657 caedem
1677 627 1788 658 Caesa-

1106 672 1162 709 ris,
1178 673 1210 704 id
1230 678 1293 714 est,
1307 676 1385 716 quia
1401 685 1464 706 non
1486 675 1629 716 probat:
1654 675 1790 715 partici-

1107 721 1197 761 pium
1227 723 1313 754 enim
1345 724 1407 754 vim
1435 724 1591 755 Graecam
1613 723 1726 763 habet,
1753 727 1789 754 et

1106 779 1236 801 causam
1267 775 1372 803 notat.
1407 773 1567 804 Heinsius.
1623 774 1702 804 Jove
1729 782 1789 804 non

1102 820 1263 862 probante]
1294 821 1370 852 Hoc
1386 822 1492 862 addit,
1507 827 1572 853 non
1587 822 1676 863 quod
1691 822 1789 863 Jupi-

1106 873 1159 899 ter
1188 870 1332 902 Caesaris
1360 880 1474 901 necem
1509 871 1670 902 vindicari
1699 880 1789 910 aegre

1106 918 1226 958 ferret,
1242 918 1334 959 (nam
1358 924 1394 950 et
1414 920 1484 960 ipse
1508 921 1596 951 ultor
1617 918 1790 960 accessit,)

1105 968 1163 998 sed
1181 967 1267 1008 quod
1294 968 1325 998 ei
1348 977 1414 999 non
1440 969 1600 1009 placeret,
1622 968 1791 1009 conjugali

1107 1019 1219 1059 potius
1243 1020 1360 1059 amori,
1383 1030 1479 1060 quam
1500 1021 1632 1052 tuendae
1649 1019 1789 1051 Caesaris

1106 1067 1276 1107 dignitati,
1299 1072 1365 1098 tam
1391 1069 1535 1110 iniquam
1559 1069 1719 1100 ultionem
1741 1067 1791 1098 in—

1105 1116 1211 1156 stitui,
1225 1122 1262 1148 ut
1275 1118 1401 1156 templa
1414 1127 1543 1158 quoqne
1554 1117 1791 1158 dejicerentur.

1109 1166 1248 1196 Torrent.
1290 1167 1368 1196 Jove
1387 1173 1447 1197 mn
1459 1166 1620 1206 probante]
1639 1165 1725 1198 Jove
1740 1165 1790 1196 in-

1107 1215 1278 1254 dignante,
1293 1220 1328 1246 et
1344 1224 1427 1255 pene
1446 1215 1560 1246 invito.

1149 1267 1190 1294 20
1218 1263 1475 1303 Uxor-insomnis]
1498 1264 1613 1295 Tiberi
1626 1273 1695 1295 suae
1711 1273 1792 1295 uxo-

1109 1313 1134 1342 ri
1150 1313 1284 1343 nimium
1301 1312 1488 1352 indulgens.

1149 1364 1187 1391 21
1213 1361 1328 1391 Audiet
1350 1361 1447 1400 cives]
1475 1362 1598 1392 Versus
1624 1361 1791 1401 proximos

1109 1414 1252 1448 quatuor
1293 1415 1449 1451 tanquam
1487 1416 1580 1442 vates
1620 1412 1792 1442 interserit

1109 1458 1282 1497 Horatius,
1309 1461 1495 1499 pra‘dicens
1527 1465 1716 1491 secuturam
1745 1469 1788 1491 ex

1108 1509 1204 1539 bellis
1218 1508 1369 1539 civilibus
1383 1508 1588 1540 vastitatem.

1149 1560 1190 1588 22
1214 1555 1348 1596 Graves]
1377 1557 1431 1588 Ab
1460 1566 1625 1588 armorum
1655 1566 1791 1595 genere.

1109 1607 1154 1638 Hi
1170 1616 1325 1647 namque,
1341 1608 1566 1638 Sarmatarum
1593 1607 1710 1647 instar,
1725 1605 1791 1637 fer-

1108 1655 1172 1685 reis
1187 1656 1334 1694 laminis,
1354 1659 1412 1686 aut
1439 1656 1595 1695 praeduro
1610 1655 1700 1687 corio
1714 1665 1792 1687 con-

1108 1707 1198 1733 serto
1213 1703 1344 1742 muniti,
1356 1703 1539 1743 turmisque
1553 1703 1722 1742 instructi,
1733 1703 1793 1734 mi-

1109 1760 1180 1781 rum
1196 1751 1300 1789 dictu,
1314 1751 1429 1791 quanti
1443 1751 1582 1789 roboris,
1595 1756 1792 1792 quiantaeque

1109 1798 1294 1830 formidinis
1311 1800 1504 1831 existerent.
1534 1801 1629 1840 Cruq.
1675 1802 1794 1832 Graves

1111 1847 1232 1886 Persoe]
1245 1847 1420 1878 Persarum
1434 1848 1565 1879 nomine.
1578 1849 1720 1880 Parthos
1729 1849 1795 1889 sig-

1110 1896 1235 1935 nificat,
1260 1897 1367 1927 Crassi
1393 1898 1497 1935 caede,
1522 1903 1555 1928 et
1578 1898 1666 1939 quod
1682 1898 1795 1930 Caesa·

1112 1954 1194 1983 rem,
1211 1945 1370 1975 ultionem
1382 1945 1491 1977 Crassi
1507 1951 1694 1987 parantem,
1706 1947 1794 1987 peri-

1110 1994 1175 2024 isse
1191 1994 1375 2033 audierant,
1386 1993 1600 2024 ferocientes.
1623 1995 1764 2026 Tor-rent.

1150 2044 1191 2071 23
1219 2041 1302 2072 Vitio
1309 2042 1482 2081 parentum]
1496 2043 1676 2073 Parentum
1683 2043 1793 2083 eulpa.

1150 2091 1190 2119 24
1217 2089 1301 2119 Rara
1319 2090 1484 2128 juventus]
1509 2090 1547 2120 Id
1578 2094 1641 2128 est,
1666 2091 1793 2130 posteri

1110 2138 1226 2175 nostri,
1242 2139 1340 2177 pauci
1366 2138 1542 2169 admodum
1567 2148 1608 2170 ex
1629 2139 1792 2170 bellorum

1109 2188 1252 2218 civilium
1269 2188 1426 2228 reliquiis,
1451 2188 1590 2229 ideoque
1609 2189 1684 2225 rari,
1699 2189 1795 2220 andi-

1109 2241 1167 2268 ent
1183 2238 1272 2268 cives
1295 2238 1327 2268 in
1355 2238 1475 2268 civium
1499 2247 1649 2277 corpora·
1663 2238 1791 2278 gladios

1109 2287 1294 2326 exacuisse,
1307 2287 1424 2328 quibus
1437 2287 1564 2325 Persae,
1576 2287 1662 2326 Pop.
1672 2284 1792 2318 Roma·

1108 2336 1141 2366 ni
1173 2336 1297 2374 hostes,
1331 2335 1480 2375 perirent
1506 2335 1637 2374 melius,
1666 2335 1699 2366 id
1727 2339 1793 2375 est,

1103 2385 1229 2424 justius
1246 2385 1407 2424 perirent.

1150 2437 1189 2465 25
1210 2434 1307 2468 Quem
1317 2435 1399 2463 vocet
1410 2431 1541 2472 Divum]
1553 2431 1686 2473 Ἀπορία.
1696 2433 1792 2464 More

1109 2482 1275 2512 hominum
1304 2481 1399 2519 facit,
1430 2481 1536 2520 quiin
1562 2481 1662 2512 rebus
1689 2482 1794 2521 malis,

1109 2539 1304 2570 semperque
1334 2531 1366 2560 in
1393 2529 1541 2560 deterius
1569 2531 1794 2571 vergentibus,

1111 2590 1184 2611 cum
1201 2580 1281 2610 nihil
1297 2579 1436 2619 amplius
1450 2583 1515 2610 -aut
1531 2579 1666 2610 remedii
1678 2588 1792 2620 super·

1111 2639 1183 2660 esse
1200 2633 1258 2660 aut
1272 2628 1402 2660 consilii
1426 2628 1586 2666 sentiunt,
1611 2628 1654 2659 ad
1675 2635 1790 2668 preces

1111 2683 1145 2710 ct
1161 2683 1237 2709 vota
1253 2677 1461 2718 confugiunt,
1477 2678 1623 2718 Deisque
1643 2671 1791 2708 tutelari-

1112 2729 1172 2760 bus
1199 2727 1375 2766 invocatis,
1405 2736 1440 2758 se
1470 2735 1595 2766 suaque
1624 2733 1789 2756 commen-

1110 2777 1202 2809 dant.
1248 2777 1374 2816 Estque
1396 2774 1547 2815 quaedam
1561 2771 1732 2812 παρασκευὴ
1747 2772 1788 2803 ad
