1916 3262
390 282 507 325 1414

390 385 504 418 decuit
523 385 672 426 brachia,
694 394 878 426 manusque
900 385 981 416 dare
1002 386 1074 426 pul—

388 435 474 468 chris
489 435 684 475 virginibus,
699 445 798 474 quum
821 435 909 465 inter
922 434 994 465 ilias
1008 435 1074 465 sal-

387 489 489 516 tau-es.
532 484 642 525 Sacro]
668 485 731 515 Die
746 483 833 514 festo
847 483 982 515 Dianae.

427 536 468 565 21
493 534 578 565 Num
606 533 654 572 tu]
690 533 787 564 Ordo
815 538 888 563 est:
913 532 1075 572 Nunquid

387 588 424 616 tu
440 589 633 624 permutare
655 583 737 613 velis
763 583 856 613 crine
881 582 1072 622 Lycymuiae

386 641 489 671 regna
515 633 566 663 vel
596 631 696 671 bona,
721 641 819 672 quem
846 631 956 663 tenuit
980 631 1073 662 dives

388 680 618 718 Achaemenes,
661 684 721 711 aut
755 679 956 720 Mygdonias
991 689 1073 720 opes

387 728 520 769 pinguis
530 728 684 769 Phrygiae
699 738 707 759 ε
725 733 783 760 aut
797 729 912 768 plenas
924 727 1073 759 Arabum

386 778 513 818 domos,
529 778 562 808 id
577 782 642 818 est,
658 777 773 808 domos
795 777 941 808 omnium
965 787 1072 808 rerum

387 827 485 867 copia
514 826 676 858 refertas?
718 826 930 866 Achoemenes]
953 827 1073 858 Persa-

386 885 460 907 rum
489 886 570 908 rex:
594 875 684 907 unde
710 877 837 916 Persae,
866 875 1074 908 Achaemenii

385 923 482 956 dicti.

427 976 471 1004 22
492 973 560 1005 Aut
571 973 715 1014 pinguis]
739 974 808 1004 Aut
828 972 950 1005 fertilis
965 974 1074 1014 Phry-

387 1022 453 1061 giae
463 1031 556 1062 opes,
572 1023 680 1054 dictas
704 1022 906 1063 Mygdonias
931 1033 950 1054 a
974 1024 1072 1063 Myg-

387 1071 473 1100 done
490 1071 646 1111 Phrygiae
658 1080 750 1110 rege.
791 1072 982 1112 Mygdonias
990 1071 1074 1111 opes]

387 1119 577 1159 Mygdones
601 1120 814 1151 Macedoniae
838 1121 951 1160 popuii
976 1121 1075 1150 Thra·

387 1169 471 1200 ciam
488 1179 614 1210 versus,
632 1170 710 1200 inde
732 1169 766 1200 in
786 1169 898 1200 Asiam
914 1169 1074 1210 profecti,

386 1222 516 1258 partem
532 1228 660 1258 magnae
676 1218 834 1259 Phrygiae
857 1224 1074 1258 occuparunt,

387 1277 487 1309 quam
502 1278 521 1299 a
533 1268 653 1308 patriae
667 1268 801 1299 nomine
815 1272 823 1286 ¹
837 1269 1055 1309 Mygdoniam
1065 1269 1075 1283 ’

388 1317 615 1357 appellarunt.
641 1316 782 1348 Tor-rent.

428 1367 470 1396 24
491 1365 607 1396 Plenas
633 1364 703 1404 aut]
740 1365 867 1395 Domos
896 1364 1072 1403 opulentas

387 1418 527 1454 propter
543 1417 704 1445 aromata.
745 1413 867 1444 Sensus
887 1413 1004 1445 Poetae
1019 1414 1074 1445 hic

387 1469 460 1495 est:
483 1465 533 1495 Tu
545 1473 609 1495 non
625 1468 721 1504 potes
740 1473 855 1503 regum
872 1472 954 1502 opes
969 1463 1073 1504 pluris

385 1513 509 1553 facere,
521 1524 621 1555 quam
637 1515 828 1555 Lycymniae
841 1524 999 1547 amorem.

427 1566 468 1594 25
492 1563 694 1603 Flagrantia]
711 1562 778 1594 Alii
784 1563 978 1602 fragrantia.
1010 1564 1075 1597 De-

386 1612 523 1651 tur-quet]
546 1612 682 1643 Avertit
696 1612 874 1643 cervicem.

429 1663 472 1692 26
492 1660 674 1700 Autsacili]
697 1660 766 1692 Aut
779 1660 861 1691 ficta
875 1661 1004 1692 soevitia
1017 1670 1074 1691 ne-

388 1714 446 1750 gat
459 1710 584 1750 oscula,
609 1719 685 1750 qnae
709 1710 813 1748 magis
839 1710 985 1749 gandeat
1011 1710 1074 1740 sibi

388 1759 485 1799 eripi,
502 1769 599 1800 quam
625 1759 681 1790 ine
704 1757 842 1798 (nempe
865 1757 996 1798 amans)
1020 1758 1076 1797 qni

387 1809 502 1840 oscula
517 1808 639 1849 poscit.
680 1808 780 1839 Facili
788 1807 924 1847 aoevilia]
938 1807 1078 1839 Saevitia

387 1857 560 1888 simulata:
584 1856 673 1898 quod
689 1856 796 1887 simile
810 1862 874 1892 est,
890 1865 930 1887 ac
945 1857 970 1887 si
987 1856 1077 1888 dice-

387 1913 453 1946 ret,
469 1906 561 1937 facili
575 1904 784 1944 difficultate,
797 1910 833 1935 ut
846 1905 1021 1936 declarant
1037 1915 1078 1936 ea

386 1956 505 1994 verba,
518 1965 592 1996 quae.
607 1955 767 1995 deinceps
787 1959 982 1995 sequuntur.
1012 1955 1077 1986 Os-

388 2006 497 2036 tendit
519 2008 630 2035 autem
655 2007 760 2034 artem
786 2008 961 2043 astumque
984 2004 1077 2042 puel-

389 2055 508 2091 larum,
522 2062 595 2092 quae
614 2061 844 2091 saepenumero
869 2052 1078 2084 dissimulant

388 2100 423 2131 id
436 2110 471 2131 se
487 2109 625 2139 cupere,
641 2100 729 2140 quod
743 2100 959 2131 vehementer
973 2110 1075 2142 exop-

386 2153 472 2180 tant.
493 2147 600 2179 Lamb.

429 2201 470 2229 27
496 2198 576 2233 Quoe
586 2197 742 2238 poscente]
765 2196 865 2228 Liber
887 2205 970 2228 unus
996 2206 1072 2237 per-

389 2251 544 2278 vetustus
579 2247 658 2281 Quoe
685 2257 705 2277 a
730 2248 878 2286 poscente,
903 2250 1003 2286 atque
1024 2246 1074 2277 ita

388 2295 567 2336 legendum
605 2304 679 2326 esse
720 2295 918 2326 Torrentius
954 2295 1074 2327 credit.

388 2345 474 2386 Cogi
488 2344 578 2376 enim
590 2344 696 2375 videri
709 2345 824 2375 volunt
838 2345 959 2384 puellae
972 2355 981 2383 ;
998 2355 1074 2386 quae

389 2396 509 2426 nolunt
535 2394 596 2426 ubi
619 2395 715 2435 velis,
738 2394 797 2426 ubi
819 2394 907 2425 nolis
933 2395 1075 2435 cupiunt

389 2445 489 2476 ultro.

430 2496 473 2525 28
495 2493 655 2524 Interdum
666 2493 788 2533 rapere]
810 2493 895 2525 Quae
906 2492 1073 2524 interdum

388 2542 537 2573 osculum
573 2551 692 2582 rapere
732 2546 935 2581 antevertat,
974 2547 1076 2582 atque

389 2592 480 2631 prior
494 2592 676 2630 osculetur,
691 2595 728 2622 ut
751 2591 909 2622 irascenti
935 2592 1076 2623 amatori

389 2640 583 2673 satisfaciat.
621 2640 652 2672 Ο
669 2645 778 2672 astum
794 2641 1038 2672 meretricium!

393 2688 473 2719 One
495 2698 577 2721 xm.
599 2689 772 2728 Πεμπτική.
818 2690 860 2720 ln
881 2698 1075 2730 annonem,

431 2743 534 2766 cusos
559 2746 644 2769 casu
674 2747 883 2770 Remzwrmo
911 2748 951 2771 m
976 2748 1075 2772 Aeno

431 2784 568 2816 Sammo
595 2795 689 2820 PENE
711 2797 906 2820 oPPREssvs
927 2798 1075 2822 runnu.

837 293 977 325 NOTAE
1009 294 1267 325 VARIORUM
1299 294 1351 325 ΙΝ

1168 386 1347 427 Nunquam
1363 386 1487 417 homini
1502 385 1582 417 sati·
1602 389 1729 418 certum
1746 392 1810 426 eat,

1167 436 1247 475 quid
1263 445 1384 466 cavere
1399 435 1534 467 debeat.

1169 487 1184 514 l
1211 484 1271 515 Ille
1291 484 1422 524 nefasto]
1457 484 1631 516 Nefastum
1659 485 1809 526 intelligo

1127 532 1228 572 diem,
1242 538 1361 572 atrum,
1383 533 1565 564 ominosum
1581 543 1621 564 ac
1637 533 1810 567 nefarium.

1128 581 1214 612 Nam
1231 591 1293 613 nec
1316 591 1355 612 eo
1376 582 1430 612 die
1454 583 1529 622 lege
1550 591 1651 622 agere
1668 583 1810 615 licebatx

1126 630 1214 670 quod
1229 631 1378 662 declarat
1395 632 1639 672 vulgatissimus
1652 633 1710 663 ille
1730 633 1812 664 Ovi-

1125 679 1173 710 dii
1199 689 1332 711 versus:
1356 682 1365 698 ‘
1382 680 1444 711 Ine
1467 680 1616 712 nefastus
1641 682 1722 720 erit,
1751 690 1813 722 per

1127 737 1223 767 quem
1248 729 1312 759 tria
1328 729 1431 759 verba
1454 729 1619 761 silentur!
1661 731 1740 762 Tria
1754 730 1813 761 issa

1126 777 1230 807 verba
1256 782 1332 809 sunt
1364 781 1371 794 ¹
1389 777 1455 816 do‚'
1484 778 1605 817 ‘dico,’
1637 779 1647 797 ‘
1665 778 1814 818 addico:

1126 834 1203 864 quae
1219 831 1296 856 sumt
1312 827 1477 865 praetoris.
1521 826 1655 858 Nefasti
1677 827 1724 858 illi
1740 827 1812 859 dies

1126 873 1298 914 ἀποφράδες
1324 874 1430 915 ἡμέραι
1457 875 1667 907 dicebantur.
1726 876 1813 907 vide

1125 924 1279 956 Macrob.
1295 934 1319 956 ι.
1335 928 1385 957 16.
1436 925 1610 966 Principio
1631 925 1813 958 admodum

1126 973 1321 1012 perturbato
1333 974 1439 1005 utitur
1451 974 1628 1014 Horatius,
1639 975 1744 1006 veluti
1760 984 1814 1006 re-

1125 1022 1216 1052 centi
1231 1021 1339 1053 adhuc
1353 1022 1599 1060 discrimine‚et
1609 1023 1764 1055 arborem
1777 1028 1814 1056 et

1126 1070 1254 1101 arboris
1272 1076 1441 1102 auctorem
1458 1072 1588 1112 pariter
1601 1072 1811 1104 detestatur:

1126 1127 1240 1149 eorum
1261 1119 1348 1150 enim
1374 1129 1456 1160 quos
1481 1120 1610 1150 odimus
1633 1120 1735 1151 etiam
1757 1130 1815 1160 pa-

1126 1175 1240 1200 rentes
1269 1178 1478 1201 execramur.
1510 1170 1600 1201 Torr-
1657 1169 1746 1201 Vide
1771 1169 1815 1201 A·

1128 1218 1274 1249 Gellium
1292 1227 1343 1249 ιν.
1358 1222 1390 1250 9.
1413 1218 1522 1250 lamb.
1566 1219 1623 1250 lue
1636 1221 1667 1250 et
1681 1218 1814 1257 adusto]

1127 1267 1159 1298 Ο
1187 1268 1297 1303 arbos,
1326 1268 1382 1299 iile
1410 1272 1444 1299 te
1475 1267 1642 1308 plantavit
1664 1266 1813 1299 infausto

1127 1316 1195 1348 die.

1167 1367 1186 1396 3
1212 1365 1382 1405 Produxit]
1405 1364 1592 1404 Progenuit
1614 1370 1650 1396 et
1671 1365 1814 1405 protulit

1125 1415 1160 1445 in
1188 1419 1397 1454 posterorum
1425 1414 1622 1460 perniciem,
1644 1418 1680 1444 et
1708 1415 1814 1446 totius

1124 1464 1189 1496 vici
1206 1464 1429 1504 ignominiam.

1166 1517 1187 1545 4
1212 1513 1471 1553 Opprobriumque
1479 1511 1570 1552 pagi]
1591 1512 1676 1543 Rem
1688 1511 1814 1543 ridicu-

1123 1563 1190 1594 lam
1207 1562 1345 1603 egregie
1358 1566 1511 1601 exornat,
1522 1561 1662 1602 perinde
1677 1570 1717 1592 ac
1733 1561 1761 1592 si
1779 1566 1816 1593 ut

1127 1621 1300 1645 commune
1330 1610 1422 1642 nefas
1450 1611 1511 1642 toti
1540 1610 1666 1651 populo
1693 1610 1815 1650 probro

1127 1663 1212 1693 verti
1238 1665 1365 1702 posset,
1391 1660 1559 1691 dominum
1589 1659 1720 1691 arboris
1743 1668 1813 1691 suae

1127 1719 1206 1742 casu
1222 1718 1416 1749 oppressum
1433 1708 1642 1740 occumbere.
1659 1708 1801 1740 Torreat.

1171 1763 1190 1790 5
1217 1757 1424 1796 Crediderim]
1448 1756 1596 1788 Credere
1612 1757 1746 1797 pon-im.

1171 1810 1192 1839 6
1214 1807 1358 1845 Fregiaese
1378 1804 1539 1845 cervicem]
1559 1805 1664 1846 AEqne
1693 1805 1816 1838 ridicu·

1129 1857 1196 1887 lum
1221 1855 1302 1886 illud
1328 1855 1437 1895 Epod.
1455 1863 1513 1885 ιιι.
1535 1857 1544 1872 ‘
1558 1853 1718 1886 Parentis
1735 1855 1815 1886 oiim

1129 1906 1157 1936 si
1183 1906 1256 1946 quis
1283 1905 1386 1944 impia
1412 1912 1512 1934 manu
1549 1903 1672 1934 senile·
1695 1907 1815 1943 guttur

1129 1954 1282 1994 fregerit,
1305 1953 1384 1984 Edit
1407 1951 1528 1983 cicutis
1550 1951 1665 1983 allium
1690 1960 1813 1984 nocen-

1130 2003 1219 2034 tius!
1260 2000 1453 2040 Penetralia]
1468 2001 1605 2031 Partem
1620 2001 1815 2032 interiorem

1127 2051 1255 2082 domus.
1302 2060 1319 2068 ³·
1725 2075 1729 2078 Α

1168 2102 1187 2129 7
1213 2100 1328 2129 eruore
1357 2094 1514 2135 Hospitis]
1549 2094 1637 2126 Vide
1665 2094 1813 2127 Gellium

1124 2156 1159 2178 v.
1178 2149 1228 2178 13.

1166 2198 1186 2225 8
1214 2195 1336 2226 Venena
1370 2192 1528 2233 Colchica]
1569 2191 1749 2223 Lambinus
1779 2193 1812 2224 in

1124 2243 1289 2275 nonnullis
1299 2242 1410 2273 Colcha
1423 2251 1459 2272 se
1473 2242 1641 2282 reperisse
1654 2245 1815 2274 testatur.

1124 2293 1207 2333 Ego,
1232 2292 1260 2323 si
1287 2291 1368 2332 quid
1395 2290 1590 2321 imitandum
1619 2290 1677 2328 ait,
1707 2289 1815 2329 Colchi

1126 2343 1271 2374 mallem.
1295 2341 1435 2371 Tor-rent.
1496 2337 1652 2378 Colchica]
1674 2338 1814 2370 Venena

1127 2390 1399 2432 praesentissima.
1443 2387 1576 2420 Colchis
1598 2392 1652 2418 est
1665 2387 1813 2428 Scythiae

1127 2441 1233 2482 regio,
1248 2447 1452 2471 venenorum
1469 2442 1504 2468 et
1521 2436 1699 2468 mulierum
1713 2446 1814 2468 vene-

1126 2491 1266 2522 ficarum
1283 2488 1498 2521 feracissima.

1172 2545 1211 2573 ll
1245 2538 1416 2578 caducum]
1470 2538 1634 2568 vocamus
1668 2537 1814 2567 cad-mm

1129 2591 1216 2633 qnod
1232 2600 1344 2623 casum
1361 2589 1526 2620 minetur:
1549 2585 1608 2616 aed
1629 2585 1683 2616 hic
1697 2584 1812 2615 dicunt

1127 2642 1274 2672 caducum
1288 2638 1376 2680 quod
1391 2637 1462 2678 jam
1483 2633 1656 2674 ceciderit,
1677 2631 1718 2664 ιη’
1735 2633 1813 2663 ‘cn-

1128 2691 1251 2722 ducum
1261 2688 1407 2726 fulmen,’
1412 2687 1482 2727 jam
1495 2684 1685 2715 immissum·
1695 2680 1811 2712 ‘Glan-

1128 2738 1224 2770 dem'
1245 2744 1376 2778 quoque
1406 2739 1415 2752 ¹
1429 2733 1589 2765 caducam
1605 2730 1614 2743 ’
1643 2737 1741 2769 quum
1767 2736 1811 2759 ex

1129 2788 1247 2819 arbore
1263 2784 1397 2817 cecidit.
1444 2782 1547 2813 Triste
1561 2782 1684 2812 nutem,
1699 2775 1732 2808 id
1749 2780 1813 2816 est,
