1930 3204
103 1648 105 1650 r
163 1620 252 1650 sum,
263 1612 328 1642 &c-

496 268 704 304 nonam
738 267 1012 299 caumatum
1047 267 1143 298 mn.
1175 267 1240 296 iv.
1270 256 1312 296 4.

172 366 263 402 Quod
271 366 438 407 monstror]
445 365 502 397 Sic
513 364 591 397 olim
601 362 868 395 Demosthenes:

169 413 258 447 οὕτω
283 416 399 447 ἐκεῖνος
419 412 627 454 Δημοσθένης.
670 411 736 443 Hic
755 414 803 443 est
818 411 871 443 ine

170 465 409 497 Demosthenes.
552 494 556 497 t

173 542 176 544 .
212 519 254 547 23
277 516 408 548 Ρὶάἰεεπ
418 514 512 556 tyra]
530 513 673 555 Lyricus
689 511 812 543 Poeta.

211 568 255 597 24
278 562 632 606 Quoaspimetphus]
651 563 774 594 Bene:
792 569 870 592 nam

170 616 227 657 qni
239 616 366 647 indocti
377 614 563 654 incultique
574 613 677 644 vitam
688 611 785 643 sicuti
796 621 872 653 per-

170 666 367 706 egrinantes
394 664 571 702 transiere,
602 672 735 702 eorum,
762 662 872 703 inquit

170 716 346 756 Salustius,
379 715 484 746 vitam
519 717 731 754 mortemque
767 712 874 753 juxta

170 765 314 798 aestimo.
336 764 437 799 Quod
448 773 529 795 vero
543 762 654 802 addit,
665 762 695 793 si
708 762 826 803 placeo,
836 762 871 792 id

153 814 317 851 ,civiliter
328 813 585 854 intelligendum
599 817 663 844 est.
689 813 778 844 Nam
791 815 871 843 ante

166 872 234 895 non
249 863 357 895 solum
373 863 510 903 placere
524 872 574 901 se,
598 862 658 894 sed
675 867 711 894 et
726 861 875 893 admira·

166 907 252 944 tioni
266 922 344 944 esse
371 912 533 944 Romanis
554 912 701 944 dixerat.
728 912 874 943 Torrm.

168 963 260 998 Quod
273 963 374 1004 spiro]
395 963 496 997 Quod
510 964 599 995 vivo.

169 1013 252 1045 Ona
274 1023 327 1045 tv.
356 1013 603 1056 Προσφωντγνκὴ,
627 1012 870 1052 ἑγκωμιαστική.

212 1063 268 1094 An
293 1063 432 1095 Unmm
474 1064 622 1095 Romam
651 1070 702 1094 ms
734 1071 870 1095 innomi

210 1113 343 1149 Dnusr,
358 1121 516 1147 musone
538 1120 791 1144 mnrwuuona
806 1122 870 1144 sun

210 1162 395 1195 Aucus-ro.
441 1164 559 1205 [Drusi
575 1164 680 1196 laudes
698 1164 798 1197 codd.
814 1174 870 1205 ap.

207 1213 230 1246 J
236 1213 351 1255 aeck.]

210 1266 227 1294 l
255 1263 390 1299 Qualem
413 1263 606 1305 ministrum]
639 1265 791 1304 Longum
818 1268 872 1295 est

165 1312 221 1344 hic
246 1311 484 1353 hyperbaton:
513 1323 630 1345 sensus
656 1319 729 1344 est:
754 1314 870 1346 Qualis

167 1366 223 1393 est
237 1360 363 1403 Aquila
377 1362 410 1393 in
433 1362 544 1393 ovium
562 1371 698 1402 greges,
725 1362 870 1402 ejusque

167 1413 339 1452 pugnandi
354 1411 526 1453 cupiditas
543 1413 576 1443 in
595 1412 792 1446 draconem,
808 1416 870 1443 aut

164 1461 274 1502 qualis
290 1466 345 1492 est
358 1461 493 1493 catulus
509 1460 616 1492 leonis
638 1462 673 1492 in
695 1470 869 1501 capream,

164 1511 237 1551 ejus
258 1510 419 1542 dentibus
432 1511 506 1552 jam
532 1510 801 1553 dilacerandam,
818 1516 869 1542 ta-

164 1560 231 1592 lem
248 1559 376 1599 Rhoeti,
396 1565 433 1592 et
448 1560 618 1592 Vindelici
636 1560 755 1592 videre
782 1561 872 1592 Dru·

373 1611 530 1643 Fulminis
539 1611 662 1652 alitem]
687 1611 871 1651 Periphra-

164 1660 209 1691 sis
224 1660 368 1702 aquilae:
393 1660 435 1691 de
451 1661 549 1702 cujus
569 1661 603 1692 in
620 1661 775 1692 volucres
796 1670 871 1700 reg·

165 1719 222 1747 no,
241 1716 279 1747 et
294 1721 357 1743 cur
382 1711 502 1744 ‘Jovis
528 1709 618 1743 ales'
649 1711 756 1749 dicta,
784 1711 870 1742 varii

165 1760 262 1791 varia
274 1759 460 1792 tradidere.
497 1760 663 1791 Horatius
679 1759 774 1800 regni
792 1769 871 1790 cau·

167 1819 239 1841 sam
253 1809 296 1841 ad
312 1809 511 1851 obsequium
529 1810 562 1839 in
579 1809 744 1849 rapiendo
754 1808 871 1850 Gany·

165 1860 266 1892 mede
282 1860 475 1901 praestitum
497 1859 629 1891 retulit.
674 1859 763 1890 Vide
780 1859 871 1891 Ptin.

168 1913 249 1942 κη’..
273 1911 418 1944 Torreat.
449 1908 584 1949 Alitem]
602 1908 762 1950 Aquilam
774 1909 872 1942 Jovis

167 1961 382 2001 armigeram.

209 2013 230 2041 3
247 2008 414 2050 Permisit]
428 2009 580 2050 Propter
591 2009 665 2050 ejus
677 2007 779 2040 fidem
791 2017 873 2050 erga

167 2060 301 2093 Jovem.

209 2111 231 2141 4
245 2108 286 2140 In
297 2108 476 2150 Ganymede
478 2106 583 2148 flavo]
597 2107 639 2138 In
649 2106 791 2148 pulchro
800 2107 872 2139 Ga-

164 2157 323 2200 nymede,
336 2157 434 2191 Jovis
445 2157 657 2198 pocillatore.

208 2212 229 2240 5
259 2207 518 2247 OlimJuventas]
539 2207 622 2238 Tria
654 2206 871 2247 reperiuntur

166 2257 259 2299 apud
275 2257 438 2296 Nonium,
453 2261 462 2275 ⁸
474 2256 671 2297 Juventus,’
688 2257 722 2288 id
737 2261 804 2297 est,
815 2257 871 2297 ju·

165 2317 283 2348 venes,
292 2312 331 2340 ut
343 2308 404 2347 ait,
417 2311 455 2339 et
470 2307 480 2325 ‘
492 2306 666 2346 juventa:
682 2313 767 2338 aetas
779 2307 871 2346 ipsa3

167 2363 204 2390 et
218 2359 228 2375 ‘
239 2356 472 2397 Juvenilitas,’
487 2357 577 2397 quod
594 2356 691 2396 ὁρμὴν
705 2357 760 2388 vel
777 2354 874 2387 πάθος

167 2406 284 2438 Graeci
309 2411 443 2438 vocant.
488 2405 554 2437 His
580 2415 683 2446 porro
718 2407 872 2438 Juventas

169 2455 325 2494 accedat,
340 2464 406 2496 quo
421 2455 584 2487 vocabulo
599 2455 765 2487 delectari
780 2455 873 2488 vide·

169 2510 228 2537 tur
242 2504 365 2536 Horat.
381 2509 510 2537 noster.
555 2504 732 2545 Significat
756 2510 873 2538 autem

170 2559 244 2586 tum
276 2554 387 2584 Deam
409 2553 517 2594 ipsam
541 2553 752 2595 juventutis,
780 2560 818 2586 nt
846 2564 872 2588 1.

171 2602 241 2635 Od.
254 2605 310 2636 30.
323 2602 481 2642 diximus,
503 2607 575 2634 tum
598 2603 712 2634 aetatis
727 2604 799 2643 ejus
813 2602 873 2636 flo-

169 2663 242 2684 rem
277 2651 517 2693 fervoremque
551 2657 655 2694 atqne
697 2653 875 2696 impetum,

172 2702 287 2734 Gra-‚ci
310 2701 412 2742 ἀκμὴν
425 2702 615 2743 appellant,
638 2706 678 2733 ut
691 2701 760 2742 hic,
777 2708 812 2734 et
832 2711 875 2734 11.

174 2752 243 2785 Οὐ.
260 2755 312 2788 11.

211 2805 233 2839 6
251 2803 337 2838 Nido
350 2801 488 2836 laborum
500 2802 654 2844 propulit]
679 2802 708 2835 E
724 2801 802 2835 nido
815 2811 874 2834 ex-

1513 254 1626 297 1503

921 361 1025 393 trusit
1047 358 1183 391 volandi
1207 364 1244 390 et
1270 356 1447 399 praedandi
1477 358 1627 391 inscium.

921 410 1084 452 Propulit]
1130 411 1188 442 Ita
1208 410 1335 441 habent
1354 414 1425 441 tres
1451 409 1537 440 Mss.
1565 412 1625 442 sed

922 463 1036 504 plures
1045 466 1080 494 et
1091 461 1247 493 meliores
1253 460 1405 501 protulit.-
1421 459 1511 500 quod
1525 459 1627 490 miror

922 512 1095 554 equidem.
1120 512 1210 544 Nam
1222 512 1358 553 propulit
1374 509 1625 551 ἐμφατικιῖπερον

919 567 985 603 est,
992 567 1031 594 ut
1041 562 1199 604 quoniam
1213 562 1285 593 sola
1297 562 1410 593 avium
1423 562 1537 602 aquila
1552 562 1628 603 pul-

919 613 971 644 los
987 623 1066 645 suos
1081 613 1210 652 odisse,
1223 622 1302 651 nec,
1318 616 1358 644 ut
1374 621 1438 653 par
1459 617 1526 652 est,
1545 622 1627 644 euu-

921 664 1019 702 trire,
1028 663 1087 694 sed
1098 662 1220 704 fugare
1231 667 1313 694 ante
1323 667 1391 694 tem
1397 672 1455 703 pus
1466 661 1628 703 traditur,

920 711 954 743 id
977 712 1106 744 indoles
1129 713 1189 744 illa
1212 712 1370 753 generosi
1393 713 1482 744 alitis
1510 712 1628 744 innato

920 762 984 795 sibi
1001 762 1122 804 vigore
1145 767 1343 796 antevertat
1366 762 1627 804 quodammodo,

922 822 988 846 nec
1010 814 1128 846 matris
1151 814 1309 855 injuriam
1334 818 1527 854 exspectet.
1570 813 1627 844 De

921 861 1037 896 adulto
1051 869 1165 896 autem
1183 873 1262 896 vere
1283 864 1433 906 loquitur
1451 863 1628 902 Horatius,

922 914 1008 955 ‘jam
1025 915 1190 952 remotis,'
1218 919 1254 946 ut
1280 915 1341 954 ait,
1369 912 1538 952 ‘nimbis‚'
1563 913 1626 944 hoc

920 970 986 1001 est,
1003 963 1307 1004 instante'aestate;
1332 969 1442 996 totum
1459 965 1549 995 enim
1567 973 1627 995 ver

921 1015 1134 1047 imbriferum
1158 1020 1222 1047 est.
1263 1016 1461 1056 Sequuntur
1484 1014 1628 1051 Etesiae,

921 1075 1064 1106 quorum
1087 1065 1203 1097 flabris
1228 1065 1333 1096 veluti
1357 1064 1487 1096 cortice
1518 1063 1627 1104 adjuti

921 1115 1017 1155 pulli,
1030 1115 1167 1146 volandi
1182 1114 1378 1146 tirocinium
1396 1118 1572 1152 exercent,
1586 1122 1627 1144 ac

922 1164 1043 1204 pennis
1053 1164 1117 1195 niti
1133 1164 1282 1195 discunt.
1308 1164 1454 1195 Tor-rent.

974 1216 995 1245 8
1019 1214 1167 1246 [molitos
1195 1214 1299 1255 nisus]
1336 1214 1347 1231 ‘
1359 1214 1433 1245 Niti
1447 1212 1456 1226 '
1486 1213 1626 1254 proprie

921 1264 1036 1295 conari
1052 1269 1117 1304 est,
1127 1265 1216 1295 unde
1232 1264 1321 1294 nisus
1330 1273 1392 1303 pro
1407 1267 1555 1302 conatu;
1573 1272 1628 1294 su·

921 1313 1024 1344 mitur
1048 1314 1151 1345 etiam
1169 1323 1232 1354 pro
1248 1314 1376 1353 volatu,
1403 1318 1439 1344 ut
1456 1313 1521 1344 liic.
1550 1313 1628 1344 Tor-

918 1364 1002 1393 rent.
1047 1361 1210 1402 Insulieos]
1228 1362 1376 1398 Primos,
1393 1371 1460 1393 non
1477 1365 1629 1393 assuetos

921 1412 1067 1444 volatus.

961 1464 982 1493 9
1005 1462 1045 1494 In
1056 1462 1166 1503 anilia]
1190 1462 1240 1494 Ut
1251 1471 1357 1502 agnos
1374 1462 1500 1502 rapiat.

965 1514 1009 1543 10
1044 1512 1180 1544 Via-idus
1201 1511 1349 1553 impetus]
1373 1512 1430 1544 Sic
1457 1511 1627 1552 Virgilius

920 1561 1056 1594 AEneid.
1073 1572 1115 1594 ιι.
1130 1565 1140 1580 ‘
1152 1563 1269 1595 Possit
1279 1562 1360 1604 quid
1372 1562 1486 1594 vivida
1498 1563 1629 1594 virtus!

921 1613 968 1645 Et
997 1612 1079 1644 alibi
1097 1623 1106 1644 ι
1140 1617 1149 1631 ‘
1165 1613 1294 1644 Vivida
1322 1612 1414 1644 bello
1451 1612 1630 1644 Dextera-³

921 1662 1074 1703 [Dimisit
1087 1672 1173 1694 unus
1189 1663 1300 1694 Vand.
1318 1673 1373 1704 ap.
1387 1662 1529 1702 Bothe]

965 1714 1006 1742 12
1030 1712 1111 1751 Egit
1132 1722 1220 1743 amor
1233 1713 1340 1753 dapis]
1364 1713 1454 1744 Mira
1479 1711 1630 1751 ἐκφρασις

921 1766 1054 1793 naturae
1066 1767 1103 1793 et
1114 1763 1310 1803 sagacitatis
1323 1762 1443 1803 aquilae
1456 1773 1464 1793 :
1484 1761 1628 1802 primum

921 1810 1000 1841 nido
1013 1811 1216 1851 propellitur
1227 1812 1373 1843 naturali
1385 1812 1519 1851 vigore:
1532 1811 1629 1843 dein-

921 1859 966 1890 de
988 1858 1079 1891 fame
1101 1859 1214 1892 fertur
1226 1860 1270 1892 ad
1293 1861 1465 1901 praedam:
1493 1866 1628 1901 postre-

922 1918 991 1948 mo,
1002 1909 1117 1940 vivido
1129 1910 1259 1951 impetu
1271 1910 1313 1941 ad
1326 1919 1474 1951 pugnam
1486 1911 1629 1951 rapitur.

925 1958 1020 1999 (ἔνης.
1048 1959 1268 2000 Dapis‚atque
1279 1959 1410 2000 pugnoe]
1446 1960 1555 1991 Amor
1570 1960 1630 1991 da—

922 2008 975 2048 pis
989 2008 1076 2051 egit,
1091 2014 1129 2041 ut
1145 2019 1253 2050 agnus
1268 2010 1313 2040 sit
1328 2010 1392 2041 sibi
1408 2019 1510 2048 esca;
1535 2018 1630 2040 amor

922 2057 1025 2089 etiam
1036 2068 1161 2099 pugnae
1170 2059 1240 2099 egit
1253 2059 1287 2089 in
1298 2058 1476 2096 dracones,
1488 2064 1631 2099 propter

921 2111 1075 2139 mutuum
1099 2108 1190 2140 inter
1212 2118 1248 2140 se
1277 2108 1403 2140 odium.
1439 2108 1629 2149 [Qualemve

920 2156 996 2188 loeis
1013 2165 1099 2188 nnus
1114 2158 1226 2189 Vand.
1242 2168 1300 2199 ap.
1319 2158 1459 2198 Bothe]

963 2210 1004 2238 15
1027 2207 1128 2241 Lacte
1138 2209 1312 2249 depulsum]
1336 2209 1428 2242 Quin
1442 2214 1479 2241 et
1492 2209 1502 2226 ‘
1514 2208 1630 2250 depel-

919 2257 993 2288 lere
1018 2256 1143 2289 foetus'
1177 2258 1332 2290 absolute
1359 2268 1419 2300 pro
1435 2269 1455 2290 a
1470 2259 1560 2290 lacte
1576 2268 1629 2290 re-

922 2315 1059 2339 movere
1076 2307 1145 2339 dici
1166 2312 1263 2339 notat
1288 2309 1426 2340 Servius
1455 2308 1488 2339 in
1516 2309 1629 2340 Echi.

922 2357 1020 2388 Lacte
1030 2359 1190 2398 depulsum
1199 2357 1331 2398 leonem]
1344 2359 1494 2390 Leonem
1507 2369 1526 2390 a
1538 2360 1628 2391 lacte

928 2412 1107 2439 remotum.

968 2458 1008 2487 16
1019 2455 1139 2495 Dente]
1166 2457 1280 2487 Dente
1291 2456 1416 2488 leonini
1431 2457 1535 2487 catuli
1546 2465 1628 2487 non-

923 2504 1003 2535 dum
1027 2504 1154 2544 praedae
1178 2504 1382 2537 assuefacto.
1427 2504 1555 2545 [Codd.
1571 2514 1628 2544 ap.

923 2554 945 2587 J
948 2554 1048 2594 aeck,
1060 2552 1174 2593 viden]

966 2605 1007 2634 17
1036 2602 1151 2634 Videre
1179 2601 1304 2641 Rhoeti]
1328 2602 1453 2641 Rhoeti,
1479 2602 1508 2632 si
1536 2602 1630 2635 Stra.-

923 2653 1004 2685 boni
1034 2652 1257 2693 credendum,
1294 2656 1330 2683 et
1361 2652 1491 2683 Rhoetis
1526 2652 1629 2684 vicini

922 2702 1108 2742 Vindelici,
1124 2711 1182 2733 eas
1205 2701 1342 2742 Alpium
1366 2706 1482 2742 partes
1508 2707 1629 2734 tenent

924 2762 1000 2793 quae
1018 2752 1060 2783 ad
1073 2751 1251 2783 Orientem
1268 2750 1525 2792 spectant,etin
1538 2750 1628 2783 Ans·

925 2795 1015 2834 trum
1029 2806 1188 2843 vergunt,
1216 2800 1387 2835 Helvetiis
1402 2801 1563 2844 Boiisque
1586 2801 1624 2833 fi·
1640 2821 1642 2823 »
