1916 3262
377 298 488 341 1310
839 309 881 345 Q.
913 306 1113 337 HORA'rn
1150 308 1320 339 rmum

377 401 481 452 Quo
501 401 558 442 sit
576 412 721 443 amore
742 411 912 453 parens,
932 411 1017 452 quo
1036 398 1165 440 frater
1186 401 1395 442 amandus
1414 405 1457 442 et
1474 402 1646 455 hospes,

378 467 511 518 Quod
531 467 591 508 sit
608 465 857 518 conscripti,
878 464 994 517 quod
1007 465 1173 518 judicis
1192 466 1392 517 officium,
1413 481 1510 520 quae

377 533 531 574 Partes
549 534 594 574 in
614 532 774 573 bellum
795 530 919 571 missi
939 531 1091 581 ducis3
1121 531 1195 571 ille
1216 533 1408 584 profecto

377 597 579 639 Reddere
601 609 795 651 personae
817 597 904 637 scit
923 596 1223 637 convenientia
1242 599 1411 651 cuique.

377 664 617 717 Respicere
637 662 863 715 exemplar
883 661 986 702 vitae
1006 675 1254 716 morumque
1264 663 1431 716 jubebo

378 730 573 771 Doctum
592 729 867 776 imitatorem,
889 731 933 768 et
950 739 1074 768 veras
1094 727 1191 768 hinc
1210 727 1366 768 ducere
1383 741 1526 770 voces.

378 795 600 836 Interdum
619 794 822 846 speciosa
839 793 950 833 locis
969 796 1222 845 morataque
1241 798 1355 834 recte

379 860 560 909 Fabula,
578 860 739 900 nullius
757 850 940 908 veneris,
961 859 1054 900 sine
1074 859 1263 912 pondere
1282 864 1324 900 et
1342 864 1449 908 arte,

378 924 563 966 Valdius
584 925 773 966 oblectat
792 924 1002 977 populum
1021 924 1264 976 meliusque
1281 929 1482 974 moratur,

1705 532 1790 573 315

1707 859 1792 900 320
1825 836 1828 838 ’

379 1039 452 1079 quid
467 1041 574 1072 amicis
588 1041 694 1072 debeat
703 1052 716 1078 ,·
736 1051 795 1081 qua
812 1043 966 1081 parentes,
984 1050 1043 1080 qua
1057 1039 1179 1076 fratres
1192 1043 1222 1071 et
1236 1040 1368 1080 hospites
1381 1040 1531 1072 charitate
1543 1039 1694 1079 diligendi
1708 1039 1770 1070 sint
1784 1049 1795 1074 ;

378 1083 458 1119 quod
480 1081 649 1121 Senatoris,
662 1084 740 1122 quod
753 1083 889 1119 Judicis,
912 1084 990 1121 quod
1013 1082 1084 1112 bella·
1103 1081 1202 1112 Ducis
1217 1092 1325 1112 munus
1341 1081 1382 1113 sit
1392 1092 1405 1119 ,·
1426 1083 1454 1113 ie
1466 1085 1546 1112 certe
1561 1082 1646 1112 novit
1661 1080 1794 1111 tribuere

378 1123 519 1153 decorum
532 1125 691 1163 unicuique
700 1133 849 1163 personoe.
882 1122 984 1154 Solen
995 1123 1134 1154 imitator
1146 1123 1233 1154 debet
1246 1123 1362 1154 intueri
1375 1123 1528 1163 exemplar
1542 1123 1614 1154 υἱέα
1626 1126 1656 1153 et
1670 1131 1796 1160 morum,

378 1166 468 1202 atque
482 1164 553 1195 hinc
563 1165 703 1204 propm’os
718 1165 842 1205 fingere
853 1173 1016 1195 sermones.
1062 1164 1287 1204 Nonnunquam
1303 1165 1453 1195 Comoedia
1466 1165 1541 1194 locis
1561 1165 1698 1204 pulchra,
1710 1163 1796 1194 bene-

379 1213 437 1242 que
450 1212 547 1236 mores
560 1206 743 1246 exprimens,
759 1215 930 1246 quanquam
943 1215 998 1236 nec
1011 1206 1135 1244 elegam
1147 1215 1200 1236 nec
1215 1205 1316 1236 verbis
1332 1209 1440 1237 ornata
1453 1215 1506 1236 nec
1520 1205 1683 1246 artificiose
1696 1204 1796 1244 diepo-

378 1245 451 1286 uita,
462 1248 569 1287 populo
580 1247 679 1287 magis
686 1247 828 1288 placebit,
837 1256 962 1287 eumque
973 1247 1079 1278 melius
1092 1247 1254 1287 detinebit,
1269 1257 1358 1287 quam
1372 1256 1475 1279 versus
1485 1246 1645 1278 sententiis
1657 1245 1800 1278 destituti

974 1336 1209 1350 eeeeeeeeeeee

380 1399 459 1432 Sex.
485 1399 574 1440 quod
596 1400 701 1431 debeat
723 1403 754 1431 et
775 1400 968 1440 quod—313
990 1401 1144 1432 Vallicel.
1170 1403 1200 1432 3.
1215 1401 1323 1440 frater
1346 1405 1377 1433 et
1402 1403 1624 1441 nomem—314
1647 1402 1732 1436 Quid
1756 1403 1798 1434 sit

382 1441 512 1473 Helles.
555 1442 628 1481 quid
642 1441 759 1479 judicis
773 1441 1000 1474 Schoenborn.
1015 1445 1152 1474 1.-318
1177 1442 1273 1473 Harl.
1290 1446 1319 1474 1.
1335 1445 1366 1474 2.
1383 1445 1412 1473 3.
1426 1445 1458 1474 4.
1470 1446 1502 1474 6.
1526 1443 1754 1475 Schoenborn.
1770 1447 1800 1474 l.

380 1486 412 1514 4.
436 1491 550 1514 omnes
565 1483 663 1514 codd.
674 1483 764 1522 Feae,
780 1483 850 1521 alii,
869 1488 904 1513 et
919 1482 994 1514 edd.
1007 1484 1140 1523 priscae,
1153 1484 1239 1514 vivas
1251 1484 1282 1515 Ιι.
1298 1485 1328 1514 d.
1345 1493 1430 1515 voces
1440 1494 1452 1520 ;
1474 1489 1510 1515 et
1525 1484 1573 1515 sic
1599 1484 1676 1516 Nic.
1694 1485 1800 1515 Hein-

381 1525 448 1555 sius
463 1524 504 1555 ad
519 1524 622 1555 Ovid.
640 1523 752 1555 Amor.
768 1533 793 1554 ι.
808 1526 840 1556 4.
854 1526 906 1556 19.
928 1533 1015 1555 veras
1030 1525 1060 1555 Ιι.
1075 1526 1106 1556 d.
1119 1535 1203 1556 voces
1219 1525 1316 1556 codd.
1330 1525 1418 1565 apud
1433 1525 1549 1557 Lamb.
1560 1526 1653 1556 Talb.
1669 1527 1799 1557 Valart.

379 1565 488 1596 Aldus
511 1568 604 1597 1501.
621 1569 713 1596 1509.
736 1567 827 1596 1519.
848 1565 954 1597 Junta
968 1568 1062 1597 1503.
1099 1566 1200 1597 Dion.
1221 1566 1262 1597 ab
1289 1566 1411 1597 Harsio
1438 1567 1545 1607 Lugd.
1567 1570 1661 1598 1538.
1687 1567 1798 1599 bamb.

381 1607 515 1646 Gryph.
529 1609 623 1638 1566.
648 1608 738 1638 Mur.
763 1606 868 1638 Chab.
893 1608 1062 1645 Desprez,
1083 1607 1190 1638 Bond.
1213 1609 1300 1639 Dae.
1317 1609 1416 1639 Baxt.
1433 1608 1536 1639 Gesn.
1554 1609 1648 1639 Bait.
1663 1609 1803 1645 Combe,

381 1649 496 1680 Wetz.
521 1647 628 1679 Zeun.
653 1648 791 1687 Bipont.
810 1648 932 1686 Jaeck,
956 1653 990 1679 et
1015 1649 1164 1689 Doering.
1193 1649 1280 1680 vivas
1303 1650 1443 1680 inducere
1466 1659 1551 1681 voces
1571 1650 1650 1680 Vat.
1669 1651 1805 1681 Rom.—

382 1691 446 1719 319
467 1689 606 1728 Septem
626 1688 724 1720 codd.
750 1689 842 1726 Feae,
866 1690 939 1719 locis
951 1699 964 1725 ,·
987 1689 1037 1720 ita
1059 1690 1160 1720 etiam
1183 1699 1298 1721 omnes
1322 1690 1437 1721 Lamb.
1452 1695 1521 1722 tres
1538 1691 1647 1722 Pulm.
1662 1696 1806 1731 quatuor

383 1730 487 1770 Cruq.
505 1730 656 1770 plerique
673 1729 811 1760 Achiuis
829 1730 949 1767 Statii3
973 1734 1121 1761 notatum
1137 1740 1179 1762 ex
1193 1731 1260 1762 Ms.
1274 1732 1307 1762 in
1323 1741 1382 1762 ora
1397 1731 1478 1762 edit.
1499 1731 1578 1763 Aldi
1597 1735 1689 1764 1509.
1713 1732 1804 1763 Bibl.

382 1771 486 1802 Barb.
502 1775 537 1801 et
551 1773 645 1802 1519.
669 1770 757 1802 Bibl.
774 1770 860 1810 Aug.
880 1770 1006 1811 Acron,
1026 1771 1226 1812 Porphyrio,
1251 1772 1333 1803 edit.
1348 1772 1461 1804 Ptine.
1480 1773 1589 1804 Venn.
1605 1775 1698 1804 1478.
1713 1776 1807 1804 1479.

384 1815 478 1844 1481.
493 1814 586 1843 1483.
600 1814 694 1843 1486.
709 1814 802 1843 1492.
813 1814 906 1843 1514.
919 1814 1011 1843 1546.
1026 1812 1143 1844 Lamb.
1156 1813 1300 1844 Chabot.
1311 1814 1473 1853 Desprez,
1485 1813 1593 1844 Bond.
1608 1814 1707 1846 Talb.
1720 1815 1805 1845 Dae.

383 1854 485 1885 Baxt.
510 1854 625 1884 Bentl.
653 1854 737 1884 Cun.
761 1854 836 1884 San.
864 1854 975 1884 Merv.
999 1853 1103 1885 Gesn.
1125 1855 1214 1886 Phil.
1230 1856 1325 1886 Batt.
1339 1854 1487 1895 Sandby,
1501 1855 1670 1886 Vahnor.
1686 1855 1806 1888 obern.

384 1895 522 1934 Combe,
539 1895 683 1926 Wetzel.
698 1895 804 1927 Zeun.
828 1895 972 1933 Schelle,
988 1895 1070 1934 Fea,
1088 1896 1197 1927 Bothe
1226 1896 1329 1928 Kidd.
1349 1896 1468 1936 Jaeck,
1490 1901 1526 1927 et
1544 1897 1697 1936 Doering.
1739 1896 1808 1928 Alii

385 1937 485 1967 codd.
499 1937 591 1976 Feae,
607 1936 703 1967 Harl.
717 1939 748 1967 2.
764 1939 794 1968 3.
806 1939 837 1968 4.
852 1939 883 1967 6.
896 1939 927 1967 7.
951 1937 1016 1967 duo
1031 1937 1160 1969 Bersm.
1175 1919 1210 1968 ei
1226 1947 1307 1968 unus
1329 1937 1448 1969 Achill.
1469 1938 1571 1969 Statii
1584 1938 1687 1976 jacin
1708 1945 1744 1969 et
1758 1938 1805 1970 sic

386 1979 494 2009 Marc.
510 1978 632 2008 Venet.
647 1978 823 2015 ap22eun.
837 1982 873 2008 et
890 1978 1047 2009 Glareau.
1090 1978 1176 2009 Vide
1192 1979 1305 2010 Burm.
1321 1980 1363 2010 ad
1379 1979 1519 2011 Quintil.
1534 1979 1620 2010 Inst.
1637 1979 1734 2011 Orat.
1757 1988 1810 2010 νι.

384 2022 416 2050 3.
441 2029 475 2059 p.
491 2021 564 2050 528.
589 2019 690 2050 Ovid.
713 2019 803 2050 Fast.
818 2028 868 2049 lv.
882 2021 955 2049 868.
977 2019 1109 2051 Phaedr.
1134 2020 1224 2050 Prol.
1247 2029 1296 2050 vr.
1324 2025 1359 2050 et
1383 2020 1458 2051 Val.
1482 2019 1575 2051 Max.
1591 2028 1655 2050 vu.
1677 2023 1708 2051 8.
1731 2023 1807 2051 9.-

386 2062 445 2090 321
470 2060 625 2091 Blandita
646 2061 775 2091 oblectat
798 2060 927 2091 Heller·
949 2060 1171 2091 Marklaudus
1190 2062 1320 2092 dubitat
1346 2061 1388 2092 de
1411 2070 1506 2100 voce,
1529 2061 1805 2101 meliusque—323

1040 2144 1070 2175 N
1077 2143 1182 2175 01·AE

430 2206 491 2235 313
504 2203 640 2245 Hospes]
653 2204 778 2236 Contra
789 2204 984 2245 peregrinos
996 2214 1073 2245 pec-

388 2259 477 2291 cata,
501 2262 569 2293 prae
592 2253 655 2284 illis
674 2263 748 2294 quae
765 2254 798 2285 iu
814 2254 905 2284 cives
923 2254 1074 2285 commit-

390 2307 520 2342 tuntur,
535 2303 635 2334 ultori
653 2305 725 2335 Deo
741 2313 831 2335 curae
852 2308 942 2335 sunt.
987 2304 1074 2334 Nam

389 2361 465 2384 cum
493 2352 688 2392 peregrinus
713 2353 826 2383 amicis
854 2353 1074 2394 cognatisque

390 2405 517 2438 careat,
531 2401 688 2441 majorem
703 2400 795 2441 apud
817 2402 908 2432 Deos
929 2405 964 2432 et
984 2401 1074 2442 apud

389 2450 539 2481 homines
562 2454 710 2481 meretur
726 2450 998 2490 misericordiam,
1011 2453 1075 2482 διο.

391 2498 489 2529 Plato
503 2507 582 2530 mox
597 2499 730 2531 citatus.
989 2511 993 2514 ·

434 2551 496 2579 317
513 2548 676 2588 Respicere
693 2549 937 2590 exemplar‚&c.]
950 2548 992 2581 In
1008 2549 1078 2581 ani-

391 2606 445 2628 mo
470 2606 530 2628 suo
552 2598 709 2629 eximium
737 2603 774 2629 et
798 2597 1078 2639 perfectissimum

393 2646 566 2686 exemplar
582 2646 643 2677 sibi
659 2646 776 2686 fingat.
821 2647 897 2678 Non
912 2647 1077 2678 hominem

392 2695 580 2734 quempiam
602 2695 782 2735 privatum,
796 2695 855 2726 sed
876 2695 1078 2736 perfectissi-

395 2742 440 2772 mi
461 2748 497 2773 et
523 2745 667 2776 numeris
688 2745 839 2776 omnibus
861 2745 1004 2776 absoluti
1018 2745 1076 2776 ho-

395 2790 492 2822 minis
516 2792 579 2824 tibi
608 2797 773 2834 proponat
796 2794 984 2835 imaginem,
1007 2795 1076 2826 sive

1125 2205 1248 2247 idepm,
1263 2208 1300 2236 ut
1315 2205 1415 2236 Plato
1430 2209 1551 2237 vocat:
1577 2209 1680 2247 atque
1693 2214 1810 2237 secun-

1126 2253 1202 2284 dum
1220 2254 1310 2284 illam
1325 2252 1452 2284 scribat
1467 2257 1501 2283 et
1517 2253 1622 2286 dicat.

1167 2305 1228 2334 318
1251 2301 1458 2341 Imitatorem]
1482 2301 1597 2333 Ροίἐοίε
1622 2307 1675 2334 est
1699 2302 1809 2334 imita-

1127 2352 1187 2391 tio,
1201 2361 1243 2383 ex
1259 2352 1415 2391 Platone,
1431 2351 1625 2391 Aristotele,
1640 2353 1704 2383 &e.

1174 2401 1270 2432 Veras
1284 2401 1386 2440 voces]
1415 2399 1477 2431 Rei
1491 2406 1642 2431 naturam
1659 2410 1737 2432 vere
1752 2409 1809 2431 ex-

1127 2450 1322 2491 primentes.
1346 2449 1400 2480 Al.
1415 2449 1500 2480 vivas
1509 2459 1522 2486 ‚·
1542 2449 1601 2480 aed
1618 2459 1736 2490 apage.

1171 2502 1233 2530 319
1255 2498 1398 2539 Speciosa
1416 2498 1579 2538 locis,.5·c.]
1602 2499 1700 2530 Locis
1721 2507 1810 2530 com-

1129 2547 1283 2579 munibus
1298 2552 1334 2578 et
1349 2547 1522 2578 sententiis
1538 2557 1647 2579 rerum
1661 2551 1811 2579 naturum

1131 2601 1166 2627 et
1172 2605 1281 2628 mores
1289 2596 1438 2637 apprime
1444 2596 1693 2637 exhibentibus,
1700 2603 1811 2636 quam·

1129 2647 1179 2678 vis
1193 2647 1282 2678 nullo
1297 2646 1472 2677 verborum
1487 2651 1620 2678 ornatu.
1649 2645 1704 2677 Al.
1716 2644 1808 2688 jocis·

1130 2697 1230 2728 Prior
1243 2697 1346 2728 lectio
1361 2694 1582 2736 praeferenda.

1171 2745 1355 2787 Mon-utaque
1365 2748 1447 2777 recte
1456 2743 1590 2783 Fabula]
1604 2743 1692 2782 Lege
1704 2738 1807 2773 Quiu-

1129 2795 1180 2826 til.
1194 2803 1244 2826 vr.
