1890 3230
369 264 479 305 1752

370 364 535 401 videntur,
562 374 633 404 quae
663 364 874 404 νευρόσπαστα
898 370 931 396 et
961 365 1047 396 αὐτό-

367 424 450 452 ματα
487 418 522 444 et
555 412 735 449 αὐτοκίνητα
773 418 895 445 vocant
922 414 1046 445 Graeci.

369 460 501 492 Gellius
530 461 628 492 etiam
653 470 729 492 xiv.
748 464 778 492 1.
809 461 974 502 νευρόβατα
999 462 1046 493 ἰη-

367 514 469 540 venta
505 519 523 540 a
553 509 704 541 Ctesibio
736 510 890 551 quodam,
924 515 960 542 ut
988 512 1046 542 Vi-

369 560 496 590 truvius
523 560 637 591 tradit.
670 561 815 592 Turneb.
832 571 870 592 ιι.
894 564 946 592 18.
971 563 1044 593 Tor-

367 611 447 638 rent.

408 660 447 688 83
473 658 621 693 Quisnam
641 658 749 697 igitur,
770 660 840 700 Sym]
867 659 1047 690 Concludit

367 715 407 736 ex
422 707 609 737 Stoicorum
626 708 802 739 sententia.
824 707 962 748 Sapiens,
973 707 1046 740 sibi-

367 764 422 794 que
436 755 628 794 imperiosus]
653 757 757 787 Vetus
773 757 883 792 lectio,
907 766 968 796 pro
988 757 1047 787 sibi

366 804 419 842 qui
446 804 518 843 imp.
549 810 587 834 ut
621 808 698 834 ante
736 805 834 844 vulgo
864 805 1047 845 legebatur.

366 853 376 869 ‘
393 852 578 892 Sapientis’
608 858 719 883 autem
741 853 949 891 vocabulum,
970 859 1006 884 ut
1030 863 1050 883 a

366 901 512 941 Crispini
533 901 681 940 janitore
707 901 892 939 audiverat,
921 903 1049 932 Stoico-

365 959 438 980 rum
455 958 546 979 more
562 953 700 989 usurpat
717 949 843 988 Davus,
858 950 954 982 aliter
970 960 1049 982 vero

367 1007 408 1028 ex
421 1006 479 1028 sua
495 1007 636 1037 persona
650 999 747 1037 paulo
759 1003 837 1029 ante
851 1010 858 1028 :
873 1000 883 1016 ‘
894 999 958 1030 Ubi
972 1009 1049 1030 vasa

367 1047 542 1078 Praetereo
553 1047 684 1086 sapiens
695 1047 877 1087 argentea‚’
889 1057 949 1088 pro
960 1048 1052 1079 vafro

364 1097 506 1135 scilicet,
524 1100 560 1126 et
583 1105 647 1126 non
671 1096 818 1136 incauto,
840 1097 960 1138 quique
983 1098 1048 1128 cal·

363 1144 433 1176 lide
458 1144 567 1176 omnin
589 1144 757 1176 observet.
802 1144 928 1176 Notum
951 1145 1045 1185 παρά-

366 1197 469 1234 δοξον;
487 1195 578 1226 Solus
591 1196 710 1235 sapiens
724 1195 810 1225 liber.
830 1195 910 1227 Gul.
924 1197 1047 1227 Cante-

364 1254 421 1275 rus
437 1244 524 1275 Nov.
541 1245 631 1274 Lect.
646 1253 694 1274 iv.
711 1246 763 1274 12.
788 1244 927 1275 Torrent.
964 1244 1046 1275 Sitri-

365 1295 436 1335 que]
463 1294 527 1326 Qui
553 1293 613 1325 sibi
638 1293 770 1334 suisque
793 1292 967 1325 affectibus
990 1295 1048 1325 im-

366 1347 474 1383 perat.

408 1396 447 1424 85
472 1393 662 1433 Responsura·
675 1392 788 1432 sortis]
813 1393 1054 1426 Hellenismus.

367 1441 454 1472 Haec
472 1447 582 1472 autem
606 1441 766 1481 prolixior
786 1442 951 1481 expositio
965 1442 1050 1473 Stoi-

366 1500 416 1520 cae
433 1490 621 1525 sententia»,
638 1491 752 1530 paucis
767 1491 828 1521 boe
845 1491 942 1521 modo
955 1491 1049 1522 reddi

367 1544 501 1579 potest:
521 1539 604 1569 liber
618 1543 683 1577 est,
699 1539 754 1578 qui
770 1548 877 1578 neque
894 1539 1051 1577 dejicitur

366 1588 535 1625 adversis;
567 1596 675 1626 neque
704 1588 872 1627 prosperis
899 1587 1050 1627 effertur,

366 1638 428 1667 διο.
468 1635 561 1674 Cumq.
623 1635 811 1674 Responsura
845 1635 1050 1675 cupidinibus]

366 1684 476 1715 Fortis
500 1684 541 1714 ad
566 1683 843 1723 respondendum,
867 1683 901 1714 id
924 1689 988 1725 est,
1010 1685 1050 1715 ad

367 1733 593 1764 obsistendum
610 1732 833 1771 cupidinibus

408 1785 450 1813 86
471 1783 509 1812 In
523 1782 618 1821 seipso
633 1781 729 1821 totus]
753 1782 813 1812 Est
841 1786 929 1812 totus
956 1782 988 1813 in
1015 1791 1050 1813 se

368 1841 559 1869 conversum
583 1837 619 1862 et
642 1841 683 1861 ex
708 1841 742 1861 se
766 1831 928 1871 pendeus,
948 1840 1012 1862 non
1033 1841 1051 1862 e

368 1881 515 1918 fortuna,
538 1889 600 1910 nec.
629 1879 718 1911 foras
741 1885 900 1919 spectans
919 1884 954 1911 et
979 1889 1052 1911 ver-

368 1940 470 1970 gens3
493 1939 566 1960 nam
581 1929 685 1970 figura
709 1929 851 1960 rotunda
874 1931 906 1960 in
930 1939 965 1961 se
984 1934 1053 1960 tota

369 1981 513 2012 collecta
535 1986 597 2018 est,
618 1980 765 2020 nihilque
794 1981 827 2010 in
853 1990 893 2011 ea
924 1981 1053 2020 angulis

370 2031 507 2067 eminet,
521 2029 605 2070 quod
630 2028 771 2060 fortuuae
795 2034 830 2060 et
854 2029 984 2069 iujuriae
1010 2029 1054 2060 sit

368 2079 560 2114 obnoxium,
575 2082 610 2108 et
625 2079 656 2108 in
671 2088 734 2118 quo
749 2078 926 2119 quidquam
943 2085 1052 2109 exter-

368 2136 446 2158 num
461 2127 586 2157 haerere
602 2127 718 2166 possit,
732 2127 764 2156 iu
786 2127 851 2156 levi
868 2131 902 2157 et
919 2127 1052 2166 conglo-

369 2175 448 2206 bata
464 2174 688 2205 convexitate.
731 2174 818 2204 Vide
841 2174 984 2204 Tui-neb.
1012 2182 1050 2204 ιι.

370 2227 422 2255 18.
445 2225 483 2255 1η
491 2222 603 2263 seipso]
619 2223 700 2252 Tale
717 2221 798 2252 illud
815 2221 941 2252 Persii:
957 2227 965 2239 ‘
980 2222 1052 2252 Nec

370 2278 404 2303 te
420 2271 590 2312 quaesieris
606 2269 727 2301 extra.'
771 2269 994 2309 Notandaque
1007 2271 1053 2300 in-

370 2321 484 2361 primis
497 2325 564 2350 tam
578 2327 738 2358 expressa
748 2317 880 2358 Virgilii
894 2318 1051 2349 imitatio:

372 2374 381 2387 ⁸
397 2370 537 2400 Securus
553 2367 667 2398 mundi
691 2367 793 2397 instar
815 2367 951 2404 habens,
966 2372 1054 2398 teres

371 2422 469 2459 atque
491 2417 662 2455 rotundus,
683 2416 842 2446 Externae
866 2415 989 2456 nequid
1011 2417 1054 2447 la-

370 2467 421 2498 bis
449 2476 509 2506 per
531 2465 628 2496 devia
646 2464 754 2496 sidat)
779 2465 918 2495 Torrent.
966 2466 1055 2497 Tem

370 2519 460 2556 atque
469 2515 630 2555 rotundus]
642 2515 743 2545 Totus
753 2514 923 2554 aequabilis
934 2519 968 2545 et
983 2524 1055 2554 per-

370 2565 491 2605 fectus,
505 2569 541 2595 ut
558 2563 700 2595 rotunda
714 2563 832 2602 figura.

413 2618 454 2646 87
479 2613 612 2645 Exterm’
625 2623 663 2645 ne
676 2613 749 2653 quid
762 2612 876 2652 vnket]
900 2613 953 2643 Ne
975 2612 1053 2653 quid

372 2669 546 2696 externum
563 2673 636 2694 elim
652 2666 868 2694 commoveat.
903 2662 969 2693 Per
982 2663 1055 2693 loeve

372 2713 503 2752 morari]
519 2713 574 2744 Ne
586 2711 664 2753 quid
682 2710 786 2751 possit
797 2710 890 2751 quasi
902 2719 961 2750 per
973 2711 1055 2741 laeve

372 2761 512 2802 liguum,
539 2761 609 2793 sive
642 2768 787 2791 marmor
821 2759 965 2791 liaerere:
1002 2763 1056 2790 est

822 275 960 304 No'rAE
996 275 1254 305 vARlORUM
1286 276 1337 305 ΙΝ

1102 366 1251 406 Metapli.

1141 417 1182 446 88
1204 416 1318 446 Manca
1332 416 1413 456 ruit]
1439 414 1566 446 Debilis
1582 415 1728 448 fortuna.

1141 466 1183 494 89
1204 465 1256 495 Ex
1270 463 1334 504 his]
1359 465 1410 495 Ex
1431 465 1481 495 his
1509 474 1583 506 qum
1607 465 1688 496 dixi.
1736 466 1780 497 Ue

1095 513 1249 552 proprium
1273 514 1347 553 quid
1374 513 1509 552 noscere]
1547 515 1644 547 Quod
1675 515 1781 555 possis

1099 570 1176 592 vere
1191 561 1286 593 fateri
1304 567 1395 592 tuum
1411 563 1507 593 esse?

1138 613 1177 641 91
1206 611 1386 651 Perfundit]
1423 612 1490 642 Per
1518 611 1616 643 risum
1646 612 1779 642 scilicet

1098 664 1154 691 aut
1171 665 1409 700 contemptum.
1435 661 1573 692 Tor-rent.
1615 661 1783 698 Perfundit

1095 707 1216 747 gelida]
1231 708 1406 740 Perfusum
1423 719 1506 750 aqua
1524 708 1634 749 gelida
1648 709 1782 748 repellit

1099 766 1118 786 a
1133 755 1274 789 foribus.
1591 770 1594 773 >

1138 806 1179 835 92
1203 806 1274 836 Non
1290 806 1373 845 quis]
1398 807 1472 837 Nou
1495 810 1591 846 potes
1611 806 1726 839 dicere
1748 811 1782 838 te

1139 906 1179 933 93
1198 904 1349 934 Dominus
1363 903 1508 943 mentem]
1530 905 1663 941 Libido,
1679 906 1781 937 domi·

1101 961 1162 982 nus
1177 953 1332 983 crudelis.

1142 1004 1182 1033 94
1205 1003 1300 1033 Lasso
1314 1002 1463 1043 stimulos]
1483 1001 1559 1032 Tibi
1579 1002 1678 1034 lasso.
1721 1003 1783 1034 Est

1101 1049 1270 1090 Allegoria
1297 1050 1338 1080 ab
1365 1050 1459 1090 equis
1488 1049 1601 1081 ducta.
1655 1051 1784 1090 Negan-

1100 1099 1177 1139 tem]
1202 1100 1318 1131 Libido
1342 1104 1441 1130 vexat
1465 1103 1499 1130 te
1521 1105 1695 1139 negantem
1716 1109 1784 1132 ser-

1099 1157 1180 1179 vire.

1140 1199 1180 1228 95
1210 1197 1265 1228 Vel
1278 1197 1384 1237 quum]
1408 1197 1519 1229 Quum
1541 1198 1714 1229 admiraris
1734 1202 1786 1230 ta-

1102 1245 1210 1276 bulam
1223 1256 1241 1276 a
1257 1246 1377 1276 Pausia
1394 1247 1530 1285 pictam.
1561 1247 1710 1278 Pausiaca
1722 1251 1783 1278 eor-

1098 1303 1152 1333 pes
1165 1294 1268 1324 insane
1279 1294 1404 1335 tabella]
1427 1295 1520 1326 Talia
1535 1299 1569 1326 et
1585 1295 1641 1326 illa
1655 1306 1662 1326 :
1685 1296 1695 1313 ‘
1707 1296 1783 1327 Stu-

1101 1347 1159 1383 pet
1172 1343 1288 1374 Albius
1300 1343 1393 1374 aere.’
1420 1344 1520 1375 ‘Cum
1534 1348 1648 1384 stupet
1663 1345 1785 1376 insanis

1091 1393 1189 1423 acies
1203 1391 1407 1432 fulgoribus!
1440 1393 1606 1433 Quodque
1621 1393 1696 1424 huic
1710 1394 1785 1424 loco

1101 1441 1300 1471 simillimum
1330 1445 1396 1479 est,
1423 1441 1629 1481 ‘Suspendit
1658 1443 1784 1473 vultum

1101 1490 1194 1529 picta
1216 1494 1426 1530 mentemque
1447 1490 1594 1530 tabella,'
1619 1491 1726 1530 Epist.
1742 1491 1784 1522 ad

1101 1540 1299 1578 Augustum.
1322 1541 1377 1570 De
1394 1540 1512 1570 Pausia
1528 1545 1638 1570 autem
1655 1540 1786 1580 pictore

1101 1589 1204 1618 nobili
1221 1594 1345 1627 praeter
1362 1588 1542 1618 Varronem
1556 1588 1646 1629 Plin.⁴
1662 1597 1740 1620 xxi.
1757 1591 1785 1619 1.

1104 1641 1138 1667 et
1155 1645 1245 1667 xxx.
1262 1640 1312 1667 11.
1337 1630 1478 1667 Torreat.v

1145 1689 1188 1716 96
1201 1685 1302 1725 Atque
1316 1685 1387 1724 ego]
1405 1684 1581 1717 Quomodo
1596 1695 1715 1725 peccas
1727 1688 1786 1718 ml-

1104 1743 1176 1771 nus,
1191 1743 1288 1774 quarn
1304 1734 1390 1774 ego?
1419 1734 1521 1768 Quum
1533 1734 1625 1775 Fulvi
1643 1736 1788 1767 Rutuboe-

1104 1783 1175 1823 que]
1200 1783 1308 1815 Quum
1335 1782 1554 1821 gladiatorum
1578 1785 1690 1824 praelia
1711 1794 1788 1816 con-

1105 1832 1247 1872 templor
1265 1831 1355 1871 picta
1371 1831 1404 1862 in
1429 1832 1569 1871 pariete.
1613 1833 1707 1864 Fulvi
1722 1834 1788 1865 Ru-

1105 1881 1243 1920 tubaeque
1264 1881 1330 1911 Aut
1355 1880 1560 1920 Placideiani]
1585 1881 1672 1912 Nihil
1694 1881 1788 1913 dubi-

1106 1931 1255 1969 tandum,
1271 1931 1349 1970 quin
1365 1930 1437 1961 haec
1454 1930 1553 1960 trium
1569 1930 1787 1969 gladiatorum

1105 1979 1171 2010 sint
1185 1979 1336 2016 nomina3
1358 1978 1543 2018 praesertim
1565 1987 1640 2010 cum
1658 1988 1701 2010 ex
1723 1980 1789 2011 Lu-

1105 2028 1171 2058 cilii
1196 2028 1358 2067 versibus,
1380 2037 1446 2058 non
1469 2037 1535 2058 uno
1557 2027 1590 2058 in
1612 2028 1698 2067 loco,
1712 2032 1747 2059 et
1769 2038 1790 2059 a

1106 2077 1268 2107 Cicerone
1291 2082 1326 2107 ct
1350 2087 1369 2107 a
1388 2076 1498 2107 Nonio
1515 2077 1638 2117 relatis,
1653 2076 1696 2108 de
1711 2076 1787 2108 Pla-

1105 2126 1254 2156 cideiano
1270 2126 1331 2155 hoc
1354 2130 1498 2163 constet,
1522 2130 1580 2156 aut
1605 2125 1788 2157 Pacidiano

1105 2173 1235 2212 potius;
1257 2181 1330 2202 nam
1355 2177 1495 2212 utroque
1518 2173 1613 2203 inodo
1629 2173 1661 2202 in
1678 2179 1788 2204 vetus-

1106 2221 1148 2251 tis
1164 2229 1295 2261 quoque
1317 2221 1517 2251 membranis
1539 2221 1698 2260 scriptum
1714 2231 1790 2262 rep-

1105 2270 1188 2310 peri.
1233 2270 1388 2300 Erasmus
1406 2274 1516 2300 tamen
1533 2270 1567 2300 in
1584 2270 1789 2302 Chiliadibus

1107 2323 1175 2349 tres
1199 2318 1347 2348 rudiores
1367 2318 1511 2357 pictores
1534 2318 1583 2349 liis
1607 2319 1790 2352 nominibus

1106 2366 1213 2398 notari
1229 2367 1408 2398 existimat.
1424 2367 1529 2398 male:
1554 2367 1628 2398 vide
1647 2368 1674 2399 si
1697 2369 1790 2400 lubet

1105 2415 1295 2447 Turnebum
1314 2424 1392 2446 vni.
1412 2419 1459 2447 13.
1503 2416 1663 2448 Lambino
1679 2422 1789 2450 amem

1106 2470 1170 2495 nou
1194 2464 1358 2495 assentior
1381 2465 1428 2495 sic
1452 2464 1691 2505 distinguenti:
1726 2467 1790 2503 Qui

1105 2524 1210 2554 peccas
1233 2512 1356 2544 minus?
1383 2516 1474 2553 atque
1496 2522 1553 2552 ego
1573 2523 1652 2552 cum,
1674 2516 1726 2554 &c-
1751 2519 1790 2547 ut

1106 2568 1196 2604 atque
1209 2572 1267 2603 pro
1277 2563 1363 2602 atqui
1378 2562 1522 2602 positum
1535 2563 1598 2594 sit:
1614 2563 1688 2594 haec
1701 2565 1788 2596 enim

1106 2612 1248 2643 mutatio
1276 2611 1396 2642 evitari
1426 2610 1563 2651 poterit,
1591 2611 1631 2647 si,
1657 2618 1791 2644 servata

1108 2659 1213 2691 veteri
1235 2659 1393 2698 lectione,
1413 2658 1580 2699 particula
1599 2669 1666 2692 cum
1682 2662 1709 2692 C'
1721 2670 1789 2693 ma-

1101 2708 1237 2748 juscula
1256 2707 1436 2747 scribatur,
1461 2713 1520 2739 aut
1541 2708 1644 2750 (quod
1660 2710 1789 2750 malim)
1818 2719 1823 2725 ·

1107 2757 1324 2798 interrogatio
1345 2762 1421 2798 post
1446 2757 1583 2790 verbum
1604 2759 1664 2790 oiri
1685 2767 1787 2800 pona·
