<?xml version="1.0" encoding="UTF-8"?>
<!DOCTYPE html PUBLIC "-//W3C//DTD XHTML 1.0 Transitional//EN"
    "http://www.w3.org/TR/xhtml1/DTD/xhtml1-transitional.dtd">
<html xmlns="http://www.w3.org/1999/xhtml" xml:lang="en" lang="en">
 <head>
  <title>
</title>
<meta http-equiv="Content-Type" content="text/html;charset=utf-8" />
  <meta name='ocr-system' content='tesseract 3.04.00' />
  <meta name='ocr-capabilities' content='ocr_page ocr_carea ocr_par ocr_line ocrx_word'/>
</head>
<body>
  <div class='ocr_page' id='page_1' title='image "./operazeune03horauoft/operazeune03horauoft_0577.png"; bbox 0 0 1890 3230; ppageno 0'>
   <div class='ocr_carea' id='block_1_1' title="bbox 471 303 1284 345">
    <p class='ocr_par' dir='ltr' id='par_1_1' title="bbox 471 303 1284 345">
     <span class='ocr_line' id='line_1_1' title="bbox 471 303 1284 345; baseline -0.002 -1"><span class='ocrx_word' id='word_1_1' title='bbox 471 313 679 344; x_wconf 66' lang='lat' dir='ltr'>nonam</span> <span class='ocrx_word' id='word_1_2' title='bbox 713 313 992 345; x_wconf 79' lang='lat' dir='ltr'>SERMONUM</span> <span class='ocrx_word' id='word_1_3' title='bbox 1026 306 1209 344; x_wconf 52' lang='lat' dir='ltr'>mnpu.</span> <span class='ocrx_word' id='word_1_4' title='bbox 1239 303 1284 344; x_wconf 90' lang='grc'>4.</span> 
     </span>
    </p>
   </div>
   <div class='ocr_carea' id='block_1_2' title="bbox 122 406 835 2902">
    <p class='ocr_par' dir='ltr' id='par_1_2' title="bbox 129 406 835 1301">
     <span class='ocr_line' id='line_1_2' title="bbox 136 406 835 449; baseline 0 -10"><span class='ocrx_word' id='word_1_5' title='bbox 136 407 279 449; x_wconf 87' lang='lat' dir='ltr'>peritus,</span> <span class='ocrx_word' id='word_1_6' title='bbox 304 406 338 437; x_wconf 84' lang='lat' dir='ltr'>in</span> <span class='ocrx_word' id='word_1_7' title='bbox 365 415 473 447; x_wconf 79' lang='lat' dir='ltr'>eoque</span> <span class='ocrx_word' id='word_1_8' title='bbox 499 415 631 438; x_wconf 76' lang='lat' dir='ltr'>omnem</span> <span class='ocrx_word' id='word_1_9' title='bbox 658 415 774 438; x_wconf 83' lang='lat' dir='ltr'>curam</span> <span class='ocrx_word' id='word_1_10' title='bbox 797 410 835 439; x_wconf 86' lang='lat' dir='ltr'>et</span> 
     </span>
     <span class='ocr_line' id='line_1_3' title="bbox 135 453 834 499; baseline 0 -11"><span class='ocrx_word' id='word_1_11' title='bbox 135 457 284 490; x_wconf 83' lang='lat' dir='ltr'>studium</span> <span class='ocrx_word' id='word_1_12' title='bbox 297 457 491 499; x_wconf 85' lang='lat' dir='ltr'>impendat:</span> <span class='ocrx_word' id='word_1_13' title='bbox 506 458 565 489; x_wconf 82' lang='lat' dir='ltr'>sed</span> <span class='ocrx_word' id='word_1_14' title='bbox 579 457 682 488; x_wconf 86' lang='lat' dir='ltr'>etiam</span> <span class='ocrx_word' id='word_1_15' title='bbox 693 453 834 488; x_wconf 80' lang='lat' dir='ltr'>necesse</span> 
     </span>
     <span class='ocr_line' id='line_1_4' title="bbox 134 506 834 547; baseline -0.001 -8"><span class='ocrx_word' id='word_1_16' title='bbox 134 511 189 539; x_wconf 83' lang='lat' dir='ltr'>est</span> <span class='ocrx_word' id='word_1_17' title='bbox 210 507 246 539; x_wconf 89' lang='lat' dir='ltr'>in</span> <span class='ocrx_word' id='word_1_18' title='bbox 261 506 418 538; x_wconf 87' lang='lat' dir='ltr'>omnibus</span> <span class='ocrx_word' id='word_1_19' title='bbox 440 516 518 539; x_wconf 89' lang='lat' dir='ltr'>eum</span> <span class='ocrx_word' id='word_1_20' title='bbox 533 507 656 539; x_wconf 77' lang='lat' dir='ltr'>culinae</span> <span class='ocrx_word' id='word_1_21' title='bbox 679 506 834 547; x_wconf 85' lang='lat' dir='ltr'>partibus</span> 
     </span>
     <span class='ocr_line' id='line_1_5' title="bbox 134 555 833 596; baseline -0.003 -7"><span class='ocrx_word' id='word_1_22' title='bbox 134 566 210 590; x_wconf 77' lang='lat' dir='ltr'>esse</span> <span class='ocrx_word' id='word_1_23' title='bbox 232 555 452 588; x_wconf 87' lang='lat' dir='ltr'>artificiosum</span> <span class='ocrx_word' id='word_1_24' title='bbox 475 561 512 588; x_wconf 90' lang='lat' dir='ltr'>et</span> <span class='ocrx_word' id='word_1_25' title='bbox 533 557 716 596; x_wconf 83' lang='lat' dir='ltr'>diligenter</span> <span class='ocrx_word' id='word_1_26' title='bbox 736 565 833 588; x_wconf 88' lang='lat' dir='ltr'>exer-</span> 
     </span>
     <span class='ocr_line' id='line_1_6' title="bbox 134 605 834 647; baseline -0.001 -9"><span class='ocrx_word' id='word_1_27' title='bbox 134 607 292 638; x_wconf 74' lang='lat' dir='ltr'>citatum.</span> <span class='ocrx_word' id='word_1_28' title='bbox 311 607 409 647; x_wconf 74' lang='lat' dir='ltr'>cruq.</span> <span class='ocrx_word' id='word_1_29' title='bbox 433 607 637 647; x_wconf 74' lang='lat' dir='ltr'><strong><em>Nequaquam</em></strong></span> <span class='ocrx_word' id='word_1_30' title='bbox 645 605 741 646; x_wconf 72' lang='lat' dir='ltr'>satis]</span> <span class='ocrx_word' id='word_1_31' title='bbox 758 606 834 637; x_wconf 88' lang='lat' dir='ltr'>Dis·</span> 
     </span>
     <span class='ocr_line' id='line_1_7' title="bbox 133 655 833 698; baseline 0 -10"><span class='ocrx_word' id='word_1_32' title='bbox 133 656 253 698; x_wconf 79' lang='lat' dir='ltr'>tinguo</span> <span class='ocrx_word' id='word_1_33' title='bbox 274 657 340 688; x_wconf 82' lang='lat' dir='ltr'>hoc</span> <span class='ocrx_word' id='word_1_34' title='bbox 362 655 481 689; x_wconf 77' lang='lat' dir='ltr'>modo:</span> <span class='ocrx_word' id='word_1_35' title='bbox 503 656 585 688; x_wconf 75' lang='lat' dir='ltr'>Sunt</span> <span class='ocrx_word' id='word_1_36' title='bbox 597 666 725 697; x_wconf 78' lang='lat' dir='ltr'>quorum</span> <span class='ocrx_word' id='word_1_37' title='bbox 745 657 833 696; x_wconf 78' lang='lat' dir='ltr'>inge·</span> 
     </span>
     <span class='ocr_line' id='line_1_8' title="bbox 133 700 832 745; baseline 0 -7"><span class='ocrx_word' id='word_1_38' title='bbox 133 700 222 738; x_wconf 59' lang='lat' dir='ltr'>nium</span> <span class='ocrx_word' id='word_1_39' title='bbox 234 715 314 738; x_wconf 76' lang='lat' dir='ltr'>novo</span> <span class='ocrx_word' id='word_1_40' title='bbox 328 709 450 738; x_wconf 69' lang='lat' dir='ltr'>canem</span> <span class='ocrx_word' id='word_1_41' title='bbox 463 706 600 737; x_wconf 76' lang='lat' dir='ltr'>crustula</span> <span class='ocrx_word' id='word_1_42' title='bbox 611 706 748 745; x_wconf 81' lang='lat' dir='ltr'>promit,-</span> <span class='ocrx_word' id='word_1_43' title='bbox 767 707 832 738; x_wconf 85' lang='lat' dir='ltr'>Ne-</span> 
     </span>
     <span class='ocr_line' id='line_1_9' title="bbox 133 756 831 799; baseline -0.003 -10"><span class='ocrx_word' id='word_1_44' title='bbox 133 766 288 799; x_wconf 68' lang='lat' dir='ltr'>quaquam</span> <span class='ocrx_word' id='word_1_45' title='bbox 301 757 380 788; x_wconf 69' lang='lat' dir='ltr'>satis</span> <span class='ocrx_word' id='word_1_46' title='bbox 399 756 435 788; x_wconf 71' lang='lat' dir='ltr'>in</span> <span class='ocrx_word' id='word_1_47' title='bbox 455 765 492 789; x_wconf 82' lang='lat' dir='ltr'>re</span> <span class='ocrx_word' id='word_1_48' title='bbox 511 765 573 788; x_wconf 76' lang='lat' dir='ltr'>unc</span> <span class='ocrx_word' id='word_1_49' title='bbox 587 765 762 787; x_wconf 78' lang='lat' dir='ltr'>consumere</span> <span class='ocrx_word' id='word_1_50' title='bbox 779 766 831 787; x_wconf 79' lang='lat' dir='ltr'>cu-</span> 
     </span>
     <span class='ocr_line' id='line_1_10' title="bbox 133 805 833 847; baseline 0.001 -9"><span class='ocrx_word' id='word_1_51' title='bbox 133 816 213 839; x_wconf 71' lang='lat' dir='ltr'>ran.</span> <span class='ocrx_word' id='word_1_52' title='bbox 238 807 328 840; x_wconf 67' lang='lat' dir='ltr'>Satio</span> <span class='ocrx_word' id='word_1_53' title='bbox 341 809 430 839; x_wconf 74' lang='lat' dir='ltr'>enim</span> <span class='ocrx_word' id='word_1_54' title='bbox 448 817 512 839; x_wconf 91' lang='lat' dir='ltr'>non</span> <span class='ocrx_word' id='word_1_55' title='bbox 528 812 581 839; x_wconf 90' lang='lat' dir='ltr'>est</span> <span class='ocrx_word' id='word_1_56' title='bbox 596 805 679 847; x_wconf 80' lang='grc' dir='ltr'>ἅλις,</span> <span class='ocrx_word' id='word_1_57' title='bbox 689 808 748 840; x_wconf 88' lang='lat' dir='ltr'>sed</span> <span class='ocrx_word' id='word_1_58' title='bbox 761 807 833 840; x_wconf 73' lang='grc' dir='ltr'>ἅλις</span> 
     </span>
     <span class='ocr_line' id='line_1_11' title="bbox 133 857 832 897; baseline 0.003 -9"><span class='ocrx_word' id='word_1_59' title='bbox 133 857 180 888; x_wconf 71' lang='grc' dir='ltr'>ὅν.</span> <span class='ocrx_word' id='word_1_60' title='bbox 202 857 267 889; x_wconf 88' lang='lat' dir='ltr'>hoc</span> <span class='ocrx_word' id='word_1_61' title='bbox 289 862 354 897; x_wconf 81' lang='lat' dir='ltr'>est,</span> <span class='ocrx_word' id='word_1_62' title='bbox 376 866 452 888; x_wconf 90' lang='lat' dir='ltr'>cum</span> <span class='ocrx_word' id='word_1_63' title='bbox 475 867 542 889; x_wconf 90' lang='lat' dir='ltr'>non</span> <span class='ocrx_word' id='word_1_64' title='bbox 565 857 611 889; x_wconf 75' lang='lat' dir='ltr'>sit</span> <span class='ocrx_word' id='word_1_65' title='bbox 633 858 740 897; x_wconf 87' lang='lat' dir='ltr'>satis;</span> <span class='ocrx_word' id='word_1_66' title='bbox 765 859 832 896; x_wconf 84' lang='lat' dir='ltr'>vel,</span> 
     </span>
     <span class='ocr_line' id='line_1_12' title="bbox 129 906 832 948; baseline 0.003 -10"><span class='ocrx_word' id='word_1_67' title='bbox 129 906 403 948; x_wconf 85' lang='lat' dir='ltr'>qnandoquidem</span> <span class='ocrx_word' id='word_1_68' title='bbox 430 917 498 939; x_wconf 90' lang='lat' dir='ltr'>non</span> <span class='ocrx_word' id='word_1_69' title='bbox 521 912 574 939; x_wconf 87' lang='lat' dir='ltr'>est</span> <span class='ocrx_word' id='word_1_70' title='bbox 596 908 691 948; x_wconf 81' lang='lat' dir='ltr'>satis,</span> <span class='ocrx_word' id='word_1_71' title='bbox 711 910 745 939; x_wconf 86' lang='lat' dir='ltr'>in</span> <span class='ocrx_word' id='word_1_72' title='bbox 767 918 832 940; x_wconf 86' lang='lat' dir='ltr'>nna</span> 
     </span>
     <span class='ocr_line' id='line_1_13' title="bbox 131 958 830 989; baseline 0.003 -2"><span class='ocrx_word' id='word_1_73' title='bbox 131 964 170 987; x_wconf 83' lang='lat' dir='ltr'>re</span> <span class='ocrx_word' id='word_1_74' title='bbox 185 965 301 988; x_wconf 83' lang='lat' dir='ltr'>curam</span> <span class='ocrx_word' id='word_1_75' title='bbox 323 966 535 988; x_wconf 78' lang='lat' dir='ltr'>consumere.</span> <span class='ocrx_word' id='word_1_76' title='bbox 579 958 660 988; x_wconf 83' lang='lat' dir='ltr'>Tale</span> <span class='ocrx_word' id='word_1_77' title='bbox 679 962 732 989; x_wconf 87' lang='lat' dir='ltr'>est</span> <span class='ocrx_word' id='word_1_78' title='bbox 748 958 830 989; x_wconf 91' lang='lat' dir='ltr'>illud</span> 
     </span>
     <span class='ocr_line' id='line_1_14' title="bbox 131 1005 832 1049; baseline 0.001 -11"><span class='ocrx_word' id='word_1_79' title='bbox 131 1005 195 1038; x_wconf 73' lang='lat' dir='ltr'>hac</span> <span class='ocrx_word' id='word_1_80' title='bbox 221 1006 316 1047; x_wconf 81' lang='lat' dir='ltr'>ipsa:</span> <span class='ocrx_word' id='word_1_81' title='bbox 352 1007 363 1024; x_wconf 90' lang='lat'>‘</span> <span class='ocrx_word' id='word_1_82' title='bbox 380 1007 434 1038; x_wconf 91' lang='lat' dir='ltr'>Ne</span> <span class='ocrx_word' id='word_1_83' title='bbox 461 1007 588 1048; x_wconf 86' lang='lat' dir='ltr'>gallina</span> <span class='ocrx_word' id='word_1_84' title='bbox 605 1007 765 1049; x_wconf 83' lang='lat' dir='ltr'>(malum)</span> <span class='ocrx_word' id='word_1_85' title='bbox 781 1017 832 1040; x_wconf 90' lang='lat' dir='ltr'>re-</span> 
     </span>
     <span class='ocr_line' id='line_1_15' title="bbox 132 1055 833 1096; baseline 0.003 -8"><span class='ocrx_word' id='word_1_86' title='bbox 132 1055 281 1096; x_wconf 83' lang='lat' dir='ltr'>spondet</span> <span class='ocrx_word' id='word_1_87' title='bbox 295 1055 380 1087; x_wconf 87' lang='lat' dir='ltr'>dura</span> <span class='ocrx_word' id='word_1_88' title='bbox 396 1056 535 1096; x_wconf 63' lang='lat' dir='ltr'>palato!</span> <span class='ocrx_word' id='word_1_89' title='bbox 578 1057 636 1089; x_wconf 88' lang='lat' dir='ltr'>Ita</span> <span class='ocrx_word' id='word_1_90' title='bbox 648 1058 737 1089; x_wconf 90' lang='lat' dir='ltr'>enim</span> <span class='ocrx_word' id='word_1_91' title='bbox 751 1059 833 1090; x_wconf 85' lang='lat' dir='ltr'>scri-</span> 
     </span>
     <span class='ocr_line' id='line_1_16' title="bbox 132 1105 833 1147; baseline 0.003 -9"><span class='ocrx_word' id='word_1_92' title='bbox 132 1105 295 1138; x_wconf 81' lang='lat' dir='ltr'>bendum.</span> <span class='ocrx_word' id='word_1_93' title='bbox 317 1108 443 1147; x_wconf 76' lang='lat' dir='ltr'>malum,</span> <span class='ocrx_word' id='word_1_94' title='bbox 466 1106 564 1139; x_wconf 78' lang='grc' dir='ltr'><strong><em>κακὸν</em></strong></span> <span class='ocrx_word' id='word_1_95' title='bbox 582 1106 629 1139; x_wconf 82' lang='grc' dir='ltr'>ὅν.</span> <span class='ocrx_word' id='word_1_96' title='bbox 673 1109 833 1142; x_wconf 87' lang='lat' dir='ltr'>Quando-</span> 
     </span>
     <span class='ocr_line' id='line_1_17' title="bbox 132 1156 833 1198; baseline 0.003 -10"><span class='ocrx_word' id='word_1_97' title='bbox 132 1156 272 1198; x_wconf 81' lang='lat' dir='ltr'>quidem</span> <span class='ocrx_word' id='word_1_98' title='bbox 292 1156 359 1189; x_wconf 83' lang='lat' dir='ltr'>hoe</span> <span class='ocrx_word' id='word_1_99' title='bbox 383 1158 506 1189; x_wconf 84' lang='lat' dir='ltr'>malum</span> <span class='ocrx_word' id='word_1_100' title='bbox 530 1162 582 1190; x_wconf 85' lang='lat' dir='ltr'>est</span> <span class='ocrx_word' id='word_1_101' title='bbox 605 1165 641 1190; x_wconf 86' lang='lat' dir='ltr'>et</span> <span class='ocrx_word' id='word_1_102' title='bbox 662 1158 833 1198; x_wconf 82' lang='lat' dir='ltr'>ingratum</span> 
     </span>
     <span class='ocr_line' id='line_1_18' title="bbox 132 1207 835 1249; baseline 0 -10"><span class='ocrx_word' id='word_1_103' title='bbox 132 1207 262 1247; x_wconf 76' lang='lat' dir='ltr'>palato.</span> <span class='ocrx_word' id='word_1_104' title='bbox 300 1207 424 1240; x_wconf 78' lang='lat' dir='ltr'>Graeca</span> <span class='ocrx_word' id='word_1_105' title='bbox 440 1208 646 1249; x_wconf 77' lang='lat' dir='ltr'>parenthesi.</span> <span class='ocrx_word' id='word_1_106' title='bbox 670 1208 835 1241; x_wconf 77' lang='lat' dir='ltr'>Heinsius.</span> 
     </span>
     <span class='ocr_line' id='line_1_19' title="bbox 133 1257 662 1301; baseline 0.002 -12"><span class='ocrx_word' id='word_1_107' title='bbox 133 1257 339 1299; x_wconf 73' lang='lat' dir='ltr'><strong><em>Nequaquam</em></strong></span> <span class='ocrx_word' id='word_1_108' title='bbox 351 1259 448 1301; x_wconf 79' lang='lat' dir='ltr'>sotis]</span> <span class='ocrx_word' id='word_1_109' title='bbox 472 1259 550 1291; x_wconf 89' lang='lat' dir='ltr'>Non</span> <span class='ocrx_word' id='word_1_110' title='bbox 565 1259 662 1290; x_wconf 88' lang='lat' dir='ltr'>satis.</span> 
     </span>
    </p>

    <p class='ocr_par' dir='ltr' id='par_1_3' title="bbox 131 1307 832 1447">
     <span class='ocr_line' id='line_1_20' title="bbox 175 1307 832 1349; baseline 0.003 -11"><span class='ocrx_word' id='word_1_111' title='bbox 175 1309 220 1338; x_wconf 76' lang='lat'>49</span> <span class='ocrx_word' id='word_1_112' title='bbox 241 1307 326 1348; x_wconf 82' lang='lat' dir='ltr'>Hoc,</span> <span class='ocrx_word' id='word_1_113' title='bbox 348 1308 431 1339; x_wconf 77' lang='lat' dir='ltr'>mla</span> <span class='ocrx_word' id='word_1_114' title='bbox 453 1318 493 1340; x_wconf 80' lang='lat' dir='ltr'>ne</span> <span class='ocrx_word' id='word_1_115' title='bbox 515 1309 581 1340; x_wconf 76' lang='lat' dir='ltr'>sint</span> <span class='ocrx_word' id='word_1_116' title='bbox 605 1308 694 1349; x_wconf 80' lang='lat' dir='ltr'>vina]</span> <span class='ocrx_word' id='word_1_117' title='bbox 716 1309 751 1340; x_wconf 92' lang='lat' dir='ltr'>Si</span> <span class='ocrx_word' id='word_1_118' title='bbox 768 1309 832 1341; x_wconf 89' lang='lat' dir='ltr'>hoc</span> 
     </span>
     <span class='ocr_line' id='line_1_21' title="bbox 131 1358 832 1400; baseline 0.004 -12"><span class='ocrx_word' id='word_1_119' title='bbox 131 1360 232 1389; x_wconf 85' lang='lat' dir='ltr'>curet</span> <span class='ocrx_word' id='word_1_120' title='bbox 253 1358 374 1390; x_wconf 87' lang='lat' dir='ltr'>solnm.</span> <span class='ocrx_word' id='word_1_121' title='bbox 417 1359 528 1400; x_wconf 81' lang='lat' dir='ltr'>[Vatt.</span> <span class='ocrx_word' id='word_1_122' title='bbox 551 1359 650 1390; x_wconf 88' lang='lat' dir='ltr'>Rom.</span> <span class='ocrx_word' id='word_1_123' title='bbox 676 1362 706 1391; x_wconf 93' lang='lat'>1.</span> <span class='ocrx_word' id='word_1_124' title='bbox 730 1363 762 1391; x_wconf 85' lang='grc'>9.</span> <span class='ocrx_word' id='word_1_125' title='bbox 783 1369 832 1391; x_wconf 84' lang='lat' dir='ltr'>so-</span> 
     </span>
     <span class='ocr_line' id='line_1_22' title="bbox 131 1406 306 1447; baseline 0.006 -9"><span class='ocrx_word' id='word_1_126' title='bbox 131 1407 194 1438; x_wconf 76' lang='lat' dir='ltr'>lum</span> <span class='ocrx_word' id='word_1_127' title='bbox 208 1406 306 1447; x_wconf 69' lang='lat' dir='ltr'>lucc-J</span> 
     </span>
    </p>

    <p class='ocr_par' dir='ltr' id='par_1_4' title="bbox 173 1458 738 1500">
     <span class='ocr_line' id='line_1_23' title="bbox 173 1458 738 1500; baseline 0.004 -11"><span class='ocrx_word' id='word_1_128' title='bbox 173 1460 216 1489; x_wconf 79' lang='lat'>50</span> <span class='ocrx_word' id='word_1_129' title='bbox 237 1458 374 1491; x_wconf 66' lang='lat' dir='ltr'>Secum</span> <span class='ocrx_word' id='word_1_130' title='bbox 386 1458 482 1500; x_wconf 82' lang='lat' dir='ltr'>olivo]</span> <span class='ocrx_word' id='word_1_131' title='bbox 506 1459 586 1491; x_wconf 90' lang='lat' dir='ltr'>Non</span> <span class='ocrx_word' id='word_1_132' title='bbox 601 1469 738 1492; x_wconf 82' lang='lat' dir='ltr'>curans.</span> 
     </span>
    </p>

    <p class='ocr_par' dir='ltr' id='par_1_5' title="bbox 125 1507 833 2100">
     <span class='ocr_line' id='line_1_24' title="bbox 172 1507 831 1550; baseline 0.005 -12"><span class='ocrx_word' id='word_1_133' title='bbox 172 1509 214 1538; x_wconf 81' lang='lat'>51</span> <span class='ocrx_word' id='word_1_134' title='bbox 239 1507 395 1549; x_wconf 78' lang='lat' dir='ltr'>Massica]</span> <span class='ocrx_word' id='word_1_135' title='bbox 419 1510 471 1541; x_wconf 86' lang='lat' dir='ltr'>De</span> <span class='ocrx_word' id='word_1_136' title='bbox 488 1509 557 1541; x_wconf 80' lang='lat' dir='ltr'>vini</span> <span class='ocrx_word' id='word_1_137' title='bbox 580 1509 721 1541; x_wconf 78' lang='lat' dir='ltr'>Massici</span> <span class='ocrx_word' id='word_1_138' title='bbox 743 1519 831 1550; x_wconf 81' lang='lat' dir='ltr'>prse-</span> 
     </span>
     <span class='ocr_line' id='line_1_25' title="bbox 128 1556 830 1598; baseline 0.006 -12"><span class='ocrx_word' id='word_1_139' title='bbox 128 1556 257 1587; x_wconf 80' lang='lat' dir='ltr'>stantia</span> <span class='ocrx_word' id='word_1_140' title='bbox 271 1562 353 1589; x_wconf 81' lang='lat' dir='ltr'>ante</span> <span class='ocrx_word' id='word_1_141' title='bbox 369 1558 537 1598; x_wconf 87' lang='lat' dir='ltr'>diximus;</span> <span class='ocrx_word' id='word_1_142' title='bbox 564 1559 710 1591; x_wconf 77' lang='lat' dir='ltr'>diximus</span> <span class='ocrx_word' id='word_1_143' title='bbox 726 1560 830 1591; x_wconf 83' lang='lat' dir='ltr'>etiam</span> 
     </span>
     <span class='ocr_line' id='line_1_26' title="bbox 129 1606 829 1651; baseline 0.004 -13"><span class='ocrx_word' id='word_1_144' title='bbox 129 1606 172 1638; x_wconf 85' lang='lat' dir='ltr'>de</span> <span class='ocrx_word' id='word_1_145' title='bbox 203 1606 374 1647; x_wconf 80' lang='lat' dir='ltr'>colatione</span> <span class='ocrx_word' id='word_1_146' title='bbox 404 1609 473 1639; x_wconf 83' lang='lat' dir='ltr'>vini</span> <span class='ocrx_word' id='word_1_147' title='bbox 498 1618 540 1640; x_wconf 79' lang='grc' dir='ltr'>ιι.</span> <span class='ocrx_word' id='word_1_148' title='bbox 564 1609 632 1641; x_wconf 90' lang='lat' dir='ltr'>Od.</span> <span class='ocrx_word' id='word_1_149' title='bbox 655 1613 707 1641; x_wconf 88' lang='grc'>11.</span> <span class='ocrx_word' id='word_1_150' title='bbox 733 1610 829 1651; x_wconf 89' lang='lat' dir='ltr'>hujus</span> 
     </span>
     <span class='ocr_line' id='line_1_27' title="bbox 128 1657 831 1698; baseline 0.004 -10"><span class='ocrx_word' id='word_1_151' title='bbox 128 1665 212 1698; x_wconf 71' lang='lat' dir='ltr'>ergo</span> <span class='ocrx_word' id='word_1_152' title='bbox 227 1657 294 1689; x_wconf 89' lang='lat' dir='ltr'>loci</span> <span class='ocrx_word' id='word_1_153' title='bbox 309 1659 482 1691; x_wconf 85' lang='lat' dir='ltr'>sententia</span> <span class='ocrx_word' id='word_1_154' title='bbox 503 1664 569 1698; x_wconf 83' lang='lat' dir='ltr'>est,</span> <span class='ocrx_word' id='word_1_155' title='bbox 589 1660 740 1692; x_wconf 84' lang='lat' dir='ltr'>Massica</span> <span class='ocrx_word' id='word_1_156' title='bbox 755 1659 831 1691; x_wconf 88' lang='lat' dir='ltr'>vina</span> 
     </span>
     <span class='ocr_line' id='line_1_28' title="bbox 129 1704 832 1749; baseline 0.003 -11"><span class='ocrx_word' id='word_1_157' title='bbox 129 1707 315 1748; x_wconf 81' lang='lat' dir='ltr'>corrumpi,</span> <span class='ocrx_word' id='word_1_158' title='bbox 331 1709 359 1739; x_wconf 87' lang='lat' dir='ltr'>si</span> <span class='ocrx_word' id='word_1_159' title='bbox 375 1709 451 1749; x_wconf 88' lang='lat' dir='ltr'>quis</span> <span class='ocrx_word' id='word_1_160' title='bbox 467 1718 530 1749; x_wconf 86' lang='lat' dir='ltr'>per</span> <span class='ocrx_word' id='word_1_161' title='bbox 544 1710 654 1740; x_wconf 91' lang='lat' dir='ltr'>colum</span> <span class='ocrx_word' id='word_1_162' title='bbox 671 1704 742 1740; x_wconf 63' lang='lat' dir='ltr'>sive</span> <span class='ocrx_word' id='word_1_163' title='bbox 758 1719 832 1740; x_wconf 89' lang='lat' dir='ltr'>sac·</span> 
     </span>
     <span class='ocr_line' id='line_1_29' title="bbox 129 1756 832 1798; baseline 0.004 -11"><span class='ocrx_word' id='word_1_164' title='bbox 129 1766 206 1788; x_wconf 85' lang='lat' dir='ltr'>eum</span> <span class='ocrx_word' id='word_1_165' title='bbox 223 1756 392 1788; x_wconf 81' lang='lat' dir='ltr'>vinarium</span> <span class='ocrx_word' id='word_1_166' title='bbox 414 1766 457 1789; x_wconf 85' lang='lat' dir='ltr'>ea</span> <span class='ocrx_word' id='word_1_167' title='bbox 480 1758 611 1798; x_wconf 87' lang='lat' dir='ltr'>liquare</span> <span class='ocrx_word' id='word_1_168' title='bbox 635 1763 771 1789; x_wconf 85' lang='lat' dir='ltr'>tentet:</span> <span class='ocrx_word' id='word_1_169' title='bbox 796 1762 832 1790; x_wconf 86' lang='lat' dir='ltr'>at</span> 
     </span>
     <span class='ocr_line' id='line_1_30' title="bbox 130 1806 831 1839; baseline 0.001 -1"><span class='ocrx_word' id='word_1_170' title='bbox 130 1815 212 1838; x_wconf 85' lang='lat' dir='ltr'>vero</span> <span class='ocrx_word' id='word_1_171' title='bbox 227 1806 500 1839; x_wconf 78' lang='lat' dir='ltr'>commodissime</span> <span class='ocrx_word' id='word_1_172' title='bbox 514 1808 692 1838; x_wconf 82' lang='lat' dir='ltr'>extenuari</span> <span class='ocrx_word' id='word_1_173' title='bbox 709 1813 743 1838; x_wconf 88' lang='lat' dir='ltr'>et</span> <span class='ocrx_word' id='word_1_174' title='bbox 759 1808 831 1839; x_wconf 88' lang='lat' dir='ltr'>sine</span> 
     </span>
     <span class='ocr_line' id='line_1_31' title="bbox 129 1857 833 1898; baseline 0 -10"><span class='ocrx_word' id='word_1_175' title='bbox 129 1866 233 1897; x_wconf 88' lang='lat' dir='ltr'>noxa,</span> <span class='ocrx_word' id='word_1_176' title='bbox 249 1857 278 1888; x_wconf 90' lang='lat' dir='ltr'>si</span> <span class='ocrx_word' id='word_1_177' title='bbox 299 1861 477 1889; x_wconf 82' lang='lat' dir='ltr'>nocturnae</span> <span class='ocrx_word' id='word_1_178' title='bbox 497 1864 714 1898; x_wconf 89' lang='lat' dir='ltr'>exponantur</span> <span class='ocrx_word' id='word_1_179' title='bbox 729 1867 833 1889; x_wconf 83' lang='lat' dir='ltr'>aurae.</span> 
     </span>
     <span class='ocr_line' id='line_1_32' title="bbox 129 1906 830 1950; baseline -0.004 -9"><span class='ocrx_word' id='word_1_180' title='bbox 129 1908 208 1942; x_wconf 82' lang='lat' dir='ltr'>Qua</span> <span class='ocrx_word' id='word_1_181' title='bbox 233 1907 277 1940; x_wconf 88' lang='lat' dir='ltr'>de</span> <span class='ocrx_word' id='word_1_182' title='bbox 299 1917 337 1939; x_wconf 87' lang='lat' dir='ltr'>re</span> <span class='ocrx_word' id='word_1_183' title='bbox 362 1906 552 1940; x_wconf 77' lang='lat' dir='ltr'>Athenaeus</span> <span class='ocrx_word' id='word_1_184' title='bbox 569 1917 701 1950; x_wconf 85' lang='lat' dir='ltr'>qnoque</span> <span class='ocrx_word' id='word_1_185' title='bbox 725 1907 782 1939; x_wconf 90' lang='lat' dir='ltr'>lib.</span> <span class='ocrx_word' id='word_1_186' title='bbox 805 1916 830 1939; x_wconf 83' lang='lat' dir='ltr'>t.</span> 
     </span>
     <span class='ocr_line' id='line_1_33' title="bbox 128 1958 832 1991; baseline -0.001 -1"><span class='ocrx_word' id='word_1_187' title='bbox 128 1963 165 1990; x_wconf 91' lang='lat' dir='ltr'>et</span> <span class='ocrx_word' id='word_1_188' title='bbox 181 1958 313 1990; x_wconf 77' lang='lat' dir='ltr'><strong>Plinius</strong></span> <span class='ocrx_word' id='word_1_189' title='bbox 329 1967 408 1991; x_wconf 72' lang='lat' dir='ltr'>xm</span> <span class='ocrx_word' id='word_1_190' title='bbox 421 1961 476 1990; x_wconf 80' lang='lat'>21.</span> <span class='ocrx_word' id='word_1_191' title='bbox 502 1958 644 1990; x_wconf 76' lang='lat' dir='ltr'>Tomnt.</span> <span class='ocrx_word' id='word_1_192' title='bbox 689 1958 832 1989; x_wconf 82' lang='lat' dir='ltr'>Massica</span> 
     </span>
     <span class='ocr_line' id='line_1_34' title="bbox 125 2009 831 2051; baseline 0 -9"><span class='ocrx_word' id='word_1_193' title='bbox 125 2009 169 2050; x_wconf 80' lang='lat' dir='ltr'>si]</span> <span class='ocrx_word' id='word_1_194' title='bbox 199 2009 292 2042; x_wconf 82' lang='lat' dir='ltr'>Vina</span> <span class='ocrx_word' id='word_1_195' title='bbox 317 2009 449 2051; x_wconf 81' lang='lat' dir='ltr'>optima</span> <span class='ocrx_word' id='word_1_196' title='bbox 476 2009 509 2041; x_wconf 91' lang='lat' dir='ltr'>in</span> <span class='ocrx_word' id='word_1_197' title='bbox 537 2015 653 2042; x_wconf 88' lang='lat' dir='ltr'>monte</span> <span class='ocrx_word' id='word_1_198' title='bbox 679 2010 831 2042; x_wconf 83' lang='lat' dir='ltr'>Massico</span> 
     </span>
     <span class='ocr_line' id='line_1_35' title="bbox 127 2058 493 2100; baseline 0.003 -9"><span class='ocrx_word' id='word_1_199' title='bbox 127 2063 221 2100; x_wconf 81' lang='lat' dir='ltr'>nata,</span> <span class='ocrx_word' id='word_1_200' title='bbox 237 2058 315 2091; x_wconf 82' lang='lat' dir='ltr'>vide</span> <span class='ocrx_word' id='word_1_201' title='bbox 331 2068 358 2092; x_wconf 90' lang='lat'>1.</span> <span class='ocrx_word' id='word_1_202' title='bbox 374 2058 444 2091; x_wconf 91' lang='lat' dir='ltr'>Od.</span> <span class='ocrx_word' id='word_1_203' title='bbox 462 2061 493 2092; x_wconf 91' lang='lat'>1.</span> 
     </span>
    </p>

    <p class='ocr_par' dir='ltr' id='par_1_6' title="bbox 170 2108 660 2150">
     <span class='ocr_line' id='line_1_36' title="bbox 170 2108 660 2150; baseline 0.004 -10"><span class='ocrx_word' id='word_1_204' title='bbox 170 2111 212 2141; x_wconf 73' lang='lat'>53</span> <span class='ocrx_word' id='word_1_205' title='bbox 239 2109 287 2141; x_wconf 76' lang='lat' dir='ltr'>At</span> <span class='ocrx_word' id='word_1_206' title='bbox 300 2108 372 2150; x_wconf 69' lang='lat' dir='ltr'>illa]</span> <span class='ocrx_word' id='word_1_207' title='bbox 396 2109 486 2140; x_wconf 86' lang='lat' dir='ltr'>Vina</span> <span class='ocrx_word' id='word_1_208' title='bbox 500 2109 660 2142; x_wconf 84' lang='lat' dir='ltr'>Massica.</span> 
     </span>
    </p>

    <p class='ocr_par' dir='ltr' id='par_1_7' title="bbox 125 2159 830 2251">
     <span class='ocr_line' id='line_1_37' title="bbox 168 2159 830 2202; baseline 0.002 -11"><span class='ocrx_word' id='word_1_209' title='bbox 168 2162 211 2192; x_wconf 73' lang='lat'>54</span> <span class='ocrx_word' id='word_1_210' title='bbox 239 2159 362 2192; x_wconf 65' lang='lat' dir='ltr'>Vitiata</span> <span class='ocrx_word' id='word_1_211' title='bbox 375 2160 531 2202; x_wconf 77' lang='lat' dir='ltr'>saporem]</span> <span class='ocrx_word' id='word_1_212' title='bbox 559 2160 669 2192; x_wconf 86' lang='lat' dir='ltr'>Lineo</span> <span class='ocrx_word' id='word_1_213' title='bbox 691 2161 830 2192; x_wconf 82' lang='lat' dir='ltr'>sacculo</span> 
     </span>
     <span class='ocr_line' id='line_1_38' title="bbox 125 2210 314 2251; baseline 0 -10"><span class='ocrx_word' id='word_1_214' title='bbox 125 2210 314 2251; x_wconf 78' lang='lat' dir='ltr'>percolata.</span> 
     </span>
    </p>

    <p class='ocr_par' dir='ltr' id='par_1_8' title="bbox 122 2257 830 2640">
     <span class='ocr_line' id='line_1_39' title="bbox 165 2257 830 2301; baseline 0 -10"><span class='ocrx_word' id='word_1_215' title='bbox 165 2262 207 2291; x_wconf 82' lang='lat'>55</span> <span class='ocrx_word' id='word_1_216' title='bbox 219 2257 425 2299; x_wconf 62' lang='lat' dir='ltr'>Surrentina]</span> <span class='ocrx_word' id='word_1_217' title='bbox 441 2258 564 2289; x_wconf 82' lang='lat' dir='ltr'>Vinum</span> <span class='ocrx_word' id='word_1_218' title='bbox 575 2258 830 2301; x_wconf 81' lang='lat' dir='ltr'>Surrentinum,</span> 
     </span>
     <span class='ocr_line' id='line_1_40' title="bbox 123 2308 828 2349; baseline 0 -8"><span class='ocrx_word' id='word_1_219' title='bbox 123 2308 170 2341; x_wconf 87' lang='lat' dir='ltr'>ob</span> <span class='ocrx_word' id='word_1_220' title='bbox 198 2309 420 2341; x_wconf 58' lang='lat' dir='ltr'>acerbitatem</span> <span class='ocrx_word' id='word_1_221' title='bbox 453 2318 543 2349; x_wconf 83' lang='lat' dir='ltr'>aegre</span> <span class='ocrx_word' id='word_1_222' title='bbox 579 2314 828 2346; x_wconf 78' lang='lat' dir='ltr'>maturescens,</span> 
     </span>
     <span class='ocr_line' id='line_1_41' title="bbox 123 2357 829 2399; baseline -0.003 -8"><span class='ocrx_word' id='word_1_223' title='bbox 123 2367 194 2391; x_wconf 86' lang='lat' dir='ltr'>non</span> <span class='ocrx_word' id='word_1_224' title='bbox 220 2362 300 2389; x_wconf 79' lang='lat' dir='ltr'>ante</span> <span class='ocrx_word' id='word_1_225' title='bbox 329 2367 453 2388; x_wconf 82' lang='lat' dir='ltr'>annum</span> <span class='ocrx_word' id='word_1_226' title='bbox 476 2357 631 2399; x_wconf 88' lang='lat' dir='ltr'>quintum</span> <span class='ocrx_word' id='word_1_227' title='bbox 654 2363 691 2388; x_wconf 87' lang='lat' dir='ltr'>et</span> <span class='ocrx_word' id='word_1_228' title='bbox 707 2359 829 2399; x_wconf 84' lang='lat' dir='ltr'>vigesi-</span> 
     </span>
     <span class='ocr_line' id='line_1_42' title="bbox 123 2406 828 2448; baseline -0.001 -8"><span class='ocrx_word' id='word_1_229' title='bbox 123 2417 216 2440; x_wconf 85' lang='lat' dir='ltr'>mum</span> <span class='ocrx_word' id='word_1_230' title='bbox 230 2406 458 2448; x_wconf 78' lang='lat' dir='ltr'>probabatur3</span> <span class='ocrx_word' id='word_1_231' title='bbox 479 2406 565 2437; x_wconf 89' lang='lat' dir='ltr'>utile</span> <span class='ocrx_word' id='word_1_232' title='bbox 586 2408 828 2439; x_wconf 82' lang='lat' dir='ltr'>convalescen-</span> 
     </span>
     <span class='ocr_line' id='line_1_43' title="bbox 124 2456 830 2498; baseline -0.001 -9"><span class='ocrx_word' id='word_1_233' title='bbox 124 2458 228 2494; x_wconf 80' lang='lat' dir='ltr'>tibus,</span> <span class='ocrx_word' id='word_1_234' title='bbox 237 2456 282 2488; x_wconf 90' lang='lat' dir='ltr'>ob</span> <span class='ocrx_word' id='word_1_235' title='bbox 295 2456 499 2488; x_wconf 84' lang='lat' dir='ltr'>tenuitatem</span> <span class='ocrx_word' id='word_1_236' title='bbox 513 2456 830 2498; x_wconf 79' lang='lat' dir='ltr'>salubritatemque.</span> 
     </span>
     <span class='ocr_line' id='line_1_44' title="bbox 122 2501 827 2540; baseline 0 0"><span class='ocrx_word' id='word_1_237' title='bbox 122 2507 273 2540; x_wconf 82' lang='lat' dir='ltr'>Turneb.</span> <span class='ocrx_word' id='word_1_238' title='bbox 289 2516 316 2538; x_wconf 83' lang='lat'>1.</span> <span class='ocrx_word' id='word_1_239' title='bbox 331 2501 384 2539; x_wconf 75' lang='grc'>24.</span> <span class='ocrx_word' id='word_1_240' title='bbox 420 2506 477 2538; x_wconf 91' lang='lat' dir='ltr'>De</span> <span class='ocrx_word' id='word_1_241' title='bbox 493 2506 698 2538; x_wconf 86' lang='lat' dir='ltr'>Surrentino</span> <span class='ocrx_word' id='word_1_242' title='bbox 714 2512 827 2540; x_wconf 85' lang='lat' dir='ltr'>antem</span> 
     </span>
     <span class='ocr_line' id='line_1_45' title="bbox 124 2556 829 2599; baseline 0.001 -9"><span class='ocrx_word' id='word_1_243' title='bbox 124 2557 326 2598; x_wconf 66' lang='lat' dir='ltr'>Athenaeus,</span> <span class='ocrx_word' id='word_1_244' title='bbox 347 2556 580 2599; x_wconf 79' lang='lat' dir='ltr'>Dioscorides,</span> <span class='ocrx_word' id='word_1_245' title='bbox 599 2557 732 2590; x_wconf 85' lang='lat' dir='ltr'>Plinius</span> <span class='ocrx_word' id='word_1_246' title='bbox 748 2567 829 2591; x_wconf 81' lang='lat' dir='ltr'>xrv.</span> 
     </span>
     <span class='ocr_line' id='line_1_46' title="bbox 124 2607 331 2640; baseline -0.01 0"><span class='ocrx_word' id='word_1_247' title='bbox 124 2610 158 2640; x_wconf 81' lang='lat'>6.</span> <span class='ocrx_word' id='word_1_248' title='bbox 184 2607 331 2639; x_wconf 70' lang='lat' dir='ltr'>Torreat.</span> 
     </span>
    </p>

    <p class='ocr_par' dir='ltr' id='par_1_9' title="bbox 166 2656 548 2698">
     <span class='ocr_line' id='line_1_47' title="bbox 166 2656 548 2698; baseline 0.003 -9"><span class='ocrx_word' id='word_1_249' title='bbox 166 2659 210 2689; x_wconf 80' lang='lat'>66</span> <span class='ocrx_word' id='word_1_250' title='bbox 231 2657 372 2698; x_wconf 73' lang='lat' dir='ltr'>Limum]</span> <span class='ocrx_word' id='word_1_251' title='bbox 398 2656 548 2690; x_wconf 87' lang='lat' dir='ltr'>Faecem.</span> 
     </span>
    </p>

    <p class='ocr_par' dir='ltr' id='par_1_10' title="bbox 122 2706 826 2902">
     <span class='ocr_line' id='line_1_48' title="bbox 165 2706 826 2748; baseline 0.002 -9"><span class='ocrx_word' id='word_1_252' title='bbox 165 2709 208 2739; x_wconf 80' lang='grc'>67</span> <span class='ocrx_word' id='word_1_253' title='bbox 235 2707 398 2743; x_wconf 67' lang='lat' dir='ltr'>Quatenus</span> <span class='ocrx_word' id='word_1_254' title='bbox 411 2706 585 2748; x_wconf 76' lang='lat' dir='ltr'>impetit]</span> <span class='ocrx_word' id='word_1_255' title='bbox 609 2708 776 2741; x_wconf 86' lang='lat' dir='ltr'>Quoniam</span> <span class='ocrx_word' id='word_1_256' title='bbox 793 2709 826 2740; x_wconf 92' lang='lat' dir='ltr'>in</span> 
     </span>
     <span class='ocr_line' id='line_1_49' title="bbox 124 2757 826 2791; baseline 0.001 -1"><span class='ocrx_word' id='word_1_257' title='bbox 124 2757 268 2790; x_wconf 83' lang='lat' dir='ltr'>fundum</span> <span class='ocrx_word' id='word_1_258' title='bbox 284 2757 414 2790; x_wconf 84' lang='lat' dir='ltr'>decidit</span> <span class='ocrx_word' id='word_1_259' title='bbox 431 2757 577 2790; x_wconf 85' lang='lat' dir='ltr'>vitellus.</span> <span class='ocrx_word' id='word_1_260' title='bbox 607 2758 737 2791; x_wconf 82' lang='lat' dir='ltr'>Volvens</span> <span class='ocrx_word' id='word_1_261' title='bbox 751 2759 826 2791; x_wconf 79' lang='lat' dir='ltr'>alie-</span> 
     </span>
     <span class='ocr_line' id='line_1_50' title="bbox 122 2806 826 2848; baseline 0.003 -9"><span class='ocrx_word' id='word_1_262' title='bbox 122 2819 164 2840; x_wconf 82' lang='lat' dir='ltr'>na</span> <span class='ocrx_word' id='word_1_263' title='bbox 178 2806 316 2848; x_wconf 78' lang='lat' dir='ltr'>vitellus]</span> <span class='ocrx_word' id='word_1_264' title='bbox 339 2807 526 2840; x_wconf 86' lang='lat' dir='ltr'>Deducens</span> <span class='ocrx_word' id='word_1_265' title='bbox 542 2808 655 2841; x_wconf 84' lang='lat' dir='ltr'>aliena</span> <span class='ocrx_word' id='word_1_266' title='bbox 670 2819 691 2841; x_wconf 86' lang='lat' dir='ltr'>a</span> <span class='ocrx_word' id='word_1_267' title='bbox 707 2814 826 2842; x_wconf 82' lang='lat' dir='ltr'>natura</span> 
     </span>
     <span class='ocr_line' id='line_1_51' title="bbox 123 2858 824 2902; baseline 0.004 -12"><span class='ocrx_word' id='word_1_268' title='bbox 123 2859 204 2900; x_wconf 87' lang='lat' dir='ltr'>vini,</span> <span class='ocrx_word' id='word_1_269' title='bbox 219 2859 253 2891; x_wconf 90' lang='lat' dir='ltr'>id</span> <span class='ocrx_word' id='word_1_270' title='bbox 269 2864 335 2901; x_wconf 83' lang='lat' dir='ltr'>est,</span> <span class='ocrx_word' id='word_1_271' title='bbox 351 2858 467 2891; x_wconf 79' lang='lat' dir='ltr'>faeces.</span> <span class='ocrx_word' id='word_1_272' title='bbox 508 2858 683 2899; x_wconf 78' lang='lat' dir='ltr'>[Quatinus</span> <span class='ocrx_word' id='word_1_273' title='bbox 699 2861 761 2892; x_wconf 81' lang='lat' dir='ltr'>inm</span> <span class='ocrx_word' id='word_1_274' title='bbox 772 2871 824 2902; x_wconf 82' lang='lat' dir='ltr'>pe-</span> 
     </span>
    </p>
   </div>
   <div class='ocr_carea' id='block_1_3' title="bbox 1471 303 1585 345">
    <p class='ocr_par' dir='ltr' id='par_1_11' title="bbox 1471 303 1585 345">
     <span class='ocr_line' id='line_1_52' title="bbox 1471 303 1585 345; baseline 0.018 -2"><span class='ocrx_word' id='word_1_275' title='bbox 1471 303 1585 345; x_wconf 76' lang='lat'><strong>1723</strong></span> 
     </span>
    </p>
   </div>
   <div class='ocr_carea' id='block_1_4' title="bbox 884 406 1585 499">
    <p class='ocr_par' dir='ltr' id='par_1_12' title="bbox 884 406 1585 499">
     <span class='ocr_line' id='line_1_53' title="bbox 884 406 1582 440; baseline 0 -1"><span class='ocrx_word' id='word_1_276' title='bbox 884 410 932 439; x_wconf 76' lang='lat' dir='ltr'>cae</span> <span class='ocrx_word' id='word_1_277' title='bbox 949 407 1030 439; x_wconf 83' lang='lat' dir='ltr'>Vat.</span> <span class='ocrx_word' id='word_1_278' title='bbox 1046 410 1077 439; x_wconf 89' lang='grc'>1.</span> <span class='ocrx_word' id='word_1_279' title='bbox 1093 417 1111 439; x_wconf 83' lang='lat' dir='ltr'>a</span> <span class='ocrx_word' id='word_1_280' title='bbox 1127 416 1170 440; x_wconf 88' lang='lat' dir='ltr'>m.</span> <span class='ocrx_word' id='word_1_281' title='bbox 1185 416 1255 439; x_wconf 76' lang='lat' dir='ltr'>sec.</span> <span class='ocrx_word' id='word_1_282' title='bbox 1275 407 1371 439; x_wconf 72' lang='lat' dir='ltr'>Vsu.</span> <span class='ocrx_word' id='word_1_283' title='bbox 1387 406 1484 438; x_wconf 88' lang='lat' dir='ltr'>Rom.</span> <span class='ocrx_word' id='word_1_284' title='bbox 1502 410 1533 439; x_wconf 90' lang='lat'>1.</span> <span class='ocrx_word' id='word_1_285' title='bbox 1550 411 1582 439; x_wconf 84' lang='lat'>8.</span> 
     </span>
     <span class='ocr_line' id='line_1_54' title="bbox 884 456 1585 499; baseline 0.001 -11"><span class='ocrx_word' id='word_1_286' title='bbox 884 462 920 488; x_wconf 87' lang='lat' dir='ltr'>et</span> <span class='ocrx_word' id='word_1_287' title='bbox 947 460 1000 490; x_wconf 88' lang='grc'>10.</span> <span class='ocrx_word' id='word_1_288' title='bbox 1022 467 1042 488; x_wconf 85' lang='lat' dir='ltr'>a</span> <span class='ocrx_word' id='word_1_289' title='bbox 1057 467 1102 490; x_wconf 89' lang='lat' dir='ltr'>m.</span> <span class='ocrx_word' id='word_1_290' title='bbox 1127 467 1199 490; x_wconf 89' lang='lat' dir='ltr'>sec.</span> <span class='ocrx_word' id='word_1_291' title='bbox 1225 457 1376 499; x_wconf 87' lang='lat' dir='ltr'>aliusque</span> <span class='ocrx_word' id='word_1_292' title='bbox 1394 456 1503 489; x_wconf 86' lang='lat' dir='ltr'>codex</span> <span class='ocrx_word' id='word_1_293' title='bbox 1527 467 1585 498; x_wconf 59' lang='grc' dir='ltr'>ἃμ</span> 
     </span>
    </p>
   </div>
   <div class='ocr_carea' id='block_1_5' title="bbox 875 506 1588 2900">
    <p class='ocr_par' dir='ltr' id='par_1_13' title="bbox 884 506 1014 548">
     <span class='ocr_line' id='line_1_55' title="bbox 884 506 1014 548; baseline -0.008 -10"><span class='ocrx_word' id='word_1_294' title='bbox 884 506 1014 548; x_wconf 89' lang='lat' dir='ltr'>Pulm.]</span> 
     </span>
    </p>

    <p class='ocr_par' dir='ltr' id='par_1_14' title="bbox 879 555 1588 1887">
     <span class='ocr_line' id='line_1_56' title="bbox 926 555 1583 598; baseline 0.002 -11"><span class='ocrx_word' id='word_1_295' title='bbox 926 558 969 587; x_wconf 75' lang='lat'>58</span> <span class='ocrx_word' id='word_1_296' title='bbox 1002 555 1106 588; x_wconf 63' lang='lat' dir='ltr'>Tosne</span> <span class='ocrx_word' id='word_1_297' title='bbox 1135 559 1323 588; x_wconf 72' lang='lat' dir='ltr'>marcentem</span> <span class='ocrx_word' id='word_1_298' title='bbox 1352 555 1490 598; x_wconf 70' lang='lat' dir='ltr'>squillis]</span> <span class='ocrx_word' id='word_1_299' title='bbox 1526 556 1583 588; x_wconf 85' lang='lat' dir='ltr'>In·</span> 
     </span>
     <span class='ocr_line' id='line_1_57' title="bbox 883 607 1585 648; baseline 0.006 -13"><span class='ocrx_word' id='word_1_300' title='bbox 883 609 1015 636; x_wconf 80' lang='lat' dir='ltr'>structa</span> <span class='ocrx_word' id='word_1_301' title='bbox 1027 610 1212 648; x_wconf 90' lang='lat' dir='ltr'>utcumque</span> <span class='ocrx_word' id='word_1_302' title='bbox 1221 607 1294 648; x_wconf 84' lang='lat' dir='ltr'>jam</span> <span class='ocrx_word' id='word_1_303' title='bbox 1309 617 1419 647; x_wconf 88' lang='lat' dir='ltr'>coena,</span> <span class='ocrx_word' id='word_1_304' title='bbox 1431 616 1585 648; x_wconf 77' lang='lat' dir='ltr'>praecep-</span> 
     </span>
     <span class='ocr_line' id='line_1_58' title="bbox 884 656 1586 698; baseline 0.003 -11"><span class='ocrx_word' id='word_1_305' title='bbox 884 659 917 687; x_wconf 81' lang='lat' dir='ltr'>ta</span> <span class='ocrx_word' id='word_1_306' title='bbox 933 656 1101 697; x_wconf 83' lang='lat' dir='ltr'>adjungit,</span> <span class='ocrx_word' id='word_1_307' title='bbox 1122 657 1243 698; x_wconf 88' lang='lat' dir='ltr'>quibus</span> <span class='ocrx_word' id='word_1_308' title='bbox 1266 658 1373 689; x_wconf 75' lang='lat' dir='ltr'>lassus</span> <span class='ocrx_word' id='word_1_309' title='bbox 1397 657 1494 690; x_wconf 80' lang='lat' dir='ltr'>refici</span> <span class='ocrx_word' id='word_1_310' title='bbox 1517 662 1586 689; x_wconf 90' lang='lat' dir='ltr'>sto-</span> 
     </span>
     <span class='ocr_line' id='line_1_59' title="bbox 883 706 1587 749; baseline 0.006 -13"><span class='ocrx_word' id='word_1_311' title='bbox 883 706 1019 737; x_wconf 90' lang='lat' dir='ltr'>machus</span> <span class='ocrx_word' id='word_1_312' title='bbox 1036 707 1165 746; x_wconf 77' lang='lat' dir='ltr'>possit:</span> <span class='ocrx_word' id='word_1_313' title='bbox 1189 712 1326 748; x_wconf 90' lang='lat' dir='ltr'>utputa</span> <span class='ocrx_word' id='word_1_314' title='bbox 1337 708 1479 749; x_wconf 75' lang='lat' dir='ltr'>squillis,</span> <span class='ocrx_word' id='word_1_315' title='bbox 1494 718 1587 740; x_wconf 82' lang='lat' dir='ltr'>max·</span> 
     </span>
     <span class='ocr_line' id='line_1_60' title="bbox 883 755 1585 797; baseline 0.007 -12"><span class='ocrx_word' id='word_1_316' title='bbox 883 755 948 785; x_wconf 89' lang='lat' dir='ltr'>ime</span> <span class='ocrx_word' id='word_1_317' title='bbox 965 756 992 786; x_wconf 89' lang='lat' dir='ltr'>si</span> <span class='ocrx_word' id='word_1_318' title='bbox 1011 759 1111 787; x_wconf 81' lang='lat' dir='ltr'>tostae</span> <span class='ocrx_word' id='word_1_319' title='bbox 1135 764 1364 797; x_wconf 83' lang='lat' dir='ltr'>apponantur,</span> <span class='ocrx_word' id='word_1_320' title='bbox 1379 763 1415 789; x_wconf 87' lang='lat' dir='ltr'>et</span> <span class='ocrx_word' id='word_1_321' title='bbox 1435 759 1585 790; x_wconf 84' lang='lat' dir='ltr'>cochleis</span> 
     </span>
     <span class='ocr_line' id='line_1_61' title="bbox 882 807 1586 849; baseline 0.007 -14"><span class='ocrx_word' id='word_1_322' title='bbox 882 814 958 846; x_wconf 88' lang='lat' dir='ltr'>quae</span> <span class='ocrx_word' id='word_1_323' title='bbox 990 810 1144 845; x_wconf 86' lang='lat' dir='ltr'>potorem</span> <span class='ocrx_word' id='word_1_324' title='bbox 1176 807 1352 838; x_wconf 85' lang='lat' dir='ltr'>excitent:</span> <span class='ocrx_word' id='word_1_325' title='bbox 1394 817 1505 849; x_wconf 87' lang='lat' dir='ltr'>neque</span> <span class='ocrx_word' id='word_1_326' title='bbox 1531 809 1586 840; x_wconf 91' lang='lat' dir='ltr'>hic</span> 
     </span>
     <span class='ocr_line' id='line_1_62' title="bbox 883 854 1587 896; baseline 0.004 -11"><span class='ocrx_word' id='word_1_327' title='bbox 883 859 951 886; x_wconf 86' lang='lat' dir='ltr'>tam</span> <span class='ocrx_word' id='word_1_328' title='bbox 975 854 1084 895; x_wconf 84' lang='lat' dir='ltr'>pretio</span> <span class='ocrx_word' id='word_1_329' title='bbox 1108 864 1193 895; x_wconf 89' lang='lat' dir='ltr'>opus</span> <span class='ocrx_word' id='word_1_330' title='bbox 1212 859 1276 892; x_wconf 86' lang='lat' dir='ltr'>est,</span> <span class='ocrx_word' id='word_1_331' title='bbox 1291 865 1392 896; x_wconf 88' lang='lat' dir='ltr'>quam</span> <span class='ocrx_word' id='word_1_332' title='bbox 1409 856 1478 888; x_wconf 89' lang='lat' dir='ltr'>cibi</span> <span class='ocrx_word' id='word_1_333' title='bbox 1493 859 1587 888; x_wconf 85' lang='lat' dir='ltr'>novi·</span> 
     </span>
     <span class='ocr_line' id='line_1_63' title="bbox 883 905 1584 948; baseline 0.004 -12"><span class='ocrx_word' id='word_1_334' title='bbox 883 907 966 944; x_wconf 83' lang='lat' dir='ltr'>tate,</span> <span class='ocrx_word' id='word_1_335' title='bbox 982 911 1017 936; x_wconf 89' lang='lat' dir='ltr'>et</span> <span class='ocrx_word' id='word_1_336' title='bbox 1034 905 1177 936; x_wconf 77' lang='lat' dir='ltr'>levitate</span> <span class='ocrx_word' id='word_1_337' title='bbox 1194 906 1316 947; x_wconf 81' lang='lat' dir='ltr'>aliqua,</span> <span class='ocrx_word' id='word_1_338' title='bbox 1333 916 1408 948; x_wconf 82' lang='lat' dir='ltr'>quae</span> <span class='ocrx_word' id='word_1_339' title='bbox 1425 916 1584 939; x_wconf 80' lang='lat' dir='ltr'>nauseam</span> 
     </span>
     <span class='ocr_line' id='line_1_64' title="bbox 883 956 1585 998; baseline 0.006 -12"><span class='ocrx_word' id='word_1_340' title='bbox 883 956 1059 997; x_wconf 88' lang='lat' dir='ltr'>reprimat.</span> <span class='ocrx_word' id='word_1_341' title='bbox 1105 957 1194 988; x_wconf 90' lang='lat' dir='ltr'>Nam</span> <span class='ocrx_word' id='word_1_342' title='bbox 1212 958 1302 998; x_wconf 88' lang='lat' dir='ltr'>qnod</span> <span class='ocrx_word' id='word_1_343' title='bbox 1324 958 1468 990; x_wconf 84' lang='lat' dir='ltr'>lactucis</span> <span class='ocrx_word' id='word_1_344' title='bbox 1488 958 1531 989; x_wconf 88' lang='lat' dir='ltr'>ad</span> <span class='ocrx_word' id='word_1_345' title='bbox 1550 958 1585 990; x_wconf 88' lang='lat' dir='ltr'>id</span> 
     </span>
     <span class='ocr_line' id='line_1_65' title="bbox 882 1007 1587 1049; baseline 0.003 -11"><span class='ocrx_word' id='word_1_346' title='bbox 882 1007 1080 1046; x_wconf 89' lang='lat' dir='ltr'>utebantur,</span> <span class='ocrx_word' id='word_1_347' title='bbox 1103 1017 1179 1048; x_wconf 84' lang='lat' dir='ltr'>qnae</span> <span class='ocrx_word' id='word_1_348' title='bbox 1205 1007 1271 1038; x_wconf 87' lang='lat' dir='ltr'>vini</span> <span class='ocrx_word' id='word_1_349' title='bbox 1293 1008 1359 1039; x_wconf 89' lang='lat' dir='ltr'>vim</span> <span class='ocrx_word' id='word_1_350' title='bbox 1377 1007 1587 1049; x_wconf 81' lang='lat' dir='ltr'>frangerent,</span> 
     </span>
     <span class='ocr_line' id='line_1_66' title="bbox 883 1058 1585 1099; baseline 0.004 -10"><span class='ocrx_word' id='word_1_351' title='bbox 883 1067 922 1089; x_wconf 87' lang='lat' dir='ltr'>ac</span> <span class='ocrx_word' id='word_1_352' title='bbox 938 1059 1089 1099; x_wconf 79' lang='lat' dir='ltr'>crapulae</span> <span class='ocrx_word' id='word_1_353' title='bbox 1112 1058 1335 1098; x_wconf 84' lang='lat' dir='ltr'>resisterent3</span> <span class='ocrx_word' id='word_1_354' title='bbox 1360 1059 1500 1091; x_wconf 85' lang='lat' dir='ltr'>damnat</span> <span class='ocrx_word' id='word_1_355' title='bbox 1522 1060 1585 1092; x_wconf 90' lang='lat' dir='ltr'>hoc</span> 
     </span>
     <span class='ocr_line' id='line_1_67' title="bbox 883 1108 1585 1147; baseline 0.003 -8"><span class='ocrx_word' id='word_1_356' title='bbox 883 1108 1015 1147; x_wconf 86' lang='lat' dir='ltr'>Catius,</span> <span class='ocrx_word' id='word_1_357' title='bbox 1045 1118 1106 1140; x_wconf 86' lang='lat' dir='ltr'>nec</span> <span class='ocrx_word' id='word_1_358' title='bbox 1138 1109 1321 1140; x_wconf 88' lang='lat' dir='ltr'>immerito.</span> <span class='ocrx_word' id='word_1_359' title='bbox 1377 1109 1463 1141; x_wconf 88' lang='lat' dir='ltr'>Inde</span> <span class='ocrx_word' id='word_1_360' title='bbox 1497 1110 1585 1141; x_wconf 77' lang='lat' dir='ltr'>enim</span> 
     </span>
     <span class='ocr_line' id='line_1_68' title="bbox 882 1156 1588 1200; baseline 0.003 -12"><span class='ocrx_word' id='word_1_361' title='bbox 882 1156 1012 1190; x_wconf 85' lang='lat' dir='ltr'>factum</span> <span class='ocrx_word' id='word_1_362' title='bbox 1027 1163 1094 1196; x_wconf 88' lang='lat' dir='ltr'>est,</span> <span class='ocrx_word' id='word_1_363' title='bbox 1110 1163 1147 1189; x_wconf 87' lang='lat' dir='ltr'>ut</span> <span class='ocrx_word' id='word_1_364' title='bbox 1162 1159 1332 1190; x_wconf 89' lang='lat' dir='ltr'>communi</span> <span class='ocrx_word' id='word_1_365' title='bbox 1346 1159 1492 1200; x_wconf 86' lang='lat' dir='ltr'>quodam</span> <span class='ocrx_word' id='word_1_366' title='bbox 1505 1169 1588 1192; x_wconf 91' lang='lat' dir='ltr'>con-</span> 
     </span>
     <span class='ocr_line' id='line_1_69' title="bbox 883 1209 1585 1246; baseline 0.001 -6"><span class='ocrx_word' id='word_1_367' title='bbox 883 1219 983 1240; x_wconf 89' lang='lat' dir='ltr'>sensu</span> <span class='ocrx_word' id='word_1_368' title='bbox 1011 1209 1173 1241; x_wconf 87' lang='lat' dir='ltr'>claudere</span> <span class='ocrx_word' id='word_1_369' title='bbox 1203 1219 1334 1241; x_wconf 84' lang='lat' dir='ltr'>coenam</span> <span class='ocrx_word' id='word_1_370' title='bbox 1365 1211 1476 1246; x_wconf 84' lang='lat' dir='ltr'>solita,</span> <span class='ocrx_word' id='word_1_371' title='bbox 1507 1220 1585 1242; x_wconf 83' lang='lat' dir='ltr'>mox</span> 
     </span>
     <span class='ocr_line' id='line_1_70' title="bbox 883 1260 1585 1301; baseline 0.001 -10"><span class='ocrx_word' id='word_1_372' title='bbox 883 1260 982 1291; x_wconf 89' lang='lat' dir='ltr'>initio</span> <span class='ocrx_word' id='word_1_373' title='bbox 1007 1265 1139 1291; x_wconf 86' lang='lat' dir='ltr'>tantum</span> <span class='ocrx_word' id='word_1_374' title='bbox 1161 1265 1357 1301; x_wconf 79' lang='lat' dir='ltr'>poneretur.</span> <span class='ocrx_word' id='word_1_375' title='bbox 1403 1260 1510 1292; x_wconf 83' lang='lat' dir='ltr'>Addit</span> <span class='ocrx_word' id='word_1_376' title='bbox 1526 1270 1585 1292; x_wconf 91' lang='lat' dir='ltr'>ne-</span> 
     </span>
     <span class='ocr_line' id='line_1_71' title="bbox 883 1311 1585 1343; baseline 0.001 -2"><span class='ocrx_word' id='word_1_377' title='bbox 883 1311 1006 1342; x_wconf 88' lang='lat' dir='ltr'>minem</span> <span class='ocrx_word' id='word_1_378' title='bbox 1031 1311 1144 1342; x_wconf 87' lang='lat' dir='ltr'>mirari</span> <span class='ocrx_word' id='word_1_379' title='bbox 1165 1311 1293 1343; x_wconf 84' lang='lat' dir='ltr'>debere</span> <span class='ocrx_word' id='word_1_380' title='bbox 1317 1311 1507 1343; x_wconf 84' lang='lat' dir='ltr'>istiusmodi</span> <span class='ocrx_word' id='word_1_381' title='bbox 1532 1319 1585 1342; x_wconf 85' lang='lat' dir='ltr'>re-</span> 
     </span>
     <span class='ocr_line' id='line_1_72' title="bbox 885 1359 1586 1400; baseline -0.001 -9"><span class='ocrx_word' id='word_1_382' title='bbox 885 1361 946 1391; x_wconf 87' lang='lat' dir='ltr'>bus</span> <span class='ocrx_word' id='word_1_383' title='bbox 963 1360 1188 1392; x_wconf 87' lang='lat' dir='ltr'>ventriculum</span> <span class='ocrx_word' id='word_1_384' title='bbox 1205 1362 1365 1399; x_wconf 87' lang='lat' dir='ltr'>recreari,</span> <span class='ocrx_word' id='word_1_385' title='bbox 1378 1369 1454 1392; x_wconf 89' lang='lat' dir='ltr'>cnm</span> <span class='ocrx_word' id='word_1_386' title='bbox 1472 1359 1586 1400; x_wconf 82' lang='lat' dir='ltr'>pernis</span> 
     </span>
     <span class='ocr_line' id='line_1_73' title="bbox 883 1409 1585 1452; baseline -0.004 -10"><span class='ocrx_word' id='word_1_387' title='bbox 883 1419 1016 1452; x_wconf 88' lang='lat' dir='ltr'>quoque</span> <span class='ocrx_word' id='word_1_388' title='bbox 1032 1414 1067 1440; x_wconf 86' lang='lat' dir='ltr'>et</span> <span class='ocrx_word' id='word_1_389' title='bbox 1082 1409 1171 1441; x_wconf 90' lang='lat' dir='ltr'>hillis</span> <span class='ocrx_word' id='word_1_390' title='bbox 1193 1415 1275 1442; x_wconf 86' lang='lat' dir='ltr'>tunc</span> <span class='ocrx_word' id='word_1_391' title='bbox 1297 1410 1457 1450; x_wconf 80' lang='lat' dir='ltr'>gandeat,</span> <span class='ocrx_word' id='word_1_392' title='bbox 1473 1415 1509 1440; x_wconf 86' lang='lat' dir='ltr'>et</span> <span class='ocrx_word' id='word_1_393' title='bbox 1524 1410 1585 1439; x_wconf 89' lang='lat' dir='ltr'>im·</span> 
     </span>
     <span class='ocr_line' id='line_1_74' title="bbox 883 1459 1584 1500; baseline -0.001 -10"><span class='ocrx_word' id='word_1_394' title='bbox 883 1459 1016 1490; x_wconf 88' lang='lat' dir='ltr'>mundis</span> <span class='ocrx_word' id='word_1_395' title='bbox 1033 1459 1135 1490; x_wconf 85' lang='lat' dir='ltr'>allata</span> <span class='ocrx_word' id='word_1_396' title='bbox 1158 1469 1176 1490; x_wconf 87' lang='lat' dir='ltr'>e</span> <span class='ocrx_word' id='word_1_397' title='bbox 1202 1459 1336 1500; x_wconf 91' lang='lat' dir='ltr'>popinis</span> <span class='ocrx_word' id='word_1_398' title='bbox 1358 1459 1467 1498; x_wconf 81' lang='lat' dir='ltr'>malit,</span> <span class='ocrx_word' id='word_1_399' title='bbox 1483 1467 1584 1500; x_wconf 82' lang='lat' dir='ltr'>quam</span> 
     </span>
     <span class='ocr_line' id='line_1_75' title="bbox 883 1509 1587 1551; baseline -0.003 -10"><span class='ocrx_word' id='word_1_400' title='bbox 883 1511 936 1541; x_wconf 82' lang='lat' dir='ltr'>vel</span> <span class='ocrx_word' id='word_1_401' title='bbox 959 1509 1223 1541; x_wconf 85' lang='lat' dir='ltr'>sumtuosissima</span> <span class='ocrx_word' id='word_1_402' title='bbox 1240 1518 1398 1551; x_wconf 86' lang='lat' dir='ltr'>quaeque,</span> <span class='ocrx_word' id='word_1_403' title='bbox 1421 1509 1511 1540; x_wconf 87' lang='lat' dir='ltr'>unde</span> <span class='ocrx_word' id='word_1_404' title='bbox 1533 1518 1587 1539; x_wconf 91' lang='lat' dir='ltr'>sa·</span> 
     </span>
     <span class='ocr_line' id='line_1_76' title="bbox 881 1559 1585 1600; baseline -0.003 -9"><span class='ocrx_word' id='word_1_405' title='bbox 881 1559 983 1591; x_wconf 86' lang='lat' dir='ltr'>tietas</span> <span class='ocrx_word' id='word_1_406' title='bbox 999 1563 1174 1600; x_wconf 82' lang='lat' dir='ltr'>augeatur.</span> <span class='ocrx_word' id='word_1_407' title='bbox 1220 1560 1308 1591; x_wconf 84' lang='lat' dir='ltr'>Haec</span> <span class='ocrx_word' id='word_1_408' title='bbox 1322 1563 1375 1591; x_wconf 87' lang='lat' dir='ltr'>est</span> <span class='ocrx_word' id='word_1_409' title='bbox 1399 1559 1494 1600; x_wconf 80' lang='lat' dir='ltr'>liujus</span> <span class='ocrx_word' id='word_1_410' title='bbox 1519 1559 1585 1589; x_wconf 87' lang='lat' dir='ltr'>loci</span> 
     </span>
     <span class='ocr_line' id='line_1_77' title="bbox 881 1609 1583 1651; baseline -0.001 -11"><span class='ocrx_word' id='word_1_411' title='bbox 881 1609 1100 1650; x_wconf 84' lang='lat' dir='ltr'>periphrasis.</span> <span class='ocrx_word' id='word_1_412' title='bbox 1145 1609 1231 1641; x_wconf 88' lang='lat' dir='ltr'>Sunt</span> <span class='ocrx_word' id='word_1_413' title='bbox 1247 1614 1360 1640; x_wconf 86' lang='lat' dir='ltr'>autem</span> <span class='ocrx_word' id='word_1_414' title='bbox 1384 1609 1515 1651; x_wconf 85' lang='lat' dir='ltr'>squillae</span> <span class='ocrx_word' id='word_1_415' title='bbox 1533 1610 1583 1639; x_wconf 88' lang='lat' dir='ltr'>in-</span> 
     </span>
     <span class='ocr_line' id='line_1_78' title="bbox 882 1658 1586 1699; baseline -0.003 -9"><span class='ocrx_word' id='word_1_416' title='bbox 882 1663 935 1690; x_wconf 88' lang='lat' dir='ltr'>ter</span> <span class='ocrx_word' id='word_1_417' title='bbox 949 1662 1154 1696; x_wconf 76' lang='lat' dir='ltr'>crustacea3</span> <span class='ocrx_word' id='word_1_418' title='bbox 1177 1664 1212 1689; x_wconf 89' lang='lat' dir='ltr'>et</span> <span class='ocrx_word' id='word_1_419' title='bbox 1230 1659 1283 1689; x_wconf 85' lang='lat' dir='ltr'>hic</span> <span class='ocrx_word' id='word_1_420' title='bbox 1298 1658 1435 1699; x_wconf 82' lang='lat' dir='ltr'>quidem</span> <span class='ocrx_word' id='word_1_421' title='bbox 1458 1658 1502 1689; x_wconf 88' lang='lat' dir='ltr'>de</span> <span class='ocrx_word' id='word_1_422' title='bbox 1526 1658 1586 1689; x_wconf 90' lang='lat' dir='ltr'>mi·</span> 
     </span>
     <span class='ocr_line' id='line_1_79' title="bbox 881 1707 1587 1746; baseline 0 -8"><span class='ocrx_word' id='word_1_423' title='bbox 881 1707 1022 1738; x_wconf 77' lang='lat' dir='ltr'>notibus</span> <span class='ocrx_word' id='word_1_424' title='bbox 1045 1707 1169 1746; x_wconf 79' lang='lat' dir='ltr'>agitur.</span> <span class='ocrx_word' id='word_1_425' title='bbox 1202 1708 1346 1738; x_wconf 73' lang='lat' dir='ltr'>Tor-rene.</span> <span class='ocrx_word' id='word_1_426' title='bbox 1392 1708 1587 1739; x_wconf 76' lang='lat' dir='ltr'>Mar-centem</span> 
     </span>
     <span class='ocr_line' id='line_1_80' title="bbox 879 1755 1584 1797; baseline 0.001 -10"><span class='ocrx_word' id='word_1_427' title='bbox 879 1757 1002 1797; x_wconf 81' lang='lat' dir='ltr'>squillis</span> <span class='ocrx_word' id='word_1_428' title='bbox 1009 1755 1177 1795; x_wconf 80' lang='lat' dir='ltr'>recreabis]</span> <span class='ocrx_word' id='word_1_429' title='bbox 1194 1756 1354 1788; x_wconf 87' lang='lat' dir='ltr'>Potorem</span> <span class='ocrx_word' id='word_1_430' title='bbox 1368 1757 1584 1796; x_wconf 84' lang='lat' dir='ltr'>languentem</span> 
     </span>
     <span class='ocr_line' id='line_1_81' title="bbox 881 1805 1586 1847; baseline 0.003 -11"><span class='ocrx_word' id='word_1_431' title='bbox 881 1805 1012 1847; x_wconf 88' lang='lat' dir='ltr'>squillis</span> <span class='ocrx_word' id='word_1_432' title='bbox 1029 1806 1206 1837; x_wconf 81' lang='lat' dir='ltr'>revocabis</span> <span class='ocrx_word' id='word_1_433' title='bbox 1230 1805 1272 1837; x_wconf 87' lang='lat' dir='ltr'>ad</span> <span class='ocrx_word' id='word_1_434' title='bbox 1296 1806 1466 1838; x_wconf 87' lang='lat' dir='ltr'>edendum</span> <span class='ocrx_word' id='word_1_435' title='bbox 1485 1811 1520 1838; x_wconf 88' lang='lat' dir='ltr'>et</span> <span class='ocrx_word' id='word_1_436' title='bbox 1534 1806 1586 1838; x_wconf 93' lang='lat' dir='ltr'>bi-</span> 
     </span>
     <span class='ocr_line' id='line_1_82' title="bbox 883 1854 1045 1887; baseline -0.012 0"><span class='ocrx_word' id='word_1_437' title='bbox 883 1854 1045 1887; x_wconf 89' lang='lat' dir='ltr'>bendum.</span> 
     </span>
    </p>

    <p class='ocr_par' dir='ltr' id='par_1_15' title="bbox 880 1906 1586 2097">
     <span class='ocr_line' id='line_1_83' title="bbox 924 1906 1584 1947; baseline 0.002 -10"><span class='ocrx_word' id='word_1_438' title='bbox 924 1909 967 1938; x_wconf 84' lang='lat'>59</span> <span class='ocrx_word' id='word_1_439' title='bbox 989 1906 1129 1938; x_wconf 76' lang='lat' dir='ltr'>Laetum</span> <span class='ocrx_word' id='word_1_440' title='bbox 1149 1906 1275 1938; x_wconf 77' lang='lat' dir='ltr'>innatat</span> <span class='ocrx_word' id='word_1_441' title='bbox 1289 1906 1373 1947; x_wconf 77' lang='lat' dir='ltr'>ocri]</span> <span class='ocrx_word' id='word_1_442' title='bbox 1398 1907 1584 1938; x_wconf 82' lang='lat' dir='ltr'>Lactucam</span> 
     </span>
     <span class='ocr_line' id='line_1_84' title="bbox 882 1957 1584 1998; baseline 0.001 -11"><span class='ocrx_word' id='word_1_443' title='bbox 882 1962 959 1998; x_wconf 86' lang='lat' dir='ltr'>post</span> <span class='ocrx_word' id='word_1_444' title='bbox 985 1957 1103 1997; x_wconf 86' lang='lat' dir='ltr'>epulas</span> <span class='ocrx_word' id='word_1_445' title='bbox 1131 1961 1166 1988; x_wconf 89' lang='lat' dir='ltr'>et</span> <span class='ocrx_word' id='word_1_446' title='bbox 1192 1957 1305 1988; x_wconf 82' lang='lat' dir='ltr'>vinum</span> <span class='ocrx_word' id='word_1_447' title='bbox 1329 1957 1454 1997; x_wconf 87' lang='lat' dir='ltr'>largius</span> <span class='ocrx_word' id='word_1_448' title='bbox 1472 1967 1584 1998; x_wconf 81' lang='lat' dir='ltr'>sump-</span> 
     </span>
     <span class='ocr_line' id='line_1_85' title="bbox 883 2007 1586 2049; baseline 0 -11"><span class='ocrx_word' id='word_1_449' title='bbox 883 2014 967 2046; x_wconf 89' lang='lat' dir='ltr'>tum,</span> <span class='ocrx_word' id='word_1_450' title='bbox 981 2007 1108 2039; x_wconf 80' lang='lat' dir='ltr'>esitare</span> <span class='ocrx_word' id='word_1_451' title='bbox 1123 2007 1286 2039; x_wconf 87' lang='lat' dir='ltr'>solebant.</span> <span class='ocrx_word' id='word_1_452' title='bbox 1323 2007 1418 2049; x_wconf 79' lang='lat' dir='ltr'>[vat.</span> <span class='ocrx_word' id='word_1_453' title='bbox 1442 2008 1539 2040; x_wconf 83' lang='lat' dir='ltr'>Rom.</span> <span class='ocrx_word' id='word_1_454' title='bbox 1554 2010 1586 2038; x_wconf 87' lang='grc'>9.</span> 
     </span>
     <span class='ocr_line' id='line_1_86' title="bbox 880 2057 1034 2097; baseline 0 -8"><span class='ocrx_word' id='word_1_455' title='bbox 880 2057 1034 2097; x_wconf 65' lang='lat' dir='ltr'>innatet]</span> 
     </span>
    </p>

    <p class='ocr_par' dir='ltr' id='par_1_16' title="bbox 878 2107 1585 2596">
     <span class='ocr_line' id='line_1_87' title="bbox 923 2107 1583 2149; baseline -0.003 -9"><span class='ocrx_word' id='word_1_456' title='bbox 923 2111 966 2140; x_wconf 89' lang='grc'>60</span> <span class='ocrx_word' id='word_1_457' title='bbox 990 2109 1095 2140; x_wconf 81' lang='lat' dir='ltr'>Perna</span> <span class='ocrx_word' id='word_1_458' title='bbox 1117 2108 1219 2148; x_wconf 78' lang='lat' dir='ltr'>magis</span> <span class='ocrx_word' id='word_1_459' title='bbox 1235 2118 1284 2147; x_wconf 80' lang='lat' dir='ltr'>ac,</span> <span class='ocrx_word' id='word_1_460' title='bbox 1305 2108 1375 2149; x_wconf 50' lang='grc' dir='ltr'>ξι]</span> <span class='ocrx_word' id='word_1_461' title='bbox 1411 2107 1488 2139; x_wconf 91' lang='lat' dir='ltr'>Hoc</span> <span class='ocrx_word' id='word_1_462' title='bbox 1512 2111 1583 2138; x_wconf 84' lang='lat' dir='ltr'>est:</span> 
     </span>
     <span class='ocr_line' id='line_1_88' title="bbox 881 2157 1585 2196; baseline -0.004 -6"><span class='ocrx_word' id='word_1_463' title='bbox 881 2158 918 2190; x_wconf 86' lang='lat' dir='ltr'>si</span> <span class='ocrx_word' id='word_1_464' title='bbox 934 2159 1081 2190; x_wconf 87' lang='lat' dir='ltr'>cochleis</span> <span class='ocrx_word' id='word_1_465' title='bbox 1098 2159 1182 2190; x_wconf 84' lang='lat' dir='ltr'>assis</span> <span class='ocrx_word' id='word_1_466' title='bbox 1198 2168 1264 2190; x_wconf 89' lang='lat' dir='ltr'>non</span> <span class='ocrx_word' id='word_1_467' title='bbox 1279 2163 1466 2196; x_wconf 82' lang='lat' dir='ltr'>recreetur,</span> <span class='ocrx_word' id='word_1_468' title='bbox 1482 2157 1585 2188; x_wconf 86' lang='lat' dir='ltr'>cedat</span> 
     </span>
     <span class='ocr_line' id='line_1_89' title="bbox 879 2207 1585 2249; baseline -0.001 -10"><span class='ocrx_word' id='word_1_469' title='bbox 879 2212 917 2239; x_wconf 89' lang='lat' dir='ltr'>et</span> <span class='ocrx_word' id='word_1_470' title='bbox 932 2207 1106 2239; x_wconf 86' lang='lat' dir='ltr'>reficiatur</span> <span class='ocrx_word' id='word_1_471' title='bbox 1122 2209 1211 2239; x_wconf 88' lang='lat' dir='ltr'>elixa</span> <span class='ocrx_word' id='word_1_472' title='bbox 1224 2217 1341 2249; x_wconf 87' lang='lat' dir='ltr'>perna,</span> <span class='ocrx_word' id='word_1_473' title='bbox 1358 2208 1389 2238; x_wconf 92' lang='lat' dir='ltr'>iu</span> <span class='ocrx_word' id='word_1_474' title='bbox 1407 2217 1533 2238; x_wconf 70' lang='lat' dir='ltr'>morsus</span> <span class='ocrx_word' id='word_1_475' title='bbox 1548 2213 1585 2238; x_wconf 86' lang='lat' dir='ltr'>et</span> 
     </span>
     <span class='ocr_line' id='line_1_90' title="bbox 878 2257 1585 2297; baseline -0.003 -8"><span class='ocrx_word' id='word_1_476' title='bbox 878 2258 1010 2290; x_wconf 88' lang='lat' dir='ltr'>minuta</span> <span class='ocrx_word' id='word_1_477' title='bbox 1025 2257 1168 2289; x_wconf 80' lang='lat' dir='ltr'>frustula</span> <span class='ocrx_word' id='word_1_478' title='bbox 1178 2257 1336 2296; x_wconf 79' lang='lat' dir='ltr'>concisa3</span> <span class='ocrx_word' id='word_1_479' title='bbox 1354 2263 1388 2288; x_wconf 88' lang='lat' dir='ltr'>et</span> <span class='ocrx_word' id='word_1_480' title='bbox 1404 2257 1506 2297; x_wconf 89' lang='lat' dir='ltr'>hillis,</span> <span class='ocrx_word' id='word_1_481' title='bbox 1521 2258 1585 2288; x_wconf 90' lang='lat' dir='ltr'>hoc</span> 
     </span>
     <span class='ocr_line' id='line_1_91' title="bbox 879 2307 1584 2349; baseline -0.001 -10"><span class='ocrx_word' id='word_1_482' title='bbox 879 2312 946 2347; x_wconf 84' lang='lat' dir='ltr'>est,</span> <span class='ocrx_word' id='word_1_483' title='bbox 971 2308 1083 2347; x_wconf 86' lang='lat' dir='ltr'>isitiis,</span> <span class='ocrx_word' id='word_1_484' title='bbox 1105 2309 1297 2349; x_wconf 84' lang='lat' dir='ltr'>tomaculis,</span> <span class='ocrx_word' id='word_1_485' title='bbox 1317 2309 1480 2340; x_wconf 84' lang='lat' dir='ltr'>lucanicis</span> <span class='ocrx_word' id='word_1_486' title='bbox 1496 2314 1532 2339; x_wconf 89' lang='lat' dir='ltr'>et</span> <span class='ocrx_word' id='word_1_487' title='bbox 1550 2307 1584 2338; x_wconf 91' lang='lat' dir='ltr'>id</span> 
     </span>
     <span class='ocr_line' id='line_1_92' title="bbox 881 2358 1585 2396; baseline 0 -8"><span class='ocrx_word' id='word_1_488' title='bbox 881 2367 987 2396; x_wconf 77' lang='lat' dir='ltr'>genus</span> <span class='ocrx_word' id='word_1_489' title='bbox 1005 2358 1176 2388; x_wconf 78' lang='lat' dir='ltr'>intestinis</span> <span class='ocrx_word' id='word_1_490' title='bbox 1192 2362 1228 2388; x_wconf 87' lang='lat' dir='ltr'>et</span> <span class='ocrx_word' id='word_1_491' title='bbox 1239 2359 1412 2388; x_wconf 88' lang='lat' dir='ltr'>consectis</span> <span class='ocrx_word' id='word_1_492' title='bbox 1428 2358 1585 2389; x_wconf 79' lang='lat' dir='ltr'>carnibus</span> 
     </span>
     <span class='ocr_line' id='line_1_93' title="bbox 880 2406 1585 2449; baseline 0.001 -12"><span class='ocrx_word' id='word_1_493' title='bbox 880 2407 988 2438; x_wconf 89' lang='lat' dir='ltr'>suillis</span> <span class='ocrx_word' id='word_1_494' title='bbox 1013 2412 1049 2438; x_wconf 91' lang='lat' dir='ltr'>et</span> <span class='ocrx_word' id='word_1_495' title='bbox 1076 2408 1194 2438; x_wconf 82' lang='lat' dir='ltr'>arvina</span> <span class='ocrx_word' id='word_1_496' title='bbox 1219 2406 1333 2446; x_wconf 83' lang='lat' dir='ltr'>fartis,</span> <span class='ocrx_word' id='word_1_497' title='bbox 1356 2408 1468 2447; x_wconf 90' lang='lat' dir='ltr'>potius</span> <span class='ocrx_word' id='word_1_498' title='bbox 1483 2418 1585 2449; x_wconf 85' lang='lat' dir='ltr'>quam</span> 
     </span>
     <span class='ocr_line' id='line_1_94' title="bbox 880 2456 1585 2497; baseline 0.001 -10"><span class='ocrx_word' id='word_1_499' title='bbox 880 2456 1036 2488; x_wconf 84' lang='lat' dir='ltr'>lactucis.</span> <span class='ocrx_word' id='word_1_500' title='bbox 1070 2457 1167 2497; x_wconf 77' lang='lat' dir='ltr'>Cruq.</span> <span class='ocrx_word' id='word_1_501' title='bbox 1224 2456 1341 2497; x_wconf 80' lang='lat' dir='ltr'>Hillis]</span> <span class='ocrx_word' id='word_1_502' title='bbox 1364 2457 1585 2489; x_wconf 85' lang='lat' dir='ltr'>Tenuissimis</span> 
     </span>
     <span class='ocr_line' id='line_1_95' title="bbox 879 2506 1585 2538; baseline 0 0"><span class='ocrx_word' id='word_1_503' title='bbox 879 2506 1048 2538; x_wconf 86' lang='lat' dir='ltr'>intestinis</span> <span class='ocrx_word' id='word_1_504' title='bbox 1064 2516 1107 2538; x_wconf 86' lang='lat' dir='ltr'>ex</span> <span class='ocrx_word' id='word_1_505' title='bbox 1123 2506 1282 2538; x_wconf 88' lang='lat' dir='ltr'>carnibus</span> <span class='ocrx_word' id='word_1_506' title='bbox 1297 2506 1404 2537; x_wconf 87' lang='lat' dir='ltr'>suillis</span> <span class='ocrx_word' id='word_1_507' title='bbox 1416 2511 1451 2536; x_wconf 86' lang='lat' dir='ltr'>et</span> <span class='ocrx_word' id='word_1_508' title='bbox 1466 2507 1585 2538; x_wconf 86' lang='lat' dir='ltr'>arvina</span> 
     </span>
     <span class='ocr_line' id='line_1_96' title="bbox 878 2555 1445 2596; baseline 0 -9"><span class='ocrx_word' id='word_1_509' title='bbox 878 2555 989 2588; x_wconf 62' lang='lat' dir='ltr'>factis</span> <span class='ocrx_word' id='word_1_510' title='bbox 1012 2555 1137 2596; x_wconf 87' lang='lat' dir='ltr'>[Codd.</span> <span class='ocrx_word' id='word_1_511' title='bbox 1152 2566 1208 2596; x_wconf 82' lang='lat' dir='ltr'>ap.</span> <span class='ocrx_word' id='word_1_512' title='bbox 1226 2555 1445 2595; x_wconf 78' lang='lat' dir='ltr'>Feam,iuis.]</span> 
     </span>
    </p>

    <p class='ocr_par' dir='ltr' id='par_1_17' title="bbox 875 2604 1584 2900">
     <span class='ocr_line' id='line_1_97' title="bbox 920 2604 1584 2648; baseline -0.003 -10"><span class='ocrx_word' id='word_1_513' title='bbox 920 2609 961 2638; x_wconf 88' lang='lat'>61</span> <span class='ocrx_word' id='word_1_514' title='bbox 994 2606 1140 2645; x_wconf 67' lang='lat' dir='ltr'>flagitat</span> <span class='ocrx_word' id='word_1_515' title='bbox 1175 2606 1208 2636; x_wconf 86' lang='lat' dir='ltr'>in</span> <span class='ocrx_word' id='word_1_516' title='bbox 1239 2615 1358 2636; x_wconf 79' lang='lat' dir='ltr'>morsus</span> <span class='ocrx_word' id='word_1_517' title='bbox 1386 2604 1488 2648; x_wconf 81' lang='lat' dir='ltr'>refici]</span> <span class='ocrx_word' id='word_1_518' title='bbox 1523 2606 1584 2637; x_wconf 86' lang='lat' dir='ltr'>Vir</span> 
     </span>
     <span class='ocr_line' id='line_1_98' title="bbox 880 2655 1584 2695; baseline 0 -7"><span class='ocrx_word' id='word_1_519' title='bbox 880 2655 1095 2688; x_wconf 88' lang='lat' dir='ltr'>doctissimus</span> <span class='ocrx_word' id='word_1_520' title='bbox 1128 2655 1255 2686; x_wconf 85' lang='lat' dir='ltr'>Petrus</span> <span class='ocrx_word' id='word_1_521' title='bbox 1292 2655 1496 2695; x_wconf 84' lang='lat' dir='ltr'>Scriverius,</span> <span class='ocrx_word' id='word_1_522' title='bbox 1526 2657 1584 2688; x_wconf 80' lang='lat' dir='ltr'>im-</span> 
     </span>
     <span class='ocr_line' id='line_1_99' title="bbox 878 2706 1582 2749; baseline 0.003 -11"><span class='ocrx_word' id='word_1_523' title='bbox 878 2716 997 2739; x_wconf 75' lang='lat' dir='ltr'>mersus</span> <span class='ocrx_word' id='word_1_524' title='bbox 1012 2706 1160 2748; x_wconf 77' lang='lat' dir='ltr'>legebat,</span> <span class='ocrx_word' id='word_1_525' title='bbox 1177 2711 1299 2737; x_wconf 85' lang='lat' dir='ltr'>contra</span> <span class='ocrx_word' id='word_1_526' title='bbox 1314 2707 1508 2749; x_wconf 87' lang='lat' dir='ltr'>nonnullos,</span> <span class='ocrx_word' id='word_1_527' title='bbox 1525 2709 1582 2749; x_wconf 85' lang='lat' dir='ltr'>qui</span> 
     </span>
     <span class='ocr_line' id='line_1_100' title="bbox 879 2756 1581 2796; baseline 0.001 -7"><span class='ocrx_word' id='word_1_528' title='bbox 879 2758 1003 2789; x_wconf 86' lang='lat' dir='ltr'>Latine</span> <span class='ocrx_word' id='word_1_529' title='bbox 1026 2756 1060 2788; x_wconf 94' lang='lat' dir='ltr'>id</span> <span class='ocrx_word' id='word_1_530' title='bbox 1077 2756 1147 2787; x_wconf 90' lang='lat' dir='ltr'>dici</span> <span class='ocrx_word' id='word_1_531' title='bbox 1170 2761 1311 2796; x_wconf 79' lang='lat' dir='ltr'>negant.</span> <span class='ocrx_word' id='word_1_532' title='bbox 1355 2757 1464 2788; x_wconf 87' lang='lat' dir='ltr'>Vetus</span> <span class='ocrx_word' id='word_1_533' title='bbox 1479 2758 1581 2790; x_wconf 82' lang='lat' dir='ltr'>Glos-</span> 
     </span>
     <span class='ocr_line' id='line_1_101' title="bbox 878 2805 1581 2848; baseline 0.001 -9"><span class='ocrx_word' id='word_1_534' title='bbox 878 2807 1067 2848; x_wconf 81' lang='lat' dir='ltr'>sographus</span> <span class='ocrx_word' id='word_1_535' title='bbox 1084 2805 1206 2837; x_wconf 85' lang='lat' dir='ltr'>Isidori</span> <span class='ocrx_word' id='word_1_536' title='bbox 1223 2807 1355 2838; x_wconf 79' lang='lat' dir='ltr'>nomine</span> <span class='ocrx_word' id='word_1_537' title='bbox 1371 2807 1581 2848; x_wconf 72' lang='lat' dir='ltr'>publicatuS,</span> 
     </span>
     <span class='ocr_line' id='line_1_102' title="bbox 875 2856 1581 2900; baseline 0 -11"><span class='ocrx_word' id='word_1_538' title='bbox 875 2858 1050 2893; x_wconf 61' lang='lat' dir='ltr'>immor-rus,</span> <span class='ocrx_word' id='word_1_539' title='bbox 1068 2856 1208 2895; x_wconf 73' lang='lat' dir='ltr'>JeJ&#39;unus.</span> <span class='ocrx_word' id='word_1_540' title='bbox 1254 2857 1342 2890; x_wconf 78' lang='lat' dir='ltr'>Sane</span> <span class='ocrx_word' id='word_1_541' title='bbox 1367 2866 1466 2889; x_wconf 89' lang='lat' dir='ltr'>sensu</span> <span class='ocrx_word' id='word_1_542' title='bbox 1493 2859 1581 2900; x_wconf 87' lang='lat' dir='ltr'>opti·</span> 
     </span>
    </p>
   </div>
  </div>
 </body>
</html>
