1916 3262
356 317 467 359 1356

806 327 942 358 No'rAE
977 327 1231 360 VARIORUM
1266 329 1315 359 IN

401 421 442 450 19
454 417 516 450 Sub
531 419 663 459 noctem]
687 419 794 450 Paulo
807 423 884 451 ante
895 424 1039 452 noctem.
1084 429 1123 451 ac
1139 421 1367 461 gymnasticae,
1378 421 1404 451 si
1418 419 1515 451 modo
1530 422 1623 451 recte
1632 428 1768 452 exerce-

357 467 500 507 Susurri]
523 468 698 508 Colloquia
713 478 785 509 quae
803 469 857 500 edi
872 470 981 501 solent
996 469 1038 500 ab

354 515 542 547 amantibus
554 526 635 547 voce
651 517 729 555 leni,
740 522 774 548 et
785 518 958 549 submissa.
979 519 1038 549 Su-

355 563 453 604 surri]
485 565 583 597 Quod
599 564 749 602 ἀλλήλοις
763 566 922 607 ψιθυρίζειν
937 568 1039 607 aptis·

355 613 439 644 sime
449 613 535 645 dixit
542 614 749 655 Theocritus,
760 616 836 647 loco
847 626 866 647 a
878 617 1040 649 Lambino

356 661 471 693 citato.

398 713 440 741 20
465 712 638 751 Composita
651 717 827 752 repetantur
840 714 929 754 hora]
953 715 1040 746 Con-

356 759 497 791 stituere
509 761 597 792 diem
611 767 668 793 aut
685 764 792 803 locum
809 765 942 804 proprie
957 764 1041 794 dici-

356 816 440 847 mus,
461 819 537 840 cum
563 821 605 842 ex
630 813 852 843 conventione
878 813 1040 852 agendum

356 857 484 897 aliquid
509 864 604 890 certo
628 860 702 891 loco
727 865 950 901 aut-tempore
966 871 1043 902 pro-

356 905 502 944 ponitur.
544 907 634 939 Hinc
660 908 722 939 ‘ad
746 911 961 941 constitutum
985 910 1042 940 ad·

356 963 441 994 esse,
464 959 500 986 et
514 956 652 987 venire.’
695 957 960 999 ‘Compositam'
983 959 1042 999 igi·

356 1006 412 1032 tur
432 1003 585 1035 ‘horam'
608 1006 708 1036 simili
724 1008 853 1038 ratione
869 1008 955 1039 dixit
970 1008 1041 1039 Ho-

355 1051 472 1090 ratius,
494 1062 567 1092 quae
591 1054 680 1085 inter
694 1062 843 1087 amantes
859 1058 1042 1088 constituta

356 1098 413 1129 sit.
441 1100 581 1130 Torrent·
626 1103 815 1143 Composita]
846 1105 940 1135 Hora
965 1115 1042 1136 cou-

355 1148 475 1179 stituta
489 1149 611 1181 iterum
622 1155 722 1192 atque
734 1152 855 1184 iterum
870 1163 889 1184 a
903 1159 936 1184 te
948 1163 1041 1184 usur-

356 1201 493 1237 pentur.

397 1248 438 1276 21
464 1246 557 1278 Num:
570 1251 599 1278 ει
613 1248 752 1289 latentis]
785 1251 828 1281 Et
843 1260 930 1282 nunc
946 1261 1042 1292 repe·

356 1297 446 1324 tatur
463 1304 481 1325 a
504 1299 539 1326 te
564 1301 678 1336 gratus
701 1299 798 1334 risum,
820 1300 984 1339 proditor,
1007 1305 1043 1332 et

356 1342 459 1373 index
475 1345 593 1383 puellae
609 1346 754 1385 latentis,
770 1347 802 1377 id
818 1353 882 1386 est,
896 1349 928 1378 in
941 1359 1043 1389 angu-

355 1391 423 1421 lum
439 1401 476 1422 se
491 1392 658 1432 abdentis,
677 1403 717 1424 ac
733 1395 930 1426 delitescere
945 1397 1042 1427 simu-

355 1440 466 1471 lantis.
520 1441 623 1473 Ridet
651 1444 740 1473 enim
766 1445 888 1483 puella,
914 1455 957 1476 ne
986 1446 1044 1477 diu

357 1493 541 1528 quaeratur,
563 1490 621 1521 sed
637 1495 674 1522 ut
689 1492 829 1532 seipsam
846 1494 980 1533 prodat.

397 1540 438 1568 23
463 1538 641 1580 Pignusque
654 1541 810 1581 dereptum
820 1542 955 1582 lacertis]
979 1542 1043 1574 Ar·

355 1587 448 1618 milla
463 1588 494 1618 vi
511 1590 624 1619 avulsa
639 1599 680 1620 ex
696 1591 842 1627 lacertis,
861 1596 919 1623 aut
940 1602 1042 1623 annu-

356 1636 407 1667 lus
423 1646 442 1667 a
458 1636 564 1677 digito
579 1639 677 1677 male,
693 1639 726 1669 id
743 1645 805 1679 est,
827 1650 943 1680 parum
967 1651 1042 1681 per-

356 1685 517 1716 tinaciter
552 1687 732 1719 retinente.
790 1689 876 1720 Nam
913 1690 1043 1730 fingunt

357 1734 477 1773 puellae
507 1743 543 1765 se
568 1735 654 1766 velle
679 1736 839 1776 retinere,
869 1739 959 1778 quod
985 1748 1043 1769 ou-

357 1782 455 1822 piunt
477 1782 540 1813 sibi
558 1783 670 1815 adimi.
715 1785 886 1826 Dereptum
901 1795 980 1826 ergo
994 1787 1043 1817 le·

357 1831 515 1870 gendum.
544 1841 609 1862 non
637 1833 800 1873 direptum.
844 1835 905 1865 Est
932 1839 1044 1866 autem

354 1881 364 1897 ⁸
380 1880 555 1921 deripere’
584 1881 627 1912 de
652 1883 770 1923 quovis
797 1883 872 1914 loco
899 1893 1043 1924 rapere;

354 1929 416 1960 sed
447 1929 591 1961 maxime
619 1930 662 1962 de
692 1932 877 1972 superiore.
921 1933 931 1950 ‘
949 1933 1044 1964 Diri-

356 1977 456 2019 pere’
479 1983 592 2010 autem
617 1983 684 2018 est,
707 1979 895 2011 dilacerare
915 1990 955 2012 ac
977 1981 1043 2012 dis-

357 2036 511 2067 cerpere.
530 2027 639 2058 Lamb.

355 2075 436 2106 Ona
465 2083 502 2105 x.
540 2075 762 2116 Εὐχαριστική.
817 2078 979 2110 annws
1002 2088 1041 2110 m

397 2126 640 2157 Menenium.
684 2127 793 2158 Quem
814 2127 930 2158 laudat
951 2137 971 2158 a
993 2127 1041 2158 fa·

397 2175 532 2215 cundia,
556 2184 575 2205 a
600 2175 806 2215 parentibus,
829 2184 849 2206 a
875 2176 1042 2215 palaestrae

397 2229 434 2255 et
455 2225 539 2265 lyrae
561 2224 766 2264 inventione,
792 2234 812 2254 a
838 2225 984 2256 maxima
1008 2226 1042 2256 in

395 2274 541 2306 furando
564 2274 762 2314 calliditate,
793 2279 896 2316 atque
922 2276 964 2307 ab
990 2275 1042 2313 iis,

397 2323 518 2364 quibus
533 2322 695 2364 fungitur,
713 2324 916 2355 muneribus.

400 2375 416 2403 1
432 2373 589 2412 Facunda,
603 2371 709 2412 nepos]
724 2373 934 2413 Eloquentiae
950 2373 1042 2404 Deus

356 2425 392 2454 et
402 2422 560 2453 orationis
573 2421 738 2452 inventor.
781 2421 936 2461 Atlantis]
952 2423 1044 2454 Maia

356 2471 504 2503 Atlantis
531 2470 599 2502 filia
622 2471 830 2502 Mercurium
853 2471 986 2511 peperit
1001 2481 1044 2503 ex

355 2521 462 2554 Jove:
477 2520 567 2552 unde
581 2524 618 2551 et
633 2525 641 2538 ¹
651 2519 842 2551 Atlantides
854 2519 864 2533 ’
879 2520 1002 2552 dictus.

399 2573 419 2600 2
437 2569 501 2605 Qui
508 2568 595 2607 feros
608 2567 721 2608 cultus]
739 2568 837 2600 Quod
849 2573 960 2600 autem
973 2569 1043 2600 Ho-

357 2619 462 2650 ratius
484 2620 493 2636 ‘
506 2627 587 2650 voce
602 2622 638 2648 et
652 2615 825 2658 palaestra’
846 2627 903 2649 eos
917 2627 936 2648 a
953 2618 1044 2648 Mer·

356 2667 451 2697 curio
473 2667 640 2708 expolitos
661 2666 954 2709 conformatosque
977 2670 1044 2698 tra-

357 2715 423 2754 dit,
444 2716 536 2755 quasi
553 2721 632 2747 tunc
650 2716 791 2756 primum
806 2715 957 2747 homines
971 2724 1043 2746 esse

357 2763 536 2803 coeperint,
557 2764 591 2794 id
615 2773 635 2795 e
660 2764 814 2796 Platonis
837 2764 1044 2805 philosophia

358 2811 503 2853 petitum
519 2811 662 2844 videtur.
707 2812 772 2844 Ille
797 2815 884 2845 enim
907 2814 1042 2846 musicae

1087 473 1199 508 antur,
1224 468 1326 500 totius
1354 469 1495 508 Reipub.
1519 469 1660 500 salutem
1675 469 1770 499 attri-

1087 517 1171 549 buit.
1207 517 1283 550 Jam
1301 518 1488 548 Mercurius
1502 518 1616 548 harum
1631 516 1770 548 duarum

1088 566 1208 596 artium
1223 566 1376 598 inventor
1388 576 1461 597 esse
1474 565 1679 607 perhibetur.
1701 565 1772 597 Ne·

1088 623 1152 654 que
1168 615 1310 646 Hermas
1323 619 1467 655 tantum,
1490 615 1548 646 sed
1572 619 1607 645 et
1630 614 1771 645 Herma-

1089 664 1203 694 thenas
1214 664 1248 694 in
1264 666 1445 705 gymnasiis
1460 665 1682 696 dedicabant:
1705 672 1772 704 quo

1089 722 1152 752 per
1184 713 1338 744 insertam
1370 714 1542 745 Mercurio
1570 713 1772 752 Minervam,-

1089 761 1239 800 apertius
1268 762 1375 794 adhuc
1401 762 1639 802 significarent,
1671 761 1772 793 animi

1090 809 1217 849 pariter
1238 819 1278 840 ac
1299 811 1448 852 corporis
1472 810 1702 842 conformandi
1723 819 1776 840 ra·

1090 858 1216 889 tionem
1245 858 1359 890 baberi
1386 859 1521 891 debere.
1563 860 1645 890 Tum
1669 859 1771 890 etiam

1092 906 1309 938 Hermerotas
1324 912 1359 938 et
1371 907 1607 939 Hermeraclas
1622 907 1776 948 legimus,

1090 957 1212 988 mixtas
1227 966 1347 998 nempe
1371 958 1532 989 Mercurii
1555 967 1630 989 cum
1650 957 1774 988 Amore

1091 1011 1126 1037 et
1150 1006 1301 1038 Hercule
1323 1010 1468 1038 statuas:
1491 1006 1580 1047 quod
1595 1006 1774 1042 Oratione,

1090 1059 1129 1086 ut
1152 1055 1232 1085 nihil
1257 1055 1443 1096 amabilius,
1465 1056 1512 1086 sic
1535 1064 1644 1096 neque
1659 1054 1774 1086 robus-

1090 1104 1169 1143 tius,
1184 1103 1431 1145 efficaciusque.
1462 1103 1622 1135 Pluribus
1632 1104 1774 1134 Torren-

1089 1153 1171 1183 tium
1187 1153 1228 1183 de
1241 1152 1375 1183 Hermis
1387 1153 1606 1183 disserentem
1628 1161 1687 1182 suo
1699 1151 1775 1182 loco

1090 1201 1178 1232 vide.
1222 1201 1319 1232 Feros
1343 1201 1457 1241 culeus]
1487 1200 1647 1241 Agrestes
1670 1200 1775 1231 homi·

1091 1259 1169 1280 num
1185 1251 1363 1290 primorum
1378 1259 1500 1282 mores.
1547 1249 1716 1281 Hominum
1727 1259 1776 1280 res

1091 1298 1226 1338 centum]
1250 1298 1291 1329 Id
1317 1304 1382 1339 est,
1403 1308 1529 1339 eorum,
1552 1300 1619 1340 qui,
1636 1297 1775 1330 feritate

1091 1352 1220 1377 mutata
1248 1355 1311 1386 per
1339 1349 1564 1388 eloquentiam
1599 1347 1775 1386 Mercurii,

1092 1404 1198 1434 nuper
1212 1395 1391 1425 induerant
1405 1396 1650 1429 humanitatem.
1679 1398 1775 1436 Cruq.

1133 1446 1152 1474 3
1180 1444 1258 1475 Voce
1277 1443 1441 1483 formasti]
1477 1445 1691 1484 Eloquentia,
1720 1447 1774 1476 vel

1091 1493 1219 1524 musica
1233 1491 1496 1524 conformavisti.
1543 1493 1653 1534 Catus]
1668 1494 1774 1526 Quasi

1092 1546 1225 1580 cautus;
1240 1541 1369 1580 doctus,
1379 1542 1493 1572 solers.
1515 1541 1660 1581 Decorae]
1673 1542 1773 1574 Quod

1091 1591 1162 1620 viro
1187 1591 1330 1621 maxime
1354 1591 1484 1622 deceat.
1542 1591 1655 1623 Quare
1685 1591 1774 1631 apud

1091 1639 1232 1671 Graecos
1248 1639 1290 1670 ab
1309 1639 1535 1671 adolescentia
1556 1649 1683 1671 summo
1705 1649 1775 1671 om·

1090 1697 1149 1718 nes
1172 1688 1206 1718 in
1228 1697 1270 1719 ea
1291 1688 1402 1719 studio
1427 1689 1685 1720 exercebantur.
1727 1689 1775 1721 Et

1090 1741 1127 1767 ut
1147 1737 1320 1776 palaestras
1343 1737 1456 1768 Graeci
1477 1737 1618 1778 λιπαράς,
1640 1738 1690 1769 sic
1710 1738 1773 1769 La-

1091 1785 1154 1816 tini
1173 1786 1183 1802 ‘
1195 1785 1342 1824 nitidas‚’
1356 1786 1586 1828 ‘liquidasque
1598 1787 1608 1802 '
1623 1792 1660 1819 et
1673 1792 1683 1806 ‘
1695 1796 1776 1819 unc-

1093 1838 1144 1865 tas
1159 1833 1167 1847 ’
1184 1839 1316 1865 vocant.
1341 1834 1483 1866 Tur-rent.

1132 1885 1152 1914 4
1175 1883 1266 1914 More
1278 1883 1446 1924 palaestroe]
1469 1883 1552 1918 Quis
1567 1887 1619 1916 est
1633 1892 1704 1916 mos
1717 1894 1775 1926 pa-

1091 1932 1240 1964 laestrae?
1262 1942 1304 1964 an
1327 1933 1506 1973 palaestra?
1539 1933 1606 1964 Sed
1631 1933 1704 1975 quis
1726 1934 1776 1965 ita

1093 1982 1212 2012 Latine
1241 1982 1423 2022 loquatur?
1474 1981 1632 2013 Heinsius
1661 1982 1776 2023 itaque

1091 2030 1263 2061 concludit
1285 2030 1459 2070 scripsisse
1483 2029 1645 2062 Potitum:
1668 2034 1700 2062 et
1722 2031 1775 2062 dt·

1090 2088 1168 2109 corae
1181 2079 1318 2109 lau-more
1329 2079 1495 2118 paloestrae.
1524 2079 1646 2108 Humor
1658 2079 1774 2109 decora

1088 2128 1254 2167 polaeanoe,
1275 2131 1328 2158 est
1352 2122 1460 2157 oleum
1486 2136 1551 2167 quo
1577 2127 1773 2167 palaestritae

1092 2180 1271 2216 unguntur.
1293 2174 1471 2214 Palaestroe]
1487 2175 1775 2206 PalaestraGraeci

1092 2225 1335 2256 exercebantur
1362 2224 1404 2254 ad
1440 2223 1599 2255 tuendam
1627 2225 1776 2265 corporis

1091 2274 1326 2306 valetudinem.
1766 2296 1768 2298 v

1134 2328 1152 2355 5
1175 2325 1311 2355 Deorum
1324 2323 1480 2364 nuntium]
1516 2324 1609 2355 Bene
1624 2322 1775 2354 Deorum

1092 2373 1225 2404 nuntius
1240 2373 1375 2413 tingitur
1390 2373 1597 2411 Mercurius3
1613 2381 1688 2404 nam
1700 2381 1775 2414 qnae

1091 2422 1277 2453 hominibus
1286 2421 1431 2453 melioris
1440 2422 1518 2453 vitoe
1529 2425 1700 2462 praecepta
1710 2425 1778 2453 tra·

1091 2470 1190 2511 didit,
1214 2479 1254 2501 ea
1275 2470 1359 2501 caelo
1381 2470 1547 2506 attulisse,
1567 2474 1604 2501 et
1627 2470 1777 2502 Deorum

1092 2518 1329 2550 immortalium
1339 2519 1438 2559 jussu
1451 2528 1665 2560 propagasse,
1679 2519 1778 2551 meri-

1092 2571 1126 2599 to
1141 2567 1355 2598 credebatur.
1397 2567 1587 2598 Mercurius
1601 2574 1683 2608 ergo
1702 2571 1776 2599 tan-

1090 2626 1191 2658 quam
1206 2620 1215 2635 ‘
1228 2616 1471 2654 medicurrius‚'
1485 2617 1572 2657 quod
1588 2626 1697 2648 sermo
1707 2624 1777 2648 me·

1091 2666 1167 2697 dius
1182 2666 1271 2697 inter
1284 2666 1431 2697 homines
1442 2666 1603 2705 existens,
1615 2675 1672 2697 eos
1687 2665 1776 2697 inter

1091 2724 1127 2745 se
1154 2714 1335 2747 conciliet:
1362 2714 1428 2754 vel,
1452 2723 1472 2746 a
1498 2712 1711 2754 ‘meroibns,’
1733 2717 1773 2744 nt

1094 2765 1213 2795 Festus
1242 2764 1334 2803 vult3
1355 2762 1507 2794 omnibus
1522 2762 1609 2794 enim
1623 2760 1773 2800 negotia·

1092 2813 1239 2845 tionibus
1265 2815 1399 2853 praeest.
1429 2811 1568 2843 Torreat.
1618 2807 1771 2848 Deorum]
