1916 3262
361 279 472 322 1360

403 386 445 416 ³4
465 381 629 423 Superbos]
659 381 856 424 Magnificus
877 386 914 413 et
938 382 1047 413 excel-

358 433 466 464 lentes
487 432 626 462 honores
641 425 810 471 Tarouinii
833 431 955 470 Prisci,
980 441 1047 461 non

358 479 528 522 Tarquinii
537 479 693 520 Superbi,
703 484 962 520 commemoratu
975 489 1047 510 cer-

360 534 395 561 te
410 529 550 570 indigni,
573 532 712 569 propter
730 528 896 559 Lucretiae
913 534 1046 559 coustu-

357 578 560 619 prationem.

401 631 441 659 85
465 626 628 667 Tarquini]
651 626 717 659 Qui
730 626 874 657 Thuscis
883 626 1046 666 subactis,

358 686 424 708 non
438 676 548 707 fasces
561 680 703 711 tantum,
716 684 798 716 quos
811 675 981 715 aptissime
995 684 1047 705 su-

356 725 464 766 perbos
487 729 587 755 vocat
605 723 735 762 Ροὲῑεις
756 723 815 754 sed
839 728 875 755 et
900 723 965 754 alia
979 732 1046 754 om-

359 774 416 804 nia
431 773 556 804 decora
578 777 614 803 et
636 773 794 813 insignia,
808 772 927 814 quibus
943 772 1046 811 impe-

359 823 401 854 rii
426 822 572 862 dignitas
591 821 728 862 eminet,
748 823 884 853 Romam
906 822 1046 853 invexit.

362 875 505 905 Tvrrent.
550 875 687 913 Fasceis,
712 873 829 911 dubito,
852 872 908 912 an]
929 872 1047 911 Virga-

361 932 434 954 rum
459 922 581 959 fasces,
603 933 686 965 quos
710 923 880 954 securibus
897 922 1048 960 alligatos

357 972 497 1004 lictores
518 973 660 1014 primum
685 977 764 1003 ante
780 972 903 1012 Reges,
931 975 1049 1010 postea

359 1026 439 1053 ante
468 1022 629 1054 Consules
658 1021 699 1052 ad
738 1021 853 1061 populi
885 1025 1047 1050 terrorem

358 1071 551 1110 portabant.
569 1070 710 1109 Catonis]
718 1070 854 1101 Catonis
865 1069 1048 1108 Uticensis,

361 1119 417 1159 qui
438 1119 601 1150 violentas
627 1128 742 1149 manus
766 1118 831 1149 sibi
853 1119 982 1157 intulit,
1006 1127 1047 1148 ne

360 1168 489 1198 vultum
510 1168 646 1208 tyranni
668 1167 854 1207 aspiceret,
879 1171 917 1198 ut
940 1166 1049 1207 inquit

359 1217 492 1248 Cicero.

403 1268 444 1297 ³7
468 1266 632 1305 Regulum,
642 1265 710 1305 δῖα]
727 1265 894 1305 Regulum
908 1263 1047 1295 Cartha-

359 1315 530 1355 ginienses
546 1315 685 1345 resectis
702 1314 870 1354 palpebris
884 1313 1048 1352 illigatum

358 1365 394 1395 in
419 1363 573 1394 machina
598 1363 770 1403 perpetuis
787 1362 904 1401 vigiliis
926 1370 1048 1391 necue-

357 1417 450 1444 runt.
493 1411 642 1451 Scaurus]
678 1411 850 1444 Quoniam<
873 1410 962 1440 clara
991 1419 1047 1440 ex-

358 1462 433 1493 titit
442 1462 549 1492 virtus
561 1461 595 1491 in
603 1460 751 1501 Republ.
764 1458 1039 1490 administranda.

403 1513 444 1541 38
467 1509 641 1548 Prodigum
669 1507 817 1547 Paulum]
839 1507 980 1538 Paulum
999 1507 1047 1537 vi-

360 1563 406 1589 tae
431 1561 710 1597 contemptorem,
731 1557 788 1597 qui
813 1556 955 1586 animam
973 1564 1048 1595 pro-

360 1606 452 1638 fudit
481 1606 523 1637 ad
552 1606 698 1644 Cannas,
722 1605 780 1636 ubi
808 1613 882 1636 cum
908 1604 1049 1645 quadra-

365 1655 460 1695 ginta
476 1659 511 1686 et
533 1655 678 1694 quinque
703 1654 926 1684 Romanorum
952 1653 1050 1684 milli·

362 1704 424 1735 bus
437 1708 490 1734 est
505 1703 653 1734 occisus:
674 1702 752 1733 vide
767 1702 910 1734 Livium.
939 1701 1049 1741 Poeno]

361 1751 567 1783 Hannibale.

404 1804 446 1832 39
469 1801 591 1832 Gratus
613 1799 747 1840 insigni]
772 1798 908 1837 Libens,
925 1803 962 1830 ut
982 1809 1051 1831 me·

361 1860 436 1882 mor
451 1850 645 1881 meritorum
659 1849 756 1880 Pauli
773 1849 807 1879 in
823 1848 987 1880 Patriam.

403 1902 446 1930 40
479 1898 730 1938 Fabriciumque]
776 1897 965 1928 Fabricium
998 1902 1051 1928 ter

361 1948 554 1986 Consulem,
569 1947 611 1978 de
631 1948 725 1987 cujus
742 1946 957 1985 abstinentia,
973 1955 1051 1977 con-

364 1996 520 2035 tinentia,
535 1996 731 2035 severitate,
754 1995 893 2035 aliisque
909 1994 1051 2034 egregiis

362 2045 465 2076 animi
478 2044 625 2084 dotibus,
641 2043 717 2074 vide
734 2043 908 2074 Plutarch.
923 2049 958 2073 et
973 2043 1050 2073 Val.

362 2093 457 2124 Max.

403 2143 444 2171 41
469 2140 574 2180 Hanc,
597 2140 667 2181 ssa]
689 2140 888 2171 Fabricium.
932 2139 1051 2170 Incom-

359 2188 404 2220 tis
424 2187 556 2228 capillis]
580 2190 667 2220 Nam
689 2198 730 2219 eo
755 2194 904 2228 tempore
926 2186 1052 2227 floruit,

364 2246 431 2277 quo
459 2237 590 2269 barbati
617 2238 777 2268 Consules
798 2237 924 2278 optime
949 2241 1051 2277 atque

363 2286 637 2317 innocentissime
659 2285 826 2327 Rempub.
851 2295 982 2324 rexere,
1002 2286 1051 2316 in-

364 2335 455 2366 tonsi
486 2344 588 2376 usque
612 2335 654 2366 ad
670 2345 791 2366 annum
807 2335 848 2366 ab
866 2345 899 2366 u.
922 2344 952 2366 c.
975 2337 1050 2366 454.

364 2394 432 2426 quo
455 2389 608 2416 tonsores
632 2386 773 2425 primum
796 2385 830 2416 in
853 2386 985 2416 Italiam
1009 2395 1051 2416 ex

364 2433 479 2464 Sicilia
515 2434 557 2464 P.
586 2434 731 2465 Ticinius
758 2435 864 2466 Mena
900 2434 1052 2470 adduxit.

366 2482 507 2514 Torreat.
542 2482 725 2522 Incomptis]
748 2483 887 2522 Capillis
898 2483 1051 2523 impexis.

364 2531 479 2570 Turpe
495 2535 548 2563 est
574 2532 642 2562 viro
670 2531 829 2563 bellicoso
851 2540 978 2563 comam
993 2532 1051 2563 ha-

364 2579 446 2610 bere
459 2584 640 2620 comptam.
652 2584 687 2611 et
697 2580 964 2612 calamistratam.
989 2581 1050 2611 Cu-

364 2629 447 2658 rium
455 2629 590 2670 capillis]
613 2629 733 2661 Curius
748 2630 945 2662 Samnitibus
960 2639 1050 2670 mag-

366 2685 444 2706 num
473 2679 546 2709 auri
574 2678 703 2719 pondus
734 2678 799 2710 sibi
834 2677 1050 2710 afferentibus

365 2728 466 2766 dixit,
493 2730 559 2760 ‘Se
581 2731 679 2762 malle
711 2740 825 2761 aurum
852 2730 1050 2763 habentibus

365 2777 544 2818 imperare,
560 2788 657 2819 quam
674 2779 866 2819 possidere.'

816 290 956 322 NOTAE

989 290 1249 322 VARIORUM
1279 291 1334 321 IN

1137 384 1181 414 42
1205 382 1304 421 Tulit,
1328 382 1398 422 ξω]
1422 380 1584 420 Protulit,
1610 379 1782 420 produxit.

1099 431 1189 462 Cam·
1213 430 1277 470 um]
1299 429 1456 460 Camillus
1468 434 1565 460 sexto
1580 437 1693 460 mense
1705 435 1780 470 post

1097 480 1239 512 Romam
1254 490 1274 511 a
1288 480 1394 511 Gallis
1417 483 1548 519 captam
1573 487 1630 509 eos
1653 486 1696 509 ex
1711 477 1781 510 Ita·

1096 528 1140 558 lia
1155 528 1295 568 expulit.
1519 534 1522 536 ’
1775 551 1778 554 -

1138 579 1180 607 43
1203 577 1291 608 Soeva
1315 577 1495 618 paupertas]
1531 576 1644 616 Acris,
1669 575 1780 617 fortis,

1097 629 1199 666 atque
1211 627 1357 658 animosa
1369 638 1379 666 3
1401 632 1460 658 aut
1474 627 1561 658 dura
1570 630 1670 667 atque
1684 634 1782 667 aspe-

1095 684 1155 712 ra;
1177 683 1243 706 non
1268 676 1356 717 quod
1381 677 1456 716 ipsa
1478 676 1542 708 sibi
1557 675 1784 708 assuescenti·
1827 675 1830 677 ’

1096 723 1159 754 bns
1189 725 1290 756 talem
1315 734 1389 756 sese
1414 725 1580 766 praebeat,
1604 723 1663 756 sed
1691 723 1781 765 quod

1095 773 1181 804 tales
1196 783 1254 805 eos
1266 773 1426 805 adversus
1441 773 1587 805 fortunas
1602 782 1699 804 casus
1709 771 1781 804 effi-

1096 822 1176 862 ciat,
1213 823 1223 840 ‘
1245 832 1325 854 vere
1356 823 1512 855 faecunda
1540 821 1711 863 virorum,'
1741 826 1781 854 ut

1097 871 1251 902 Lucanus
1281 872 1340 904 ait.
1373 872 1513 912 Optima
1536 871 1624 902 euim
1653 870 1695 902 ad
1719 871 1781 902 mi-

1095 920 1202 951 litiam
1217 921 1391 952 educatrix
1407 931 1446 952 uc
1461 921 1585 952 rectrix
1599 924 1781 961 paupertas

1097 974 1159 1001 est.
1183 971 1322 1002 Torreat.
1364 971 1456 1002 Soeua
1477 969 1657 1010 paupertas]
1691 970 1782 1001 Pau·

1097 1022 1211 1059 pertas
1237 1029 1370 1060 aspera,
1392 1024 1427 1051 et
1451 1028 1611 1060 perpessu
1627 1017 1781 1050 difficilis.

1097 1067 1211 1099 Avitus
1224 1067 1311 1107 apto]
1333 1068 1467 1100 Fundus
1486 1078 1505 1099 a
1519 1068 1587 1099 suis
1600 1067 1782 1107 maJoribus

1097 1116 1162 1147 sibi
1175 1117 1323 1148 relictus.

1102 1181 1107 1185 1
1138 1168 1181 1197 44
1206 1166 1283 1197 Cum
1310 1167 1374 1197 lare
1397 1165 1531 1205 sundm]
1569 1165 1653 1196 Cum
1682 1164 1782 1201 domo

1097 1225 1163 1247 non
1179 1220 1384 1256 sumptuosa,
1407 1215 1467 1247 sed
1483 1225 1559 1256 quae
1574 1213 1712 1246 fundum
1728 1214 1783 1249 de-

1098 1268 1185 1296 ceat.

1138 1316 1179 1344 45
1211 1314 1336 1344 Occulta
1361 1313 1461 1354 velut]
1493 1312 1652 1352 Occulte‚
1679 1312 1782 1343 veluti

1097 1362 1211 1400 arbor,
1241 1373 1314 1402 quae
1343 1363 1504 1402 temporis
1529 1372 1708 1402 progressu
1733 1363 1783 1393 in-

1097 1410 1234 1451 crescit,
1256 1411 1444 1441 bominibus
1470 1420 1539 1443 non
1575 1411 1784 1443 advertenti-

1096 1459 1169 1490 bus.

1138 1510 1180 1539 46
1204 1508 1300 1540 Fama
1318 1508 1473 1548 Marcelli]
1496 1508 1697 1540 Marcellum
1714 1508 1782 1540 Oc-

1097 1558 1196 1588 taviae
1211 1557 1331 1588 sororis
1343 1557 1488 1598 Augusti
1500 1557 1602 1588 filium
1619 1557 1783 1598 intelligo,

1097 1606 1150 1637 cui
1166 1606 1234 1641 ille,
1252 1606 1306 1637 vix
1322 1607 1502 1646 pueritiam
1518 1616 1665 1647 egresso.
1680 1606 1782 1638 filiam

1098 1663 1189 1685 suam
1224 1654 1350 1686 Juliam
1382 1656 1503 1696 nuptui
1540 1656 1646 1687 dedit.
1688 1656 1783 1687 Suet.

1098 1702 1186 1743 Aug.
1201 1712 1277 1743 cap.
1288 1707 1343 1735 63.
1362 1704 1502 1737 Torreat.
1522 1704 1679 1745 Marcelli]
1690 1705 1782 1736 Mar-

1100 1752 1203 1782 cellus
1229 1752 1404 1793 quinquies
1419 1754 1542 1784 Consul
1565 1753 1691 1794 fuerat,
1711 1759 1783 1786 tan-

1099 1800 1175 1831 dem
1191 1810 1270 1832 vero
1287 1801 1329 1832 ab
1345 1802 1497 1842 equitatu
1510 1802 1710 1834 Hannibalis
1721 1804 1785 1836 eir·

1100 1855 1295 1881 cumventus
1309 1854 1371 1886 est,
1387 1856 1423 1881 et
1437 1851 1575 1882 occisus.

1141 1901 1183 1929 47
1205 1898 1338 1938 Juliam]
1361 1898 1393 1930 A
1411 1899 1587 1934 Marcello,
1612 1899 1667 1940 qui
1691 1899 1784 1939 genti

1099 1948 1200 1980 Julioe
1218 1948 1289 1987 jam
1306 1948 1451 1979 insertus
1467 1952 1551 1987 erat,
1567 1948 1725 1988 paulatim
1741 1947 1784 1978 ad

1099 1995 1243 2035 Augusti
1266 1995 1398 2026 laudem
1420 1996 1654 2036 descensurus,
1674 1996 1784 2027 obiter

1101 2046 1207 2084 patris
1229 2045 1303 2084 ejus
1319 2046 1356 2076 C.
1380 2045 1462 2077 Julii
1479 2045 1632 2080 Caesaris,
1657 2050 1692 2075 et
1711 2046 1782 2084 qui-

1099 2093 1175 2124 dem
1191 2097 1348 2134 tanquam
1373 2093 1406 2124 in
1431 2094 1551 2124 caelum
1568 2093 1676 2128 relati.
1693 2102 1784 2124 men-

1099 2141 1223 2172 tionem
1252 2141 1425 2182 interjicit.
1463 2142 1603 2173 Torrent.
1648 2142 1784 2181 Juliam]

1099 2190 1203 2221 Stella
1223 2190 1357 2229 crinita,
1383 2199 1457 2230 quae
1480 2190 1550 2222 visa
1575 2194 1628 2222 est
1653 2195 1783 2230 septem

1099 2244 1217 2270 noctes
1233 2243 1308 2279 post
1319 2239 1483 2270 Caesarem
1499 2239 1656 2279 occisum,
1669 2245 1705 2270 et
1715 2249 1787 2270 cre·

1101 2286 1244 2318 debatur
1255 2296 1327 2318 esse
1343 2288 1486 2319 Caesaris
1497 2289 1606 2319 anima
1617 2288 1652 2319 in
1666 2289 1783 2319 coelum

1102 2336 1290 2372 subvolans,
1317 2340 1352 2367 et
1378 2337 1412 2367 in
1441 2337 1589 2368 Deorum
1610 2346 1783 2368 numerum

1101 2392 1250 2426 recepta.
1281 2387 1368 2416 Inter
1382 2385 1485 2426 ignes]
1506 2386 1602 2418 Inter
1616 2386 1741 2418 stellas.

1141 2438 1184 2466 49
1207 2435 1319 2475 Pater]
1339 2435 1486 2475 Jupiter.

1142 2487 1181 2514 51
1200 2485 1290 2516 Fatis
1303 2485 1394 2525 data]
1413 2485 1479 2516 Per
1494 2484 1684 2525 fata,juxta
1695 2485 1783 2518 stoi-

1101 2543 1215 2565 corum
1230 2534 1430 2573 opinionem,
1443 2534 1500 2575 qni
1514 2535 1605 2565 Deos
1621 2535 1784 2566 immorta-

1099 2583 1149 2613 les
1163 2582 1242 2614 fatis
1258 2583 1398 2622 obligari
1415 2583 1531 2613 volunt
1546 2583 1589 2614 ad
1603 2583 1782 2614 observan-

1101 2632 1145 2663 da
1166 2640 1280 2663 eorum
1304 2635 1444 2663 statuta.
1489 2632 1537 2662 Tu
1564 2631 1708 2671 secundo]
1730 2631 1783 2662 Ita

1101 2690 1234 2721 regnes,
1248 2684 1288 2712 ut
1298 2681 1411 2712 Caesar
1426 2679 1598 2721 Augustus
1612 2679 1656 2711 sit
1669 2687 1786 2710 secun-

1101 2731 1163 2761 dus
1178 2734 1253 2770 post
1268 2734 1312 2765 te,
1326 2729 1456 2760 scilicet
1470 2734 1508 2761 ut
1521 2729 1601 2761 tuin
1611 2728 1694 2760 coelo
1707 2735 1783 2767 reg-

1101 2788 1170 2819 nes,
1185 2779 1298 2810 Caesar
1312 2779 1344 2810 iu
1361 2777 1468 2810 terris.
