1930 3204
357 271 466 312 1514

357 371 527 403 exercenti
551 371 694 403 belluam
715 373 876 403 marinam
897 376 1036 412 repente

356 420 508 452 immisit:
527 430 590 460 qua
600 421 756 451 exterriti
769 421 858 460 equi,
869 420 1037 451 infelicem

354 469 510 509 juvenem
534 478 594 508 per
616 469 688 499 avia
711 474 900 508 raptantes‚
923 469 1038 499 miser-

357 518 439 549 rime
454 518 670 549 dilaniarunt.
714 518 800 548 Vide
824 519 926 549 Ovid.
951 518 1037 548 Met.

357 575 417 597 xv.
441 571 477 597 et
490 566 691 596 Claudianus
706 567 794 597 bello
810 567 955 598 Getico:
973 567 981 582 ‘
997 567 1040 596 Et

354 615 514 654 juvenem
531 620 653 653 spretaz
669 615 829 645 laniatum
844 614 962 645 fraude
982 624 1039 644 no-

359 671 469 692 vercae
486 662 562 692 Non
577 662 647 692 sine
657 655 795 693 Circaeis
811 663 950 694 Latonia
965 662 1040 693 red-

362 711 448 742 didit
460 711 596 742 herbis!
609 711 745 742 Torrent-
767 711 934 750 Pudicam]
956 711 1042 750 Hip-

359 759 522 798 polytum,
532 763 672 798 castum,
683 759 737 799 qui
750 769 809 790 sua
823 758 1043 798 temperantia

361 807 560 846 compressit
593 807 763 838 libidinem
793 807 947 838 Phaedrae
975 815 1042 837 suae

364 864 529 885 novercae.

403 905 445 934 27
469 903 534 934 Nee
556 903 681 934 Lethaea
709 905 788 935 valet
813 903 959 942 Theseus]
989 903 1045 933 De

362 950 483 982 Thesei
512 951 554 981 ad
585 951 709 982 inferos
739 953 901 983 descensu
930 953 1047 991 ingens

365 999 666 1030 Grammaticorum
682 1001 851 1031 contentio
873 1006 948 1038 est;
970 1000 1047 1030 inde

366 1047 576 1086 potissimum
597 1053 728 1087 exorta,
750 1050 837 1088 qnod
854 1049 948 1087 Vir-g.
971 1058 1047 1078 cum

365 1095 493 1126 Thesea
507 1095 596 1125 inter
606 1104 664 1126 eos
677 1097 878 1127 nominasset
891 1097 946 1137 qui
964 1096 1051 1127 infe-

366 1152 420 1174 ros
434 1143 594 1182 adissent,
604 1144 827 1184 dixissetque:
843 1146 853 1162 ‘
863 1145 951 1177 Quid
964 1146 1050 1176 The-

366 1201 424 1222 sea
448 1201 615 1232 magnum,
637 1193 727 1225 Quid
760 1203 938 1224 memorem
961 1193 1051 1225 Alci-

371 1240 474 1271 den?’
492 1245 612 1280 postea
628 1246 740 1272 tamen
758 1242 892 1273 intulit:
922 1243 932 1260 ‘
946 1242 1052 1274 Sedet

369 1293 599 1327 aeternumque
639 1290 771 1321 sedebit
810 1290 935 1322 Infelix
965 1291 1052 1322 ‘rhe-

369 1336 467 1367 seus.'
510 1337 610 1368 Hunc
623 1339 917 1376 scrupulum-teste
940 1339 1052 1370 Gellio

371 1393 407 1416 x.
426 1388 474 1416 16.
518 1385 630 1417 Julius
653 1385 808 1425 Hyginus
830 1387 909 1417 olim
938 1387 1053 1418 movit.

372 1434 543 1466 AEternum
553 1434 640 1464 enim
652 1435 718 1464 illic
728 1435 845 1465 sedere
858 1444 921 1465 non
934 1436 1054 1474 potuit.

373 1489 408 1516 et
421 1484 508 1515 idem
521 1484 561 1515 ab
573 1485 724 1515 Hercule
736 1485 882 1515 liberari.
905 1485 1054 1525 Respon-

371 1533 487 1564 demus
510 1542 584 1564 cum
607 1533 752 1565 Joviano
775 1534 939 1572 Pontano‚
965 1533 1054 1564 Her-

369 1582 453 1612 culis
465 1581 596 1621 quidem
608 1591 672 1620 ope
682 1581 881 1612 incolumem
892 1581 1032 1612 rediisse
1045 1591 1055 1619 3

371 1629 429 1660 sed
460 1633 578 1668 postea
610 1630 820 1668 morientem,
851 1630 984 1660 aeternis
1014 1630 1056 1660 ob

374 1682 515 1707 mortem
541 1676 720 1717 Hippolyti
748 1677 807 1707 filii
836 1677 975 1708 vinculis
1001 1678 1058 1708 ad-

375 1725 526 1755 strictum
549 1725 686 1755 sedisse.
725 1725 812 1754 Vide
824 1733 879 1755 nr.
895 1725 964 1756 Od.
978 1728 1008 1755 4.
1026 1725 1059 1755 in

374 1773 453 1804 fine.
470 1774 557 1804 Torr.
587 1773 714 1804 Lethoea
729 1773 823 1812 valea]
855 1773 998 1804 Vincula
1013 1773 1061 1804 in-

377 1821 520 1852 fernalia
530 1831 548 1852 a
558 1822 664 1852 Lethe
675 1820 813 1852 flumine
826 1821 914 1861 apud
926 1820 1062 1852 inferos.

383 1870 530 1910 Theseus]
554 1869 703 1900 Theseus
718 1874 754 1900 et
775 1870 953 1901 Perithous
974 1870 1063 1900 inter

381 1920 546 1950 rarissima
562 1919 618 1949 illa
628 1923 770 1959 quatuor
781 1919 957 1950 amicorum
970 1919 1064 1959 paria

379 1973 640 2005 enumerantur-3
663 1969 719 2008 qui
733 1968 773 1998 ad
785 1967 908 1998 inferos
923 1968 1066 1999 descen-

379 2017 512 2054 dentes,
541 2021 579 2046 ut
601 2016 679 2046 inde
709 2016 946 2056 Proserpinam
970 2025 1065 2055 rape-

379 2069 467 2102 rent,
479 2064 600 2094 ibidem
611 2063 689 2094 victi
703 2068 945 2094 remanserunt.
975 2064 1064 2094 Vide

380 2112 471 2142 Plut.
487 2112 521 2142 in
536 2112 614 2142 Vita
628 2112 762 2142 Thesei.

381 2159 463 2191 Ona
478 2168 562 2190 vni.
579 2158 836 2196 Ἐγκωμιαστυιή.
852 2158 912 2188 An
925 2158 1065 2189 MAR'rr-

421 2217 474 2239 υΜ
485 2208 734 2239 ΟΕΝεοΒιΝυΜ.
746 2206 836 2237 Nihil
849 2206 1002 2246 est,quod
1011 2207 1067 2237 lio·

423 2257 530 2287 mines
559 2255 665 2295 magis
689 2255 893 2285 immortales
921 2254 1066 2285 reddere

424 2307 542 2346 possit,
567 2315 664 2346 quam
693 2305 875 2336 Poetarum
908 2304 1065 2334 carmina.

423 2355 620 2395 [Bamberg.
647 2353 842 2393 Comparatio
863 2352 982 2392 poetica
997 2352 1069 2382 viei-

422 2413 508 2434 orum
521 2403 613 2434 simul
625 2406 655 2433 et
676 2402 815 2439 virtutis,
830 2399 1069 2439 encomiasticeq

427 2456 444 2484 1
472 2452 616 2492 Poteras]
641 2451 728 2482 Vasa
751 2454 924 2490 argentea,
947 2449 1069 2489 quibus

383 2504 460 2535 olim
471 2502 657 2534 Pontifices
673 2507 708 2533 et
724 2501 916 2532 sacerdotes
928 2500 960 2531 in
973 2500 1070 2530 sacri-

385 2553 469 2584 ficiis
480 2553 672 2584 utebantur.
691 2551 887 2591 Commodus]
900 2550 939 2581 In
949 2549 1070 2581 nostris

388 2603 470 2633 Mss.
486 2601 637 2632 omnibus
651 2601 812 2632 commodis
828 2599 964 2639 legitur,
979 2599 1071 2629 etsie

389 2649 432 2679 ab
449 2650 592 2681 Horatio
603 2649 761 2689 scriptum
773 2648 876 2679 fuisse
888 2648 1071 2678 crederem.

386 2696 459 2726 Illis
469 2698 556 2728 enirn
568 2699 760 2738 plerumque
771 2697 942 2732 donamus.
954 2696 1010 2737 qui
1020 2697 1072 2726 vel

389 2745 682 2776 commodaverunt
711 2746 816 2785 nobis,
850 2745 903 2776 vel
932 2752 1072 2776 commo-

804 282 944 312 NOTAE
978 281 1237 312 VARIORUM
1270 280 1320 310 m

1088 371 1167 402 dare
1177 371 1314 411 possint.
1358 371 1431 401 Nec
1448 373 1513 401 tam
1530 369 1764 402 liberalitatem

1087 425 1122 451 et
1133 419 1387 451 beneficentiam
1400 419 1454 449 hic
1471 418 1635 458 promittit
1646 418 1766 456 Poeta,

1087 477 1182 509 quam
1197 468 1451 508 gratitudinem3
1477 468 1548 506 ipse
1565 467 1650 498 haud
1666 467 1766 498 dubie

1089 526 1108 546 a
1123 516 1306 547 Censorino
1329 515 1447 555 insigni
1473 515 1582 556 aliquo
1606 515 1767 547 beneficio

1091 570 1168 594 ante
1181 563 1329 594 affectus.
1345 564 1431 594 Torr.
1463 563 1658 602 Commodus]
1671 564 1769 594 Com-

1090 613 1206 642 modus
1221 612 1388 646 donarem,
1400 612 1431 641 id
1446 616 1509 650 est,
1523 611 1556 641 in
1571 621 1612 642 eo
1627 620 1770 642 commo-

1092 661 1151 691 dus
1166 669 1281 696 essem,
1301 666 1336 691 et
1357 661 1530 700 benignus,
1555 661 1644 701 quod
1667 659 1770 691 dona-

1093 718 1162 739 rem
1175 714 1306 749 pateras
1318 710 1400 740 meis
1415 709 1596 745 sodalibus,
1611 710 1674 740 &c.

1133 760 1153 788 2
1167 757 1414 796 AErasodalibus]
1429 758 1573 793 Statuas,
1586 758 1639 788 vel
1651 757 1772 798 pocula

1094 814 1136 836 ex
1151 815 1216 836 aere
1231 806 1334 837 facta.

1135 856 1154 884 3
1177 853 1489 893 Donaremtripodas]
1510 854 1660 885 Duorum
1673 861 1774 892 gene-

1096 911 1166 932 rum
1182 902 1332 941 tripodes
1358 902 1466 932 fuere:
1491 903 1631 932 alterum
1646 902 1700 942 qui
1723 901 1775 939 ἐμ-

1096 949 1262 989 πυριβήτης
1286 949 1476 989 dicebatur,
1495 958 1560 989 quo
1579 958 1664 990 aqua
1687 950 1775 980 cale-

1095 998 1223 1030 fiebat:
1247 998 1388 1028 alterum
1410 997 1442 1027 in
1459 1006 1524 1037 quo
1539 997 1650 1028 viuum
1671 997 1779 1029 dilue-

1099 1048 1198 1078 batur
1212 1057 1220 1084 ;
1257 1055 1353 1087 quem
1369 1046 1444 1086 qnia
1461 1045 1528 1085 igni
1543 1054 1610 1076 non
1627 1045 1781 1076 admove·

1100 1096 1192 1135 bant,
1213 1095 1327 1136 ἄπυρον
1338 1094 1518 1132 vocabant,
1532 1098 1570 1124 ut
1584 1098 1618 1124 et
1634 1093 1780 1132 ἂναθεμα-

1099 1144 1194 1176 τικόν·
1217 1145 1275 1186 qui
1301 1144 1402 1175 etiam
1426 1143 1467 1173 ad
1494 1137 1615 1173 aediuni
1642 1142 1782 1183 templo-

1101 1203 1240 1235 rumque
1256 1197 1410 1224 ornatum
1425 1191 1635 1230 servabatur,
1657 1190 1700 1221 de
1715 1200 1782 1232 quo

1102 1244 1202 1275 etiam
1219 1242 1399 1274 Athenaeus
1410 1241 1470 1273 lib.
1488 1249 1529 1272 u.
1544 1240 1621 1271 olim
1637 1240 1782 1271 militare

1101 1292 1241 1331 donum,
1266 1295 1303 1322 ut
1321 1290 1520 1332 frequenter
1549 1289 1635 1329 apud
1661 1288 1785 1320 Home-

1103 1350 1173 1371 rum
1197 1340 1375 1377 cernimus,
1401 1348 1439 1369 ac
1464 1338 1559 1378 Virg.
1580 1337 1654 1368 AEn.
1670 1347 1705 1368 v.
1720 1336 1782 1367 ‘In

1102 1388 1212 1418 medio
1234 1387 1320 1418 sacri
1345 1385 1515 1426 tripodes:
1541 1386 1606 1415 &c-
1635 1383 1724 1414 Vide
1747 1387 1783 1414 et

1103 1437 1208 1468 Hadr.
1220 1436 1356 1468 Junium
1373 1433 1525 1465 Animad.
1541 1441 1580 1464 ιι.
1590 1435 1621 1464 8.
1645 1432 1783 1464 Torreat.

1106 1485 1263 1525 Tripodes]
1286 1484 1420 1514 Menses
1435 1482 1608 1522 militares,
1619 1481 1708 1523 quod
1724 1480 1784 1512 do-

1102 1543 1180 1565 num
1210 1533 1298 1573 apud
1328 1532 1465 1563 Graecos
1499 1534 1572 1560 erat
1601 1530 1785 1570 egregium.

1104 1583 1228 1622 Tripus
1251 1586 1319 1612 tres
1349 1579 1452 1620 pedes
1475 1588 1537 1619 pro
1559 1578 1784 1610 sustentaculo

1105 1631 1263 1668 habebat,
1283 1634 1320 1660 ut
1344 1627 1478 1659 fortiter
1503 1631 1619 1667 staret,
1641 1631 1677 1658 et
1705 1626 1785 1657 viris

1107 1678 1246 1710 fortibus
1258 1678 1331 1708 dari
1347 1676 1475 1707 solebat
1489 1676 1524 1706 in
1537 1676 1666 1715 signum
1681 1675 1786 1706 victo-

1108 1728 1178 1758 riae.
1223 1725 1347 1768 [Codd.
1360 1735 1413 1766 ap.
1429 1724 1654 1764 Jaeck,neque
1675 1725 1789 1764 turpis—
1831 1724 1835 1727 ’

1109 1777 1186 1807 sima
1209 1784 1375 1806 munerum.
1399 1778 1434 1804 et
1458 1774 1506 1804 sie
1520 1773 1599 1804 Vat.
1625 1772 1736 1803 Palat.
1757 1776 1790 1803 5.

1111 1831 1147 1857 et
1160 1825 1282 1856 Venet.
1299 1822 1405 1863 1486]

1154 1878 1172 1904 5
1197 1874 1323 1914 Fer-res]
1359 1873 1479 1912 Neque
1506 1874 1543 1901 tu
1569 1869 1730 1908 auferres,
1757 1871 1792 1899 et

1113 1923 1284 1962 acciperes
1301 1922 1440 1961 pessima
1453 1927 1601 1950 munera.
1623 1918 1733 1948 Divite
1747 1925 1794 1947 me

1112 1971 1242 2011 artium]
1263 1971 1297 2002 Si
1310 1979 1416 2000 essem
1430 1969 1534 2007 dives,
1545 1971 1580 1998 et
1590 1965 1794 1997 abundarem

1115 2020 1254 2057 artibus,
1264 2019 1297 2049 id
1313 2023 1378 2056 est,
1389 2017 1490 2056 signis
1504 2021 1539 2047 et
1549 2015 1670 2046 tabulis
1682 2013 1795 2053 pictis,

1114 2077 1207 2107 quas,
1221 2069 1283 2097 διο.

1155 2119 1176 2146 6
1198 2113 1351 2152 Protulit]
1387 2114 1476 2144 Quas
1506 2115 1596 2141 artes
1625 2108 1796 2149 evulgavit

1115 2163 1238 2204 populo
1275 2161 1480 2198 Parrhasius,
1520 2158 1630 2198 pictor
1673 2158 1795 2196 clarus,

1115 2216 1212 2243 natus
1249 2210 1383 2250 Ephesi,
1422 2208 1474 2239 vel
1511 2207 1566 2248 (ut
1593 2206 1647 2237 alii
1678 2206 1797 2237 volunt

1116 2260 1269 2292 Athenis.
1284 2257 1410 2297 Scopas]
1433 2257 1601 2296 sculptor,
1618 2255 1796 2286 statuarius

1117 2309 1268 2350 insignis.

1158 2361 1177 2389 ’1
1201 2358 1266 2388 Hic
1279 2356 1369 2395 saxo]
1394 2355 1459 2386 Hic
1474 2354 1610 2394 Scopas.
1654 2353 1801 2385 Illecolo-

1117 2408 1220 2448 ribus]
1240 2408 1302 2438 Ille
1317 2405 1525 2437 Parrhasius.

1161 2460 1180 2488 8
1203 2457 1304 2487 solers
1323 2454 1446 2494 ponere]
1476 2453 1532 2484 Sic
1556 2451 1667 2483 Graeci
1690 2450 1802 2482 τιθέναι

1119 2514 1180 2544 pro
1209 2503 1336 2543 fingere
1366 2502 1436 2532 sive
1468 2500 1591 2532 facere.
1614 2499 1735 2531 Horat.
1757 2499 1801 2530 de

1123 2553 1204 2583 Arte
1219 2563 1227 2582 :
1250 2554 1259 2569 ‘
1275 2551 1362 2583 Quia
1378 2558 1502 2589 ponere
1519 2552 1624 2579 totum
1639 2547 1803 2579 Nesciet!

1122 2600 1200 2631 Vid.
1215 2600 1318 2630 Turn.
1337 2606 1391 2629 1x.
1405 2599 1458 2628 81.
1493 2596 1596 2627 Solers
1610 2605 1687 2626 nuno
1706 2595 1802 2626 homi·

1121 2648 1204 2688 nem]
1226 2647 1360 2678 Peritus
1388 2645 1430 2676 ad
1454 2643 1657 2684 ponendum,
1681 2647 1716 2674 et
1736 2642 1801 2673 for-

1123 2698 1278 2730 mandum
1293 2704 1382 2726 nunc
1395 2694 1573 2730 hominem,
1583 2701 1670 2724 nuuc
1682 2693 1800 2722 Deum.

1122 2749 1242 2788 [Socors
1256 2769 1264 2778 .
1278 2768 1286 2777 .
1298 2767 1305 2775 .
1314 2745 1440 2784 pingere
1455 2742 1552 2774 codd.
1566 2751 1618 2782 ap.
1633 2739 1751 2777 Jseck,
1767 2743 1803 2768 et
