1904 3216
443 294 651 326 nouam
685 293 961 325 salmonum
995 295 1091 327 mu.
1125 296 1175 326 n.
1205 285 1246 327 2.

120 387 227 429 Lupus
240 388 291 420 hic
306 387 481 426 Tiberinus,
495 397 536 419 an
548 386 626 427 alto]
650 386 702 418 An
718 385 817 426 piscis

119 438 186 469 iste
201 438 246 470 sit
260 438 295 470 in
309 436 412 469 fluvio
427 437 543 469 Tiberi
565 443 698 478 captus,
712 445 754 467 au
771 436 818 466 al·

120 491 171 526 to,
186 486 219 518 id
234 491 300 527 est,
315 486 349 518 in
364 486 471 518 mari?

163 539 206 568 82
230 537 349 576 Captus
376 535 456 576 hiet]
488 534 584 567 Ordo
611 538 689 566 est:
714 534 816 566 Unde

119 584 239 617 datum
254 586 373 625 sentis,
388 594 430 616 an
453 585 507 616 hie
521 585 620 625 lupus
636 588 756 624 eaptus
771 585 816 616 sit

117 634 306 671 Tiberinus,
316 643 357 666 an
373 634 445 666 hiet
458 634 491 666 in
507 634 599 665 alto?
627 633 666 664 In
682 635 728 674 τῷ·
740 635 816 674 hiet,

118 690 178 717 aut
193 690 246 716 est
261 685 422 725 Enallage
437 683 610 725 temporis,
627 693 688 724 pro
702 685 816 725 hiarit,

118 733 184 766 hoc
199 738 264 775 est,
288 733 482 775 spiraverit,
495 742 606 764 escam
623 734 814 774 captaverit

115 782 252 822 hiando,
275 782 422 815 vixerit:
445 787 505 814 ant
528 781 643 813 allusit
658 782 700 813 ad
717 787 813 814 natu·

117 841 189 864 ram
227 832 384 873 piscium,
414 833 471 874 qui
508 831 601 872 capti
630 830 812 864 confestim

114 882 150 914 in
175 881 280 914 latum
305 891 344 913 os
373 881 549 913 diducunt.
574 881 670 922 Cruq.
715 881 812 921 Hiet]

113 930 235 963 Pisces
253 939 368 962 omnes
390 931 484 971 capti
510 930 625 961 statim
655 931 750 962 hiant
777 935 813 962 et

117 990 155 1013 os
170 981 204 1012 in
220 981 324 1012 latum
340 980 518 1011 diducunt.
549 980 704 1011 Ponteme
725 980 811 1011 iuter

105 1030 266 1071 jacam]
290 1029 343 1061 An
366 1030 457 1061 inter
479 1034 614 1070 pontes,
637 1029 692 1061 ubi
714 1031 811 1070 lupus

114 1083 168 1110 est
184 1079 307 1119 potior,
319 1083 459 1119 propter
474 1088 596 1120 aquam
612 1079 810 1111 concitatio-

113 1137 199 1160 rem.
243 1128 442 1169 [Barberin.
456 1131 489 1160 2.
501 1129 672 1170 penteone]

157 1180 199 1210 83
238 1177 346 1218 ostia]
389 1177 492 1209 Circa
532 1178 633 1210 Ostia
667 1178 810 1211 Tiberis.

116 1227 284 1260 ffllibrem
320 1228 470 1269 Mullum]
505 1227 595 1269 Lupi
624 1229 738 1268 magni
771 1239 811 1262 ac

113 1277 225 1318 spissi,
240 1277 290 1308 ita
306 1282 342 1308 nt
367 1277 580 1309 tricubitales
603 1288 697 1319 saepe
713 1289 810 1320 repe·

112 1326 264 1359 riantur:
288 1326 351 1358 at‘
365 1326 507 1367 Multis:
530 1327 642 1368 inquit
666 1328 810 1366 Plinius,

114 1376 125 1395 ‘
143 1375 342 1418 magnitudo
362 1376 508 1416 modica,
533 1376 693 1418 binasque
706 1378 809 1410 libras

113 1425 273 1466 ponderis
291 1434 368 1456 raro
382 1430 559 1466 exuperat,
582 1435 644 1457 nec
663 1427 696 1458 in
718 1427 808 1459 viva-

112 1475 171 1507 riis
198 1475 407 1518 piscinisque
432 1476 614 1507 crescunt.'
657 1475 705 1508 At
729 1478 809 1517 gula

111 1534 180 1557 non
209 1526 421 1564 alimentum,
453 1525 512 1556 sed
542 1525 683 1557 delicias
717 1536 807 1567 quae·

110 1584 202 1615 rens,
216 1576 376 1607 adversus
392 1579 558 1615 naturam,
580 1586 643 1608 nec
659 1577 807 1609 modicos

110 1627 202 1656 amat
216 1625 350 1662 mullos,
365 1629 401 1655 et
416 1624 571 1665 ingentes
584 1625 680 1665 lupos
691 1635 806 1667 asper—

110 1678 225 1713 mtur3
241 1683 340 1715 quam
357 1674 518 1705 insaniam
529 1674 665 1715 egregie
681 1674 806 1706 descri-

109 1722 164 1755 bit
176 1722 353 1754 Horatius.
389 1722 478 1753 Illud
489 1723 706 1754 memorabile
717 1725 806 1764 quod

110 1771 240 1803 'tiberii
269 1770 466 1812 principatu
497 1773 650 1803 evenisse
685 1774 806 1804 Sueto·

110 1820 188 1853 nius
199 1820 332 1858 scribit,
347 1824 385 1851 ut
399 1824 469 1851 tres
494 1821 587 1852 mulli
603 1830 692 1853 xxx.
710 1823 806 1854 milli-

112 1870 176 1901 bus
206 1878 377 1900 nummum
407 1869 652 1911 venderentur,
673 1871 716 1903 de
739 1882 807 1913 quo

112 1919 170 1951 ille
185 1919 321 1960 publice
337 1923 475 1961 questus
489 1921 547 1957 sit,
561 1920 632 1962 ipse
649 1927 730 1953 tunc
745 1923 806 1953 mi-

113 1979 187 2001 rum
202 1969 236 2001 in
256 1969 391 2000 modum
414 1979 551 2010 parcus.
598 1971 672 2002 Nec
697 1971 806 2003 minus

111 2018 342 2058 memoranda,
356 2028 431 2060 qua·
453 2019 497 2050 de
519 2020 613 2051 mulli
633 2021 806 2061 exspiran-

111 2068 157 2100 tis
174 2067 282 2100 forma
297 2068 416 2100 scribit
429 2068 559 2100 Seneca
581 2070 710 2102 Quaest.
737 2070 806 2102 Na-

112 2121 180 2149 tnr.
195 2117 254 2149 lib.
269 2125 327 2149 ιιι.
341 2117 391 2148 ita
401 2122 439 2148 ut
454 2118 540 2158 gnlae
554 2127 727 2159 proceres,
740 2128 805 2150 non

111 2167 222 2198 minus
246 2167 304 2198 illo
328 2167 539 2207 spectaculo,
565 2176 663 2208 qnam
690 2173 804 2208 gusta-

110 2216 204 2248 tione
218 2220 449 2257 eaperentnr3
472 2225 513 2247 ae
525 2225 568 2247 ne
579 2222 717 2256 gustare
732 2217 804 2259 qni-

110 2265 194 2317 uem(
212 2265 446 2306 dignarentur,
470 2274 570 2306 quem
594 2275 659 2297 non
676 2267 708 2297 in
724 2276 804 2298 con-

109 2315 200 2348 vivio
223 2316 434 2348 innatantem
459 2316 546 2347 vitro
568 2326 609 2347 ac
635 2317 803 2357 palpitan-

111 2368 182 2396 tem
210 2364 394 2396 vidissent:
418 2368 499 2395 tune
524 2364 670 2405 deniqne
694 2365 805 2396 accla-

110 2417 256 2452 mantes,
280 2412 362 2443 nihil
386 2412 506 2443 melius
529 2412 665 2444 saxatili
690 2414 806 2450 mullo,

111 2461 196 2493 nihil
212 2461 378 2492 moriente
392 2460 582 2492 formosius.
618 2461 716 2492 Idem
733 2460 806 2493 fere

112 2514 262 2542 testatur
272 2509 401 2541 Plinius
415 2519 470 2542 rx.
483 2513 535 2542 17.
571 2511 806 2543 Laudatissimi

114 2563 228 2590 autem
250 2559 341 2589 inter
361 2559 482 2590 mullos
504 2558 651 2600 barbati,
667 2570 688 2591 a
701 2560 807 2593 barba

113 2607 248 2649 gemina
261 2617 328 2648 qua
342 2606 570 2648 insigniuntur
583 2607 742 2640 inferiore
757 2610 805 2641 la-

112 2657 177 2688 bro
202 2657 251 2688 sic
274 2656 377 2688 dicti:
413 2657 536 2688 Cicero
565 2659 575 2675 ⁴
593 2657 806 2690 barbatulos'

113 2709 235 2745 vocat3
257 2705 314 2736 alii
341 2705 510 2737 imberbes
537 2712 638 2737 sunta
666 2707 806 2739 tertium

115 2763 220 2796 genus
234 2754 380 2795 squamis
396 2763 562 2795 asperum.
586 2755 727 2787 Tamne.

157 2806 199 2836 34
223 2804 262 2835 In
286 2802 424 2844 singula]
458 2804 567 2837 Quem
592 2804 722 2837 dividas
748 2814 805 2837 ne-

1447 286 1559 330 1683

866 395 959 418 cesse
975 392 1027 419 est
1043 387 1076 418 in
1087 387 1209 420 frusta.

908 440 948 468 3⁵
975 438 1076 469 Ducit
1104 442 1134 470 te
1162 437 1294 479 species]
1322 438 1478 476 Seducit,
1507 442 1562 471 vel

865 485 1017 518 delectat
1046 492 1081 519 te
1109 488 1204 519 mulli
1232 487 1439 528 magnitudo.
1492 491 1560 526 Quo

860 535 997 575 pertinet
1020 536 1111 577 ergo]
1134 536 1203 568 Cur
1229 537 1333 577 igitur
1356 538 1561 579 magnitudi-

864 593 942 615 nem
958 585 1075 617 laudas
1098 586 1130 617 in
1156 587 1273 626 mullo,
1289 591 1323 618 et
1339 587 1561 628 reprehendis

863 633 897 664 in
913 634 1016 674 lupo?
1063 634 1189 674 [Codd.
1205 646 1260 677 ap.
1280 637 1391 677 Feam,
1405 638 1492 679 quid,
1505 639 1559 670 vel

862 684 942 723 quod
957 684 1121 724 pertinen]

905 734 947 764 36
971 733 1058 773 Illis]
1082 734 1199 774 Lupis.
1467 772 1473 777 x

905 783 946 812 37
970 781 1098 813 Modum
1113 782 1216 823 dedit]
1240 782 1350 814 Dedit
1374 786 1562 824 procerita—

862 833 943 861 tem.

904 882 946 911 38
967 880 1100 919 qu'unus
1114 890 1188 912 raro
1202 881 1389 923 stomachus]
1409 882 1466 914 Sic
1482 882 1560 914 libri

860 929 968 960 nostri
982 940 1110 961 omnes.
1126 940 1304 971 numquam
1311 931 1471 971 jejunum
1485 931 1559 964 fere

861 978 1001 1018 dixeris,
1025 979 1082 1021 qui
1099 980 1256 1020 pridiana
1271 989 1406 1021 semper
1421 983 1560 1022 crapula

861 1034 1116 1070 praegravatur:
1140 1031 1280 1070 placent
1302 1039 1382 1070 ergo
1398 1030 1561 1063 inusitata

860 1087 937 1118 quae
973 1078 1182 1110 stomachum
1218 1078 1365 1111 irritent.
1416 1080 1560 1112 Tamne.

868 1127 1035 1169 Vulgariu]
1072 1128 1239 1169 Vulgares
1266 1128 1370 1160 cibos.
1421 1129 1560 1170 [Hilde-

861 1176 949 1208 bert.
962 1177 1052 1210 Mor.
1065 1178 1156 1209 Phil.
1168 1178 1276 1219 oper.
1290 1179 1354 1210 col.
1368 1181 1443 1211 986.
1463 1180 1558 1221 legit,

859 1227 1000 1266 vulgaria
1014 1228 1165 1269 tempsit]

902 1278 945 1307 39
969 1276 1122 1316 Magnum
1150 1281 1287 1318 spectare
1311 1277 1430 1319 catino]
1459 1279 1557 1320 Mag-

859 1334 936 1356 num
953 1327 1103 1358 mullum.

900 1377 942 1406 40
967 1376 1050 1407 Gula
1058 1376 1156 1416 digna
1167 1376 1345 1417 rapacibus]
1360 1377 1556 1411 Διατύπωσις

857 1424 1033 1464 helluonis,
1059 1426 1115 1456 cni
1139 1426 1218 1466 gula.
1243 1431 1298 1457 est
1323 1435 1389 1458 non
1407 1427 1555 1466 homine,

857 1473 915 1504 sed
951 1474 1101 1514 harpyiis
1133 1474 1311 1505 voracibus
1339 1475 1554 1515 dignissima:

858 1526 915 1553 ant
928 1523 1016 1562 gula,
1039 1522 1072 1553 id
1089 1527 1153 1562 est,
1174 1523 1368 1555 helluonum
1382 1525 1555 1558 luxuriosa

856 1571 986 1602 cibaria
1008 1577 1196 1612 merentur,
1215 1580 1254 1604 ut
1279 1573 1322 1605 ab
1344 1573 1494 1615 harpyiis
1509 1575 1553 1607 de

855 1631 971 1654 mensa
985 1622 1176 1663 eripiantur
1192 1629 1227 1655 et
1243 1629 1407 1656 contactu
1423 1624 1554 1657 faeden-

856 1675 922 1702 tur.
965 1672 1027 1702 Est
1040 1677 1099 1702 aut
1112 1672 1244 1712 harpyia
1264 1671 1414 1712 ἁρπαταὼ
1428 1674 1496 1713 θεὰ,
1518 1675 1553 1705 id

856 1724 921 1759 est,
934 1721 1060 1759 raptrix
1075 1721 1157 1752 Dea.
1181 1722 1283 1762 Cruq.
1332 1722 1415 1752 Gula
1436 1723 1552 1764 digna]

856 1768 1084 1801 Obsoniorum
1097 1769 1222 1808 helluo,
1236 1771 1334 1811 cujus
1349 1771 1454 1812 dapes
1478 1772 1554 1813 dig·

855 1827 909 1848 nae
925 1822 1004 1849 sunt
1022 1819 1254 1860 Harpyiarum
1270 1825 1430 1851 contactu
1445 1821 1554 1863 inqui·

856 1876 941 1899 nari.

897 1919 937 1948 41
963 1917 1140 1949 Praesentes
1155 1919 1281 1961 Austri]
1302 1919 1420 1951 Austri
1443 1921 1553 1960 preci-

856 1965 917 1997 bus
946 1967 1029 1997 meis
1058 1966 1224 2000 faventes.
1282 1969 1415 2010 Coquite
1443 1970 1552 2001 luorum

854 2017 993 2057 opsonia]
1027 2017 1085 2048 Sic
1102 2017 1304 2058 Propertius
1332 2019 1419 2051 libro
1442 2029 1495 2051 lv·
1520 2023 1552 2051 5.

854 2065 959 2096 ‘Vidi
990 2075 1054 2106 ego
1089 2066 1220 2098 odorati
1258 2068 1392 2100 victura
1422 2070 1553 2100 rosaria

854 2114 973 2154 Paesti,
1002 2116 1072 2147 Sub
1108 2117 1275 2148 matutino
1306 2123 1408 2150 cocta
1434 2119 1553 2159 jacere

854 2165 958 2196 noto.'
996 2166 1037 2198 Id
1054 2172 1120 2206 est,
1135 2171 1298 2208 corrupta
1323 2174 1359 2200 et
1382 2169 1554 2209 marcida3

854 2215 940 2247 sicut
954 2220 991 2247 et
1003 2215 1191 2257 Papinius:
1216 2222 1227 2236 ‘
1242 2217 1486 2259 Pubentesque
1500 2228 1553 2250 ro-

854 2275 900 2296 sae
932 2266 1056 2306 primos
1086 2266 1276 2299 moriuntur
1306 2267 1350 2298 ad
1386 2267 1555 2299 Austros-¹

856 2315 973 2347 Austri
990 2316 1079 2347 enim
1107 2326 1188 2348 aura
1214 2317 1327 2349 calida
1349 2321 1386 2348 et
1408 2322 1554 2350 aestuosa

855 2364 967 2395 tabem
1005 2374 1045 2396 ae
1083 2375 1271 2396 marcorem
1305 2366 1458 2397 adducit.
1506 2366 1554 2397 At

855 2418 975 2444 contra
1004 2412 1129 2453 Aquilo
1157 2413 1267 2445 siccus
1293 2419 1330 2445 et
1358 2414 1503 2454 frigidus
1533 2424 1553 2446 u

856 2461 1036 2501 putredine
1051 2467 1243 2493 conservat.
1271 2462 1466 2494 Praesentes
1479 2463 1553 2503 qui·

857 2509 934 2541 dem
959 2510 1076 2541 horum
1100 2510 1209 2551 epulis
1225 2511 1371 2542 Austros
1388 2512 1551 2551 impreca-

856 2563 912 2590 tut·
924 2558 1109 2590 Horatius:
1133 2559 1285 2600 seqnitur
1301 2563 1413 2591 tamen
1430 2560 1552 2591 festiva

855 2607 930 2648 ejus
959 2607 1209 2647 imprecationis
1241 2609 1432 2640 eorrectio:
1472 2610 1551 2651 quid

856 2658 944 2689 enim
961 2666 1045 2698 opus
1061 2656 1207 2696 Austris,
1230 2658 1256 2687 si
1283 2657 1357 2698 ipsa
1372 2658 1470 2698 copia
1489 2659 1552 2690 hoc

857 2706 974 2747 efficit,
1003 2711 1042 2738 ut
1072 2711 1194 2747 putere
1218 2708 1328 2739 omnia
1349 2707 1551 2740 videantur?

857 2757 994 2797 Inopem.
1030 2756 1142 2797 inquit
1169 2756 1239 2796 ille,
1272 2767 1319 2788 me
1346 2758 1433 2797 eopia
1456 2758 1550 2796 fecit.

856 2807 1012 2838 Torrent.
1058 2806 1187 2846 Coquite
1199 2807 1307 2837 horum
1315 2807 1455 2848 obsrmiu]
1478 2807 1550 2839 Hu-
