1916 3262
379 317 487 360 1396

377 418 561 459 scripserit,
582 423 619 450 ut
645 419 732 450 ultor
754 418 852 450 facile
869 419 910 450 ad
925 429 1055 450 manum

377 467 433 499 sit.
466 467 605 499 Tor-rent.
661 468 762 508 Aleae]
796 468 892 508 Opus
921 470 1054 507 plenum

375 514 532 556 fortunae,
561 526 647 556 quae,
676 521 714 547 nt
742 521 751 534 ¹
763 517 907 547 alearum
919 516 928 529 ⁹
955 518 1056 554 lusus,

376 564 512 595 dubium
527 565 663 596 habebit
675 571 844 603 eventum,
857 565 984 605 tibique
999 574 1055 604 pe-

376 612 567 649 riculosum,
576 613 662 652 quod
677 613 853 644 multorum
863 613 945 644 vitia
956 623 1055 652 quum

377 665 414 690 tu
437 661 614 700 notaveris,
628 661 660 691 in
677 670 717 692 eo
732 670 798 692 non
813 662 929 702 paucis
944 661 1056 701 displi-

377 707 480 739 cebis.

418 759 437 786 7
463 758 506 787 Et
520 757 634 788 incedis
646 767 700 797 per
714 758 812 798 ignes]
836 759 1005 798 Allegoria
1024 769 1055 789 a·

376 805 595 836 moenissima:
620 815 761 846 namque
784 811 820 837 nt
838 817 879 838 ex
903 807 1056 837 scintillis

376 853 571 891 reconditis,
600 853 627 884 si
657 860 851 885 moveantur
881 855 1056 893 incautius,

377 901 527 932 maximae
554 911 644 941 saepe
669 901 823 941 flammae,
847 904 956 934 onmia
981 913 1054 942 qnae

375 954 452 980 sunt
473 951 569 980 obvia
590 959 699 981 secum
722 951 872 990 rapiunt:
898 951 945 981 ita
969 951 1056 990 prin-

375 997 487 1036 cipum
504 998 584 1027 vitia
597 998 647 1028 vel
663 998 809 1036 minima,
821 999 848 1028 si
864 998 967 1028 minus
979 1007 1056 1028 cau-

375 1048 411 1075 te
426 1049 597 1083 notentur,
616 1055 693 1076 mox
715 1046 920 1076 recrudescit
936 1055 1056 1076 memo-

375 1092 437 1130 ria,
461 1098 496 1123 et
521 1093 555 1122 id
580 1094 631 1123 vel
658 1095 729 1133 ipsa
744 1098 848 1124 morte
863 1095 995 1134 gravius
1011 1094 1057 1125 fe-

377 1145 468 1171 runt.
491 1141 585 1181 (Ἰν-ης.

417 1191 437 1219 8
462 1190 566 1221 Cineri
591 1190 707 1230 doloso]
739 1191 863 1226 cineri,
889 1192 944 1231 qni
972 1193 1057 1232 tegit

374 1237 657 1278 ignessnbjectos.
691 1239 988 1279 [Suppositiscodd.
1003 1251 1056 1281 ap.

373 1286 507 1325 Jaeck]

416 1337 437 1364 9
459 1334 593 1364 Paulum
611 1344 725 1365 severa
747 1335 854 1374 Musa]
882 1336 1057 1375 Paulisper

374 1382 574 1413 intermittat
589 1387 646 1413 tua
662 1384 759 1414 Musa
779 1385 955 1422 tragoedias
977 1386 1056 1415 scri-

375 1429 468 1467 bere,
483 1439 605 1471 easque
621 1440 730 1461 scenae
746 1432 965 1463 committere.
982 1433 1058 1464 Tur·-

374 1479 443 1510 neb.
460 1487 495 1510 x.
509 1481 562 1509 21.

419 1529 459 1557 lo
495 1526 556 1557 Ubi
580 1526 731 1566 publicas]
766 1527 946 1568 Postquam
978 1527 1058 1558 belli

375 1574 480 1605 civilis
507 1575 678 1606 historiam
712 1576 800 1616 (quae
827 1585 880 1606 res
909 1576 1057 1616 publicas

376 1621 542 1661 continet)
564 1623 675 1653 soluta
700 1623 851 1654 oratione
877 1629 913 1655 et
942 1625 1057 1656 ordine

376 1670 626 1708 conscripseris.
642 1671 748 1710 [Absit
760 1672 891 1702 theatris
903 1673 1056 1712 Angelic.

377 1723 407 1750 1.
421 1729 440 1749 a
451 1728 493 1750 m.
510 1729 577 1750 sec.
595 1720 717 1760 aliique
729 1721 826 1751 codd.
841 1730 894 1760 ap.
910 1721 1046 1759 Jaeck.]

418 1770 457 1797 11
483 1767 607 1798 Grande
621 1767 741 1807 munus]
755 1769 941 1808 Tragoediae
952 1769 1057 1808 scrip-

375 1816 511 1854 tionem,
534 1825 608 1855 quae
631 1815 768 1855 grandia
783 1816 946 1856 continet,
964 1825 1058 1847 revo-

375 1864 478 1895 cabis.
522 1864 683 1904 [Guelpli.
700 1868 731 1895 et
744 1865 889 1904 grande]

420 1916 458 1943 12
484 1913 629 1952 Cecropio
653 1913 812 1952 cothurno]
845 1913 1057 1944 Sublimitate

376 1961 593 2001 eloquentiae,
606 1966 641 1991 et
657 1962 744 2000 stylo
759 1962 916 2000 Tragico.
951 1963 1056 1997 Hein-

377 2010 444 2039 sius
469 2009 679 2039 scribendum
702 2008 823 2046 credit,
847 2009 984 2048 Cecropii
1011 2019 1058 2040 re-

371 2060 456 2095 petes
469 2056 618 2087 cothurni.
649 2056 794 2095 Cecropio
808 2056 938 2095 repetes]
954 2056 1058 2087 Athe·

376 2106 482 2136 niensi
496 2105 658 2136 cothurno
671 2103 754 2145 (quo
767 2105 907 2144 tragoedi
925 2106 956 2135 in
969 2106 1059 2136 thea-

378 2155 438 2184 tris
453 2153 703 2193 calceabantur)
717 2154 762 2183 sic
775 2154 894 2184 dictoa
908 2155 1058 2195 Cecrope

380 2202 583 2233 Athenarum
599 2210 688 2241 rege,
715 2202 769 2242 qui
785 2202 908 2241 primus
924 2203 1058 2242 scripsit

378 2250 571 2289 tragoedias.

422 2300 460 2328 13
484 2298 608 2336 Insigne
633 2298 760 2338 moestis]
792 2297 822 2329 O
853 2298 975 2337 Pollio,
1002 2299 1057 2340 qni

378 2346 426 2376 rei
443 2346 580 2386 insignis
595 2355 630 2377 es
648 2352 818 2386 patronus,
834 2350 869 2378 et
892 2348 1005 2385 cnriae‚
1024 2347 1058 2378 id

375 2399 440 2431 est,
455 2395 600 2432 senatui,
616 2394 647 2425 in
659 2396 835 2426 statuendo
849 2397 889 2426 de
901 2396 985 2436 Rep.
999 2397 1058 2428 das

377 2444 562 2482 consilium,
579 2443 612 2474 id
629 2453 648 2474 a
661 2448 695 2474 te
707 2444 890 2484 expetenti.
931 2443 1059 2484 Insigne

375 2492 568 2532 praesidium]
604 2492 764 2523 Pollionis
790 2493 893 2524 etiam
917 2495 1058 2526 oratoris

376 2541 510 2572 laudem
535 2541 665 2582 adjicit.
706 2542 890 2574 Praesfflium
914 2543 989 2584 reis]
1018 2544 1057 2575 Id

378 2596 440 2625 est,
452 2590 507 2630 qni
524 2595 560 2621 et
575 2591 681 2621 causis
694 2591 842 2630 agendis,
859 2590 988 2632 reisque
1001 2591 1057 2623 de-

377 2637 552 2668 fendendis
567 2643 601 2669 et
614 2639 753 2670 consilio
777 2639 898 2680 dando,
923 2645 1057 2672 senten-

377 2683 490 2724 tiaque
502 2687 652 2726 dicenda,
665 2695 740 2718 cum
756 2687 789 2718 in
801 2692 918 2719 senatu
930 2690 1057 2729 magnis

381 2729 541 2809 Ξῐῃῖἷδιιι
563 2735 779 2776 consultatur,
800 2736 940 2768 multum
955 2739 1055 2770 vales.

830 329 968 360 NOTAE
1001 329 1259 360 vARlORUM
1290 331 1343 360 ΙΝ

1146 422 1185 451 14
1212 421 1252 450 Et
1275 420 1453 458 madenti,
1475 418 1543 459 ⁸50]
1572 418 1784 458 Imperatori,

1104 469 1274 506 historico,
1285 468 1404 508 poeta‘,
1418 467 1543 498 oratori
1557 467 1656 498 etiam
1669 468 1788 507 opti-i

1105 518 1267 547 senatoris
1283 517 1412 547 laudem
1430 515 1628 547 accumulat.
1648 515 1788 548 m

1147 569 1186 597 15
1209 567 1331 598 laurus
1351 565 1495 605 oeternos]
1530 565 1690 600 Victoria.
1712 572 1785 604 qnae

1105 615 1233 646 laurum
1243 616 1374 646 meruit.
1391 617 1535 646 AEterms
1542 613 1683 653 honores]
1695 613 1789 644 Nihil

1105 665 1192 695 enim
1203 665 1316 696 Romae
1329 665 1435 705 majus
1445 673 1542 705 quam
1553 663 1788 704 triumphasse.

1109 712 1247 744 Torrent-

1149 764 1190 792 16
1203 761 1376 792 Dalmatico
1389 760 1520 801 peperit]
1535 761 1692 792 Salonam
1705 759 1788 791 Dal-

1106 808 1217 838 matiae
1242 809 1412 840 civitatem
1438 810 1566 839 vicerat
1593 809 1717 847 Pollio,
1744 807 1786 839 de

1105 865 1171 895 qua
1186 861 1300 895 egerat
1317 857 1530 895 triumphum.

1149 906 1187 934 17
1204 905 1278 935 Jam
1293 905 1386 943 nunc]
1405 905 1488 935 Tam
1506 903 1663 943 graphice
1678 903 1788 942 expri-

1106 951 1167 982 mis
1183 961 1235 982 res
1250 957 1371 992 gestas,
1393 962 1411 982 o
1428 952 1549 989 Pollio,
1570 957 1607 982 ut
1621 952 1692 991 jam
1709 951 1787 982 mihi

1107 999 1219 1030 videar
1234 1009 1299 1030 non
1313 999 1441 1038 audire,
1452 1000 1510 1030 sed
1525 999 1686 1030 interesse
1701 1007 1787 1038 prae-

1106 1048 1158 1078 liis
1186 1058 1260 1087 quae
1290 1057 1416 1078 narras.
1473 1047 1593 1078 Minaei
1619 1045 1787 1084 mamare]

1106 1096 1279 1126 Murmure
1295 1099 1433 1126 mortem
1449 1094 1629 1125 minitanti.

1149 1147 1188 1174 18
1211 1143 1405 1183 Per-stringis
1418 1143 1522 1182 aures]
1542 1141 1711 1181 Percutis,
1733 1140 1788 1172 vel

1106 1191 1263 1222 obtundis
1279 1201 1388 1223 aures.

1147 1243 1188 1270 22
1212 1241 1284 1271 Non
1307 1241 1446 1270 indecoro
1469 1237 1608 1279 pulvere]
1645 1238 1788 1269 Pulvere

1107 1289 1247 1328 glorioso
1255 1288 1418 1323 sordidos.
1429 1289 1484 1328 qui
1494 1287 1628 1318 fortiter
1638 1295 1789 1327 pugnan-

1107 1341 1158 1366 tes
1174 1345 1233 1375 pro
1248 1338 1365 1375 patriae
1382 1337 1540 1368 libertate
1551 1335 1758 1367 ceciderunt.

1149 1386 1188 1414 23
1214 1385 1257 1414 Ee
1281 1387 1388 1414 cuncta
1412 1384 1576 1423 terrarum]
1607 1385 1651 1415 Et
1674 1393 1788 1416 omnes

1107 1435 1271 1461 terrarum
1287 1435 1400 1471 partes
1417 1432 1556 1471 imperio
1571 1431 1667 1462 Rom.
1680 1440 1702 1462 a
1714 1432 1788 1462 Cai-

1107 1487 1181 1509 sare
1193 1478 1396 1518 subjugatas,
1409 1483 1534 1519 praeter
1545 1477 1704 1510 invictum
1718 1479 1788 1510 ani-

1106 1535 1193 1557 mum
1209 1527 1359 1558 Catonis.

1147 1577 1187 1606 24
1210 1575 1332 1606 Praeter
1342 1578 1473 1606 atrocem
1485 1575 1634 1616 animum]
1662 1575 1787 1616 Ingens

1106 1623 1214 1662 magni
1238 1623 1325 1654 illius
1352 1624 1488 1654 Catonis
1511 1625 1596 1661 laus,
1617 1624 1716 1655 citius
1736 1633 1788 1654 or-

1106 1670 1180 1701 bern
1194 1676 1354 1701 terrarum
1369 1673 1496 1703 domari
1513 1674 1673 1712 potuisse,
1687 1683 1788 1714 quam

1107 1719 1168 1748 viri
1185 1720 1279 1749 unius
1295 1721 1437 1751 animum
1463 1721 1600 1752 inflecti.
1642 1723 1787 1753 Atracem

1106 1772 1217 1798 autem
1235 1767 1369 1799 Catonis
1383 1770 1517 1800 animum
1527 1775 1623 1801 vocat
1634 1771 1786 1811 crudum,

1106 1823 1145 1844 ac
1161 1815 1250 1845 nullo
1262 1825 1404 1856 unquam
1421 1818 1502 1848 vitio
1516 1823 1701 1849 tentatum:
1724 1819 1788 1850 hoc

1107 1863 1195 1893 enim
1226 1869 1235 1882 ‘
1251 1865 1365 1895 atrox’
1395 1866 1484 1905 apud
1511 1871 1640 1898 veteres
1664 1867 1787 1907 signifi-

1106 1918 1173 1954 cat,
1195 1918 1281 1946 teste
1309 1916 1429 1947 Nonio.

1103 1963 1266 2003 ‚Gnelph.]

1147 2013 1186 2040 25
1205 2011 1288 2041 Juno
1314 2015 1345 2042 et
1367 2012 1515 2051 Deorum,
1537 2015 1604 2053 ζα]
1636 2014 1726 2046 Juno
1751 2018 1788 2045 et

1107 2058 1162 2087 alii
1175 2058 1241 2093 Dii,
1255 2059 1312 2098 qui
1324 2059 1475 2090 Numidis
1484 2059 1640 2092 faverunt
1653 2062 1685 2092 ln
1699 2061 1786 2093 bello

1105 2104 1321 2146 Jugurthino,
1344 2112 1380 2137 et
1402 2107 1560 2138 Afrorum
1581 2109 1786 2148 calamitate,

1106 2162 1253 2194 neceque
1277 2154 1454 2194 Jugurthae
1481 2155 1610 2195 offensi,
1641 2157 1786 2188 victores

1105 2201 1207 2240 ipsos,
1238 2211 1358 2241 nempe
1395 2204 1571 2242 Romanoa,
1603 2213 1784 2246 eorumque

1106 2253 1270 2289 posteros,
1303 2251 1479 2291 Jugurthae
1511 2253 1678 2294 Manibus,
1714 2257 1787 2284 tan-

1106 2306 1202 2337 quam
1223 2299 1386 2338 victimas,
1402 2305 1588 2332 mactarunt
1605 2310 1644 2332 ac
1667 2310 1785 2341 paren-

1106 2350 1229 2377 tarnnt.
1246 2347 1384 2378 Lan-bin.
1406 2349 1640 2389 AmiciorJ-Qni
1655 2349 1785 2382 faverat

1106 2394 1258 2426 Numidis
1274 2396 1306 2426 in
1323 2395 1410 2427 bello
1422 2397 1634 2437 Jngnrthino.

1146 2446 1188 2474 26
1211 2444 1314 2476 Inultn
1328 2449 1457 2476 cesserat
1473 2446 1635 2486 impotens]
1667 2447 1722 2479 Ab
1737 2447 1783 2479 A·

1103 2492 1188 2524 frica
1202 2493 1414 2535 discesserat,
1441 2495 1526 2527 hand
1551 2501 1670 2537 potens
1689 2506 1784 2530 suum

1104 2541 1213 2572 odium
1230 2544 1378 2582 explere.

1145 2594 1184 2622 27
1212 2591 1367 2622 Victorum
1388 2593 1525 2634 nepotes]
1559 2595 1782 2627 Romanorum

1105 2644 1256 2679 posteros
1271 2650 1376 2681 nuper
1394 2651 1498 2674 caesos
1514 2644 1546 2674 in
1565 2642 1680 2675 Africa
1694 2651 1781 2675 mac·

1103 2690 1198 2725 tavit,
1235 2694 1391 2731 tanquam
1429 2693 1580 2723 victimas
1606 2690 1778 2732 ‚Iugurtha

1103 2739 1252 2769 manibus
1264 2739 1491 2770 immolandas.
1571 2752 1574 2755 ’

1143 2789 1185 2817 28
1199 2787 1334 2824 Inferias
1343 2787 1525 2828 Jugnrehoe]
1540 2787 1646 2818 Dicta
1661 2786 1779 2824 inserioe

1484 1916 1634 1956 [Propter
1655 1921 1788 1948 atrocem
