1916 3262
352 278 462 320 1454

350 378 502 411 dilutum.
544 378 632 410 Vide
647 379 794 410 Plinium
810 387 919 410 xxm.
937 383 966 411 Ι.

393 431 433 460 12
455 429 584 460 consule
597 428 699 468 Tullo]
721 429 944 460 hVolcatiiis
955 428 1034 459 Tul·

350 476 400 507 lus
424 475 549 508 Consul
572 475 648 515 fnit,
670 486 746 507 cnm
759 476 808 508 M.
823 476 955 507 AEmilio
973 477 1034 506 Le-

350 523 444 564 pido,
470 524 512 555 A.
541 525 583 555 U.
615 525 653 555 C.
682 527 756 556 68⁷.
804 524 908 565 Atqui
939 528 1035 554 tanto

351 573 511 612 temporis
540 573 716 603 intervallo
749 573 861 603 vinum
903 575 1036 612 poterat

350 624 420 653 sine
441 622 531 653 fumo
547 625 787 652 vetustescere.
807 620 906 652 Anno
924 625 1035 651 autem

351 677 429 710 post
456 671 586 701 'Pullum
620 672 696 702 Cos.
732 674 830 701 natus
861 669 1035 701 Horatius.

350 720 437 750 Torr.
472 719 599 750 Consule
616 718 716 757 Tullo]
729 718 770 749 In
786 718 952 758 amphorae
964 715 1036 747 fun-

349 768 392 798 do
405 777 524 799 nomen
541 767 693 798 Consulis
709 756 916 804 scribebant,
931 774 1036 806 quan-

348 816 393 847 do
409 817 518 847 vinum
535 816 567 846 in
582 816 668 846 cella
684 816 810 846 vinaria
825 819 896 845 erat
911 814 1037 854 reposi-

349 869 432 902 tum,
463 862 504 894 ad
527 863 774 904 significandam
797 863 864 893 vini
888 866 1037 893 aetatem.

353 913 441 943 Vide
456 922 480 944 1.
495 913 562 944 Od.
578 915 631 944 20.

392 964 431 992 14
455 961 590 1000 sospitis
610 959 746 1001 centum]
778 959 887 990 Amici
914 957 1038 988 incolu-

350 1009 412 1040 mis
425 1014 460 1040 et
476 1009 558 1039 salvi
576 1008 618 1039 ab
634 1007 760 1039 arboris
777 1008 863 1038 illins
875 1015 966 1037 casn.
994 1006 1038 1036 Et

347 1057 459 1096 vigiles
473 1056 623 1096 lacernas]
647 1057 691 1087 Et
719 1055 896 1095 producito
913 1054 1038 1093 vigiles,

349 1106 382 1136 id
405 1110 471 1145 est,
484 1114 640 1136 accensas
655 1106 810 1135 lucernas
825 1105 856 1134 in
870 1104 990 1141 lucem,
1004 1103 1039 1133 id

349 1159 414 1194 est,
425 1158 527 1185 totam
539 1158 672 1185 noctem
688 1157 927 1194 compotemus.
949 1153 1040 1191 Vigi-

352 1205 397 1234 les
410 1202 562 1242 lucernas]
585 1202 861 1243 compotationes
877 1206 913 1232 et
928 1209 1039 1231 coenas

349 1251 610 1292 sumptuosiores
643 1260 683 1282 ac
705 1250 912 1281 liberaliores
937 1252 1039 1279 noctu

347 1301 421 1331 fieri
436 1300 562 1339 solitas,
586 1309 660 1331 cnm
683 1308 726 1330 ex
749 1299 813 1330 hoc
835 1298 954 1333 Poeta,
969 1302 1038 1328 tum

350 1358 392 1378 ex
401 1349 513 1380 multis
526 1348 600 1379 aliis
611 1346 838 1387 scriptoribus,
849 1345 1038 1384 intelligere

351 1397 444 1428 licet.
465 1396 572 1427 Lamb.
715 1406 717 1409 ’

393 1448 431 1476 15
468 1445 596 1484 Proser]
647 1444 715 1475 Alii
749 1443 878 1483 legunt,
913 1442 1038 1480 Perfer.

348 1492 473 1534 [Codd.
481 1503 536 1533 ap.
544 1492 667 1531 Jaeck‚
679 1490 813 1530 Praefer,
825 1490 948 1529 Profer,
961 1490 1038 1520 Pre-

340 1542 409 1581 ser,
423 1542 545 1582 Refer-J

391 1593 431 1621 16
456 1591 594 1630 Clamor]
618 1589 704 1620 Vide
720 1598 744 1620 1.
761 1589 828 1620 Od.
843 1591 896 1619 27.

391 1641 430 1670 17
453 1638 551 1677 Super
564 1637 638 1668 urbe
659 1637 763 1676 curas]
785 1638 955 1676 Tanquam
983 1645 1039 1666 ur-

349 1686 400 1717 bis
428 1686 629 1726 praefectum
663 1686 709 1716 sic
735 1685 938 1723 alloquitur:
975 1683 1039 1715 hoc

350 1734 439 1765 enim
461 1742 579 1764 munus
598 1733 770 1773 Augustus
791 1731 840 1762 illi
855 1731 1038 1769 detulerat,

350 1787 386 1814 et
403 1781 551 1813 absentis
575 1781 720 1812 Caesaris
745 1778 896 1820 partibus
921 1777 1040 1817 funge-

352 1831 466 1862 batur.
491 1831 579 1862 Torr.
622 1830 723 1870 Super
737 1828 826 1868 urbe]
850 1829 907 1860 De
923 1827 1020 1859 urbe.

395 1882 433 1911 18
455 1880 536 1910 Daci
565 1877 734 1918 Cotisonis]
767 1878 859 1909 Libri
883 1877 1040 1908 meliores

356 1929 524 1960 Cotisontis
545 1927 683 1958 babent.
716 1926 945 1958 ‘Cotisontem
961 1925 970 1938 ’
991 1929 1041 1955 ta·

351 1986 427 2008 men
444 1979 542 2007 vocat
554 1975 745 2010 Suetonius.
761 1974 926 2014 Augusto,
936 1973 1041 2004 Geta

335 2034 426 2061 ,rum
442 2033 568 2063 regem.
585 2022 679 2062 atqui
700 2024 710 2040 ‘
723 2022 852 2052 Dacum
865 2021 873 2035 '
889 2021 1041 2060 appellat

354 2072 529 2103 Horatius.
583 2072 709 2101 Verum
738 2071 824 2101 hanc
848 2077 1041 2100 controver-

351 2121 433 2151 siam
458 2119 590 2150 Plinius
617 2119 783 2156 resolvet;
807 2118 861 2158 qui
884 2117 991 2148 Getas
1021 2126 1041 2147 a

353 2170 510 2202 Romanis
531 2170 541 2186 ‘
556 2167 690 2200 Dacos’
711 2167 777 2198 dici
803 2167 904 2197 tradit
919 2175 969 2197 ιν.
990 2168 1041 2197 14.

354 2219 441 2249 Torr.
484 2217 567 2248 Daci
584 2216 736 2247 Cotisonis
757 2214 881 2254 agmen]
903 2214 1040 2245 Cotison

351 2276 412 2297 rex
437 2266 502 2297 fuit
524 2267 708 2300 Dacorum.
729 2272 810 2304 quos
835 2262 1041 2294 Octavianus

358 2315 544 2356 superavit.

397 2369 438 2397 19
459 2365 572 2396 Medus
596 2363 741 2404 infestus]
766 2362 892 2401 Persis,
917 2361 1042 2401 Medis,

355 2424 395 2446 ac
431 2413 624 2455 Babyloniis
663 2412 875 2452 imperabant
911 2410 1040 2446 Parthi,

352 2473 446 2506 quos,
459 2467 538 2495 ante
550 2462 704 2494 Phraatis
715 2461 789 2502 (qui
805 2461 900 2500 signa
910 2458 1040 2500 Augus-

353 2519 389 2545 to
405 2511 570 2553 reddidit)
583 2511 759 2552 imperium
775 2510 862 2541 bene
875 2509 1039 2540 constitu-

354 2568 438 2601 tum,
451 2562 539 2592 inter
548 2570 583 2592 se
595 2560 742 2600 graviter
756 2558 939 2591 dissedisse
950 2558 1040 2590 Stra-

353 2610 395 2641 bo
410 2611 618 2642 demonstrat
630 2610 687 2641 lib.
703 2618 781 2640 xvr.
817 2608 908 2640 Ante
923 2616 1040 2648 recep-

354 2662 391 2688 ta
411 2667 491 2697 ergo
513 2659 605 2698 signa
626 2658 786 2689 militaria
807 2666 943 2688 carmen
975 2657 1038 2688 hoc

354 2706 490 2746 scripsit
505 2707 622 2739 Poeta.
639 2707 779 2739 Torrent-
822 2707 935 2737 Medus
946 2705 1039 2742 inses-

353 2755 416 2795 tus]
438 2754 530 2784 Medi
550 2755 769 2788 seditionibus
784 2755 937 2788 civilibus
952 2755 1041 2787 inter

362 2812 399 2835 se
414 2803 624 2835 dissentiunt.

806 288 945 319 NOTAE
978 288 1235 319 VARIORUM
1269 288 1319 318 IN

1126 381 1167 410 22
1183 378 1353 418 cantaber]
1365 377 1526 410 Cantabri
1542 377 1767 419 populicum

1083 427 1271 468 Hispaniae,
1303 437 1384 468 quos
1421 428 1544 458 bellum
1571 437 1630 459 sex
1663 437 1767 459 annos

1083 485 1158 506 cum
1182 477 1340 507 Romanis
1364 481 1518 516 gerentes
1545 475 1671 507 devicit
1695 478 1768 506 tan-

1082 524 1156 555 dem
1171 524 1335 564 Agrippa.

1124 575 1164 603 23
1188 573 1272 604 Laxo
1285 574 1471 604 meditantur
1485 571 1576 611 arcu]
1614 572 1766 604 Remissa

1085 629 1177 658 arcu,
1189 620 1220 650 id
1236 625 1302 660 est,
1314 621 1413 651 armis
1429 620 1602 660 depositis.

1126 671 1166 699 25
1190 669 1369 708 Negligens,
1394 678 1432 700 ne
1454 667 1527 708 qua]
1552 668 1640 700 Quin
1666 668 1769 707 igitur

1086 721 1135 755 tu,
1150 726 1226 747 cum
1242 718 1390 756 privatus
1416 717 1472 757 sis,
1495 717 1685 756 nullumque
1702 725 1769 746 ma-

1085 764 1260 803 gistratum
1277 774 1384 805 gmas,
1393 765 1583 806 aliquandiu
1597 765 1770 804 negligens

1086 816 1122 843 et
1137 813 1229 852 parvi
1246 813 1408 853 pendens,
1433 823 1474 844 ne
1490 823 1557 854 qua
1572 812 1714 844 fortasse
1736 814 1768 843 in

1086 864 1183 899 parte
1199 861 1367 892 Romanus
1383 862 1524 901 populus
1539 866 1596 892 tua
1611 870 1714 902 opera
1734 865 1770 891 et

1086 908 1225 939 consilio
1239 909 1370 948 indigus
1390 909 1532 946 laboret,
1554 909 1700 951 illudque
1721 919 1771 940 so·

1086 958 1137 988 lus
1152 967 1344 997 praecavere
1359 958 1520 998 nimisque
1536 958 1579 989 de
1602 959 1658 989 illo
1681 958 1770 989 solli-

1087 1005 1173 1036 citus
1190 1015 1276 1044 esse,
1289 1014 1388 1045 parce
1399 1014 1438 1035 ac
1451 1005 1577 1043 desine,
1589 1010 1624 1035 et
1635 1006 1771 1046 reliquis

1088 1053 1189 1084 etiam
1207 1053 1331 1093 aliquid
1345 1053 1525 1084 curandum
1541 1053 1699 1094 relinque.
1710 1053 1772 1084 Lu-

1089 1103 1185 1133 binus.
1228 1103 1359 1135 Quaerit
1375 1103 1427 1133 liic
1442 1101 1614 1139 Heinsius,
1629 1101 1709 1142 qnid
1729 1101 1774 1132 sit

1087 1151 1247 1190 negligens
1259 1160 1369 1190 parce:
1390 1155 1426 1181 et
1442 1149 1608 1191 quomodo
1623 1149 1773 1190 privatus

1089 1209 1162 1231 esse
1185 1200 1330 1240 potuerit
1348 1200 1531 1238 Maecenas,
1544 1199 1570 1229 si
1587 1197 1770 1239 praefeclns

1090 1249 1180 1280 urbis
1193 1248 1307 1280 fuerit.
1329 1247 1548 1280 Scribendnm
1563 1256 1642 1286 ergo
1653 1246 1772 1288 jubet:

1090 1298 1274 1338 Negligem.
1288 1307 1325 1329 ne
1339 1307 1398 1338 qua
1409 1298 1536 1337 populus
1552 1296 1665 1327 laboret
1676 1295 1774 1326 Por-ee

1085 1346 1226 1386 privatus
1249 1347 1377 1376 nimium
1399 1354 1526 1376 cavere:
1551 1354 1598 1380 uc.
1612 1345 1666 1383 ᾅτ.
1710 1344 1774 1375 Ρο-

1086 1395 1175 1434 pulus
1193 1393 1334 1434 privatus
1356 1397 1435 1424 sunt
1449 1393 1479 1423 oi
1490 1391 1618 1423 πολλοί.
1663 1392 1771 1430 Negti-

1083 1451 1174 1480 geus,
1187 1451 1225 1472 ne
1238 1441 1313 1481 qua]
1344 1441 1525 1481 Negligens
1541 1445 1624 1476 esto,
1640 1449 1704 1471 non
1721 1449 1773 1471 so-

1087 1489 1212 1529 licitus,
1235 1498 1274 1520 ne
1289 1489 1323 1520 in
1339 1498 1374 1520 re
1389 1489 1501 1530 aliqua
1524 1489 1664 1529 populus
1687 1488 1774 1528 peri-

1089 1539 1238 1569 clitetur.

1129 1590 1170 1618 26
1192 1587 1292 1617 Parce
1303 1585 1461 1626 privatus]
1485 1585 1643 1625 Eque-stri
1658 1583 1774 1615 ordine

1088 1639 1265 1666 contentus
1287 1635 1470 1670 Maecenas,
1492 1633 1616 1664 nullum
1639 1632 1774 1673 quidem

1087 1684 1319 1724 magistratum
1334 1684 1448 1723 gessit,
1459 1687 1558 1723 atque
1572 1683 1633 1713 hac
1645 1681 1774 1712 ratione

1086 1733 1242 1772 privatum
1257 1735 1354 1762 vocat
1379 1730 1560 1767 Horatins;
1584 1729 1673 1770 quod
1696 1737 1776 1759 vero

1090 1780 1133 1810 de
1154 1778 1361 1820 praefectnra
1377 1778 1467 1808 urbis
1483 1777 1640 1816 diximus,
1653 1785 1693 1807 ea
1706 1775 1776 1807 offi-

1090 1829 1176 1860 cium
1193 1833 1280 1866 erat,
1295 1837 1360 1859 non
1377 1826 1605 1867 magistratus.
1640 1825 1777 1856 Sueton.

1091 1876 1242 1916 Augusto
1266 1885 1342 1916 cap.
1365 1877 1418 1906 37.
1462 1875 1614 1905 Privatus
1633 1872 1777 1911 nimium]

1091 1926 1201 1958 Quum
1218 1925 1449 1965 magistratum
1461 1933 1526 1954 non
1543 1932 1654 1962 geras,
1661 1930 1774 1962 parce,

1090 1974 1124 2004 id
1154 1979 1218 2013 est,
1243 1975 1310 2004 noli
1336 1973 1474 2004 nimium
1503 1981 1625 2003 curare
1654 1970 1779 2010 Remp.

1088 2021 1206 2060 [Parce
1218 2023 1349 2061 privatis
1365 2020 1554 2052 Markland.
1570 2028 1624 2059 ap.
1638 2017 1760 2051 Jaeck.
1761 2017 1777 2056 ]

1131 2073 1173 2101 27
1195 2071 1290 2101 Dona
1302 2069 1463 2109 praeeencis
1476 2067 1564 2108 cape]
1584 2067 1640 2098 Sic
1662 2066 1775 2106 plures

1089 2117 1166 2148 libri
1181 2118 1320 2148 habent.
1363 2117 1413 2147 Ex
1430 2115 1582 2147 Lambini
1608 2113 1776 2145 sententia

1088 2175 1171 2204 rape,
1185 2165 1263 2196 mibi
1282 2165 1386 2204 magis
1406 2164 1520 2203 placet
1533 2174 1542 2192 ε
1565 2171 1639 2192 narn
1656 2162 1704 2192 ita
1717 2170 1771 2192 res

1088 2214 1239 2245 humanae
1257 2217 1346 2251 sunt,
1356 2216 1405 2251 ut,
1417 2212 1446 2242 si
1460 2210 1540 2252 quid
1553 2210 1632 2241 boni
1649 2209 1774 2248 evenit,

1089 2271 1128 2293 eo
1139 2271 1205 2293 nou
1218 2262 1282 2292 nisi
1298 2261 1418 2301 raptim
1434 2259 1500 2290 frui
1517 2260 1631 2290 liceat.
1664 2258 1775 2289 Parti-

1089 2311 1167 2342 cula
1181 2319 1262 2341 vero
1277 2313 1323 2349 at,
1351 2318 1427 2350 quas
1452 2308 1614 2348 sequitur,
1636 2306 1733 2337 abest
1758 2316 1778 2338 a

1090 2359 1261 2391 veteribus
1278 2356 1537 2397 exemplaribus.
1554 2356 1642 2386 Torr.
1685 2354 1778 2386 Dona

1086 2409 1249 2449 presentis
1262 2417 1335 2447 rape
1349 2404 1452 2444 laetus]
1475 2405 1582 2445 Rape,
1593 2403 1682 2446 quod
1693 2412 1777 2444 prae-

1089 2466 1166 2488 sens
1183 2457 1262 2487 bora
1278 2456 1396 2486 donat.

1090 2506 1173 2538 ΟυΕ
1189 2514 1242 2536 lx.
1265 2502 1510 2540 Ἀνταποδοτική.

1131 2554 1291 2594 Dialogus
1301 2557 1354 2584 est
1361 2552 1403 2583 de
1415 2551 1596 2592 praeteritis
1612 2550 1776 2582 amoribus

1131 2602 1323 2643 eisdemque
1339 2600 1548 2640 renovandis,
1561 2599 1650 2630 inter
1665 2597 1773 2630 Hora—

1131 2653 1213 2684 tium
1230 2658 1264 2683 et
1278 2651 1430 2692 Lydiam.

1133 2704 1150 2732 1
1174 2701 1296 2741 Donec]
1329 2699 1499 2731 Observet
1531 2698 1638 2729 lector
1663 2695 1770 2732 legem

1089 2751 1244 2783 carminis
1261 2750 1411 2782 amoebaei
1425 2749 1466 2780 ab
1482 2747 1622 2780 Horatio
1634 2742 1767 2783 egregie

1089 2811 1162 2833 esse
1177 2804 1343 2834 servatam
1357 2809 1367 2838 3
1391 2803 1427 2831 ut
1442 2797 1498 2839 qui
1514 2793 1672 2838 posterius
1682 2791 1766 2824 dicit

1554 2502 1597 2533 Is
1615 2502 1776 2534 Lvnuu.
