1904 3216
476 294 685 325 HORA'ru
718 292 992 325 SERMONUM
1028 294 1122 325 LlB.
1155 294 1208 324 11.
1237 284 1279 326 ‘20

153 395 228 418 esse
243 386 370 428 gratior
385 386 521 418 auribus
534 386 689 418 humanis
711 385 846 417 auditu-

152 445 219 477 que
233 436 430 478 jucundior,
444 446 542 478 quam
563 444 718 468 acroama
733 434 846 476 fruga-

151 485 258 517 litatis
274 485 556 527 sobrietatisque?
577 494 674 525 qnam
686 484 765 516 vita»
777 483 846 516 fru-

152 534 276 573 galiter
304 534 513 576 honesteque
544 534 711 575 peractae?
749 535 844 575 Crnq.

153 581 233 618 Quae
259 582 396 614 carmine
428 582 552 622 gratior
586 582 706 622 narem]
731 582 844 619 Fama,

152 641 229 672 quae
245 631 398 664 bnmanae
423 633 496 664 auri
520 632 565 663 sit
587 632 729 672 gratior,
746 642 844 674 quam

150 683 294 724 quodvis
309 692 454 715 carmen.

191 735 232 765 9⁵
258 732 411 774 Occupat]
433 731 593 763 Meliores
616 731 693 762 libri
710 735 844 772 occupet.

149 782 272 814 Placet
285 792 362 814 cum
377 781 651 822 interrogationis
669 786 749 813 nota
765 786 842 822 post

147 831 332 864 dictionem
360 831 533 862 havianum.
576 830 685 872 quue
712 830 843 871 duplici

147 892 248 916 sensn
264 883 307 916 ad
324 883 428 915 verba
442 882 512 923 illa,
527 892 595 923 quoe
607 882 743 914 camnine
766 892 841 922 gra-

145 933 233 972 tion-
251 933 316 965 hoe
338 938 405 969 est,
420 942 496 974 quae
521 932 640 973 quavis
661 932 842 963 modulati-

146 991 212 1014 one
223 981 407 1024 jucundior
423 990 520 1012 aures
531 981 688 1022 impleat3
711 981 841 1013 utThe-

146 1031 333 1063 mistoelem
353 1031 445 1062 illum
469 1029 614 1062 Graeciae
641 1030 841 1072 principem,

147 1089 226 1111 cum
255 1080 537 1120 interrogaretur,
565 1080 655 1121 quod
686 1089 842 1112 acroama

147 1133 207 1161 aut
221 1129 315 1170 cujus
327 1138 443 1160 vocem
460 1128 682 1160 libentissime
698 1130 844 1170 audiret,

145 1179 364 1220 respondisse
388 1179 496 1218 aiunt,
510 1180 584 1220 ejus
604 1190 623 1210 a
638 1189 704 1221 quo
726 1181 842 1212 lauda-

146 1236 261 1263 retur:
284 1235 343 1262 aut
368 1231 502 1262 carmine
528 1232 661 1270 gratior,
693 1232 756 1264 boc
777 1237 842 1273 est,

146 1289 222 1312 cum
237 1290 300 1321 per
313 1290 449 1312 carmen
461 1281 653 1312 celebratur
667 1286 771 1323 atque
787 1292 841 1314 ac·

146 1329 291 1370 einitur3
307 1331 483 1363 utAchilli
502 1331 688 1362 Homerum
704 1331 840 1363 laudum

143 1379 216 1420 ejus
232 1389 424 1421 praeconem
441 1380 599 1412 invidisse
612 1380 723 1412 fertur
739 1381 842 1413 Alex-

146 1428 252 1460 ander
273 1429 440 1461 Macedo:
464 1434 499 1461 et
522 1430 609 1460 sicut
631 1429 842 1471 perfectissi-

145 1487 200 1509 ma
211 1478 406 1520 eloquentia
421 1479 492 1519 ipsa
509 1478 618 1519 poesis
632 1483 696 1517 est,
710 1480 757 1511 sic
769 1480 838 1511 lau-

143 1526 218 1558 dari
236 1537 256 1559 a
278 1527 388 1560 Poeta
411 1527 648 1568 pulcerrimum
675 1528 839 1560 creditur.

146 1575 237 1608 Tou-r.

183 1627 226 1656 96
249 1625 384 1667 Ferunt]
403 1623 575 1658 Afferunt.
606 1626 713 1667 Adde]
737 1626 837 1659 Adde

141 1674 214 1706 hec
229 1674 333 1706 etiam
348 1675 570 1707 incommoda.

146 1733 150 1737 ’
183 1726 224 1755 97
247 1724 558 1765 Ραενυιιηι,υὶείηοε]
584 1725 687 1765 Cujus
699 1725 762 1756 sub
777 1725 837 1756 ini-

141 1774 238 1814 perio
265 1782 314 1804 es.
352 1773 395 1804 Te
419 1772 478 1804 tibi
504 1773 662 1814 iniquum]
695 1774 747 1806 Te
774 1774 838 1806 tibi

141 1823 326 1863 inimicum,
337 1823 414 1865 quia
426 1824 537 1855 omnia
552 1829 611 1855 tna
623 1824 684 1855 das
700 1824 785 1855 aliis.

184 1876 228 1905 99
250 1874 309 1905 AEs
323 1874 421 1914 laquei
438 1873 586 1914 pretium]
611 1875 705 1906 Bene
721 1875 837 1907 Lamb.

142 1923 294 1956 editione
322 1923 471 1956 seennda
499 1934 536 1955 us
563 1925 733 1966 reposuit:
757 1930 838 1958 aute

142 1976 256 2005 antem
286 1973 443 2014 vulgatos
471 1978 608 2005 secutus
636 1974 770 2006 codices
793 1985 838 2006 «τε

141 2022 337 2065 scripserat.
382 2023 509 2064 Magna
524 2032 604 2054 vero
618 2023 754 2056 miseria
766 2024 838 2065 ejus

141 2073 239 2114 cujus
261 2073 303 2106 ad
321 2073 434 2106 restim
458 2083 512 2105 res
535 2073 698 2113 redierit;
721 2084 836 2116 quam-

141 2131 240 2164 quam
264 2123 339 2164 plus
355 2123 443 2155 dixit
469 2123 643 2163 Horatius,
664 2134 707 2156 ne
723 2125 836 2157 tantil-

139 2171 209 2203 lum
239 2171 376 2214 quidem
406 2181 583 2213 superesse
614 2183 680 2214 quo
716 2175 836 2206 restim

138 2228 326 2261 compares.
362 2221 475 2252 Talem
491 2221 692 2262 ligurritoris
707 2224 834 2255 exitum

140 2269 300 2303 describit
312 2270 414 2302 etiam
425 2271 616 2311 Juvenalis,
625 2272 698 2304 Sat.
712 2281 748 2303 x.
758 2283 833 2305 cum

139 2319 209 2351 aitt
233 2320 243 2337 ‘
258 2319 396 2350 Talibus
415 2329 435 2350 a
455 2319 598 2350 dominis
615 2325 694 2360 post
709 2326 835 2352 cuncta

137 2370 335 2402 novissimus
372 2369 444 2400 exit
479 2369 623 2410 Anulus,
654 2375 690 2401 et
727 2371 834 2411 digito

138 2418 311 2451 mendicat
326 2418 440 2449 Pollio
454 2412 567 2449 nudo)
613 2419 706 2450 Nota
721 2425 835 2451 autem

139 2468 212 2506 illa,
226 2468 236 2484 ‘
254 2466 343 2498 Assis
367 2475 435 2498 non
464 2465 603 2507 faeere,'
625 2468 635 2485 ⁶
649 2467 702 2499 Ad
730 2478 834 2500 assem

141 2515 311 2558 perdere,'
340 2516 350 2534 ‘
366 2515 408 2547 ad
446 2525 553 2547 assem
590 2516 718 2557 redigi‚’
745 2519 834 2558 apud

141 2566 312 2598 Flaccum.
326 2565 407 2597 Gul.
421 2565 587 2597 Canterus
601 2567 727 2598 Novar.
740 2568 836 2600 Lect-

142 2624 195 2647 ιν.
218 2617 270 2646 12.
294 2615 438 2646 Tou-rene.
471 2615 542 2654 AEs,
563 2616 662 2656 laquei
687 2617 835 2658 pretium]

139 2664 306 2702 Pecunia,
328 2673 394 2704 qua
420 2664 575 2705 laqueum
594 2665 654 2696 tibi
678 2676 769 2698 emas
792 2667 834 2699 ad

142 2713 370 2754 suspendium.
409 2714 551 2754 Trasius]
568 2715 655 2746 Mira
666 2716 765 2757 hujus
776 2726 834 2748 no—

142 2762 240 2794 minis
269 2763 433 2794 varietas:
457 2772 533 2794 nam
564 2769 600 2794 et
632 2764 776 2805 Τνανίιιε,
800 2771 836 2797 et

145 2811 293 2853 Traxim,
318 2815 354 2844 et
379 2811 537 2853 Tramius,
565 2817 600 2844 et
628 2813 773 2856 Τνιιὶίὶιω,
799 2821 834 2847 et

1480 285 1591 328 1689

900 386 1043 418 Traulius
1057 386 1222 428 scriptum
1232 386 1401 418 invenias.
1419 387 1495 419 Nee
1508 389 1591 420 mul-

898 440 969 467 tum
995 436 1150 468 interest.
1193 435 1416 469 Grammatici
1442 436 1591 468 luxurio-

894 494 967 516 sum
984 495 1046 517 nec
1062 486 1204 517 divitem
1221 487 1362 518 volunt:
1386 486 1506 518 merito
1529 487 1592 527 igi·

897 539 951 565 tur
971 535 1141 577 objurgari
1167 546 1257 575 eum,
1278 537 1372 578 cnjus
1395 546 1515 578 nempe
1538 547 1590 568 res

894 584 988 615 luxui
1004 594 1069 617 non
1086 584 1272 624 sufficeret,
1285 595 1396 627 neque
1412 586 1591 618 stultitiam

894 639 1094 674 paterentur
1108 644 1202 676 opes.
1246 635 1322 666 Nec
1346 644 1471 676 negare
1488 636 1592 676 possi-

893 692 979 722 mus,
991 684 1071 724 quin
1088 685 1245 725 ‘jurgare
1260 684 1270 698 '
1282 690 1316 716 et
1333 685 1486 726 ‘jurgari
1498 685 1592 716 ’dix-

892 731 981 763 erint
993 739 1145 764 veteres:
1171 739 1208 764 ut
1219 734 1358 765 Terent.
1372 734 1481 766 Andr.
1504 735 1514 751 ‘
1528 735 1592 766 Ce-

892 780 936 811 do
951 781 1032 821 quid
1041 782 1196 822 jurgabit
1210 783 1347 815 tecum!
1388 783 1457 815 Sed
1476 789 1590 816 tamen

891 830 1055 871 ‘jurgare
1067 831 1078 846 ’
1092 837 1128 863 et
1150 831 1334 873 ‘jurgarif
1348 837 1403 864 est
1428 834 1524 874 quasi
1546 843 1591 865 ex

884 879 963 920 jure
978 889 1080 921 agere
1092 885 1128 912 et
1143 890 1221 912 eum
1240 881 1354 922 aliquo
1370 882 1590 916 contendere.

891 938 996 970 quare
1024 929 1209 970 jurgantur
1238 931 1341 962 etiam
1378 931 1502 970 amici3
1525 940 1590 963 nec

890 980 960 1011 scio
976 989 1018 1011 an
1033 980 1185 1021 ‘jurgari
1197 979 1207 994 ’
1221 981 1355 1021 passive
1371 980 1514 1012 idoneus
1530 982 1590 1013 ali-

891 1029 964 1070 quis
979 1035 1098 1062 auctor
1114 1030 1253 1062 dixerit.
1298 1030 1414 1063 Quare
1430 1030 1590 1062 omittere

891 1079 1006 1120 nolim,
1019 1079 1100 1120 quin
1123 1079 1212 1121 quod
1235 1079 1365 1112 codicis
1381 1080 1588 1112 Carondele·

892 1129 975 1160 tiani
1007 1130 1152 1170 margini
1180 1130 1390 1172 adscriptum
1417 1135 1470 1162 est
1500 1130 1590 1163 refe-

892 1189 984 1211 ram:
1008 1180 1018 1197 ‘
1033 1180 1194 1212 Travinm
1215 1180 1306 1212 enim
1328 1181 1398 1212 vult
1423 1180 1589 1212 hominem

891 1227 997 1260 fuisse
1011 1229 1227 1268 ditissimum,
1241 1230 1299 1271 qui
1313 1230 1473 1262 adversus
1490 1230 1590 1263 Ofel-

890 1278 972 1319 lum,
987 1283 1045 1310 aut
1059 1279 1160 1311 alium
1173 1280 1325 1321 quemvis
1343 1280 1497 1312 Stoicum
1514 1282 1587 1321 jur·

890 1328 1003 1368 gando
1031 1329 1103 1361 haec
1138 1329 1241 1361 dicat.
1285 1328 1382 1370 Ego‚’
1407 1331 1471 1361 ὅτε.
1513 1330 1588 1361 Tor-

889 1381 970 1409 rent.
1005 1378 1134 1410 Tru-sius
1160 1378 1249 1419 istis]
1288 1378 1401 1411 Homo
1430 1378 1588 1420 profusus

890 1427 1047 1469 idemque
1062 1437 1203 1469 pauper.

934 1479 993 1508 101
1020 1477 1132 1508 Tribus
1146 1478 1265 1518 amplus
1278 1476 1419 1518 regibus]
1450 1477 1508 1509 sic
1525 1477 1548 1511 J
1551 1488 1586 1509 u·

890 1526 1017 1556 venalis
1029 1526 1104 1557 Sat.
1122 1535 1158 1556 v.
1184 1527 1194 1544 ‘
1212 1526 1333 1557 Pretio
1349 1527 1476 1567 majore
1489 1536 1587 1568 para·

888 1579 945 1606 tur
970 1575 1080 1608 Quam
1107 1574 1173 1607 fuit
1195 1580 1230 1607 et
1248 1576 1337 1607 Tulli
1352 1585 1487 1617 census,
1501 1586 1588 1618 pug-

886 1625 981 1656 nacis
996 1629 1032 1656 et
1048 1623 1162 1656 Anci.’
1189 1625 1302 1657 Tribus
1316 1627 1433 1666 amplas
1446 1627 1586 1667 regibus,

885 1674 957 1715 ξω]
992 1674 1078 1706 Quae
1104 1673 1274 1706 sufficiant
1302 1675 1412 1706 tribus
1435 1676 1584 1716 regibus.

888 1724 976 1762 Ergo
1008 1723 1099 1758 Quod
1121 1723 1263 1763 superat]
1295 1724 1449 1756 Νουθεσία
1476 1725 1586 1757 incre-

888 1781 973 1813 pans
996 1772 1152 1811 abusum,
1178 1772 1387 1805 demonstrat
1409 1784 1503 1806 usum
1528 1784 1585 1806 ve-

887 1829 961 1852 rum
982 1825 1019 1852 et
1044 1821 1143 1853 laude
1166 1822 1318 1862 dignum.
1342 1824 1438 1864 Cruq.
1481 1824 1585 1865 Ergo]

889 1870 980 1901 Huic
997 1871 1168 1903 luxurioso
1183 1871 1368 1913 respondet
1387 1872 1563 1906 Horatius.

931 1922 994 1952 102
1017 1921 1107 1957 Quod
1132 1921 1273 1962 superat]
1311 1922 1411 1955 Quod
1438 1923 1502 1954 tibi
1531 1933 1584 1955 su-

887 1975 1014 2011 perest.
1038 1972 1156 2003 Melius
1170 1971 1243 2012 quo]
1259 1972 1337 2003 Non
1348 1971 1467 2004 melius
1482 1983 1582 2015 quam

886 2021 920 2052 in
936 2022 1054 2062 epulas
1070 2022 1269 2053 luxuriosas.

929 2073 990 2103 103
1015 2071 1170 2112 Indignus
1183 2072 1342 2114 quisquam
1356 2076 1388 2104 te
1395 2072 1508 2114 divite]
1523 2073 1581 2104 In-

885 2120 965 2162 opia
984 2121 1153 2162 indignus,
1172 2122 1229 2164 qui
1250 2132 1317 2154 non
1332 2127 1494 2162 meretur,
1517 2132 1582 2154 nee

884 2169 990 2202 debet
1003 2179 1131 2211 egenus
1146 2180 1233 2203 esse.
1449 2194 1455 2203 .

927 2222 987 2251 105
1014 2220 1113 2251 Tanto
1127 2221 1266 2252 emetiris
1279 2221 1404 2262 acervo]
1437 2221 1468 2253 E
1484 2224 1580 2253 tanto

883 2279 1017 2302 acervo.
1060 2270 1157 2311 [vat.
1186 2273 1219 2303 4.
1241 2281 1281 2302 err
1309 2281 1421 2311 magno
1443 2273 1579 2304 metiris.

884 2319 1031 2359 cuning.
1054 2329 1097 2350 ex
1112 2319 1259 2360 ingenio,
1288 2331 1305 2352 e
1327 2318 1414 2352 timto
1435 2321 1580 2360 metiris;

883 2372 919 2397 et
934 2368 983 2397 sic
1000 2367 1064 2398 Ed.
1077 2367 1211 2407 Princ.]

927 2418 990 2446 106
1017 2415 1082 2447 Uni
1095 2416 1242 2448 nimirum
1258 2417 1327 2452 tibi.
1342 2417 1413 2458 ζα]
1446 2418 1504 2450 Sic
1518 2419 1580 2450 ali-

885 2465 936 2497 bi:
964 2468 974 2483 ‘
989 2465 1067 2497 Non
1091 2466 1116 2496 si
1139 2467 1226 2497 male
1246 2476 1350 2505 nunc,
1374 2472 1410 2499 et
1433 2468 1512 2499 olim
1529 2469 1578 2500 sic

883 2514 973 2546 erit.'
1016 2514 1148 2547 Alludit
1170 2516 1212 2548 ad
1237 2527 1350 2548 rerum
1373 2518 1580 2551 mutabilita-

884 2568 952 2595 tem
966 2569 1002 2595 et
1015 2563 1161 2596 fortnnae
1177 2565 1446 2597 inconstantiam.
1483 2567 1579 2600 Recte

884 2623 1001 2653 semper
1015 2617 1104 2644 mne
1124 2615 1190 2655 res]
1228 2615 1307 2647 Non
1328 2624 1475 2657 semper,
1501 2618 1579 2659 quia

883 2663 1021 2694 fortuna
1036 2668 1089 2695 est
1104 2663 1282 2695 instabilis.

927 2717 988 2747 107
1013 2715 1147 2746 Posthac
1160 2705 1298 2746 inimicis
1310 2715 1409 2756 risus]
1425 2716 1578 2749 Commu·

885 2770 956 2798 tata
984 2764 1132 2796 fortuna·
1188 2765 1318 2806 Uterne]
1358 2766 1465 2798 Recte
1480 2777 1490 2798 z
1526 2767 1576 2799 sic

885 2816 974 2847 enim
990 2814 1047 2847 lib.
1063 2815 1147 2846 Mn.
1166 2820 1268 2847 antea
1278 2824 1359 2847 vero
1375 2819 1516 2850 mmmm
1528 2817 1577 2850 le-
