1930 3204
421 283 531 324 1554

421 382 484 414 bin.
529 381 771 423 [Schoeuboru.
788 382 821 411 2.
832 379 998 419 sescenis]

464 434 504 462 19
528 430 661 470 Superbo
690 429 846 468 provoces]
893 427 944 458 Ab
973 427 1106 467 inguine

422 478 609 511 fastidioso.

462 531 503 559 20
529 529 591 558 Ore
612 527 840 558 allaborandum
862 528 906 556 est
931 525 1005 565 tibi]
1028 525 1106 556 Lin-

422 586 499 616 gua.
543 576 640 607 Adeo
670 575 823 607 obscoena
852 579 930 605 sunt
960 575 1038 612 ista,
1068 578 1105 604 ut

421 625 511 655 salva
540 624 738 656 verecundia
759 623 920 664 explicari
941 632 1005 653 nou
1029 631 1104 662 pos-

421 673 499 704 sint.

423 721 536 752 Eron.
557 730 608 752 ix.
647 720 703 752 An
726 720 975 750 Miaccum-nm.
1012 718 1106 748 Prae-

463 769 568 800 sentit
593 769 797 808 voluptatem
820 777 917 807 qnam
945 766 1108 807 percipiet

463 827 505 848 ex
531 817 674 857 Augusti
697 816 836 847 victoria
859 815 1018 846 adversus
1040 814 1108 844 An-

463 865 588 897 tonium
603 870 638 896 et
654 865 880 904 Cleopatram.

464 917 478 944 1
497 914 665 953 Repostum
677 913 838 944 Caecubum
849 913 889 942 od
892 912 996 950 festas
1006 910 1109 951 dapes]

422 963 505 993 Cum
520 962 680 992 Gaecubum
694 961 855 999 nominat,
868 965 903 991 et
916 961 1048 1000 quidem
1063 970 1109 990 re-

417 1013 551 1048 postam,
577 1009 676 1049 idque
702 1010 742 1039 ad
755 1009 858 1045 festas
878 1009 980 1048 dapes,
1003 1008 1108 1038 modis

420 1058 572 1089 omnibus
588 1058 723 1098 oplimae
746 1061 835 1088 notae
859 1057 968 1087 vinum
985 1056 1108 1096 signiti-

421 1110 490 1145 cat,
512 1110 671 1146 tantaque
695 1105 838 1137 victoria
859 1104 1008 1144 dignum.
1048 1105 1108 1134 Re-

418 1158 538 1194 possum
571 1153 747 1193 Coecubum]
778 1153 899 1183 Vinum
930 1152 1110 1194 Caecubum

422 1209 591 1235 servatum
630 1208 665 1234 et
705 1202 889 1243 repositum
929 1201 969 1232 ad
1005 1201 1109 1233 festas

423 1253 551 1293 epulaS.

462 1305 482 1332 2
514 1301 633 1334 Victore
660 1299 765 1340 laetus]
794 1300 835 1330 In
862 1300 977 1340 praelio
1000 1299 1110 1330 navali

420 1349 509 1388 apud
526 1349 674 1388 Actium,
689 1349 745 1380 uhi
763 1347 945 1379 Antonium
963 1354 997 1380 et
1013 1349 1109 1380 Cleo·

420 1403 550 1439 patram
567 1400 684 1430 Caesar
699 1404 929 1439 superaverat.

462 1452 481 1479 3
504 1449 569 1479 Sub
584 1448 663 1486 alta]
685 1449 826 1479 Domum
844 1449 1043 1479 Maecenatis
1061 1450 1109 1479 in-

420 1497 557 1536 telligit,
573 1496 614 1526 ob
633 1500 756 1526 turrem
782 1496 871 1526 illam
893 1496 1110 1526 Maecenatia·

420 1555 510 1586 uam,
525 1546 568 1576 de
584 1544 649 1586 qua
671 1554 726 1575 ιιι.
742 1544 809 1575 Od.
825 1546 877 1574 29.
901 1553 939 1574 ac
966 1543 1108 1584 proinde

420 1595 464 1626 ab
476 1596 548 1635 ipso
564 1594 706 1634 praeberi
722 1593 845 1624 debere
857 1602 985 1624 coenam
1001 1598 1108 1624 osten-

421 1644 481 1675 dit.
518 1643 570 1673 Sic
584 1643 658 1673 Jovi
670 1642 810 1680 gratum]
830 1641 922 1671 Nihil
938 1641 1028 1671 aliud
1044 1646 1108 1680 est,

420 1702 519 1732 quam
536 1692 669 1722 volente
686 1690 735 1721 ita
751 1690 850 1721 Jove.
895 1689 985 1728 Ergo
1001 1689 1042 1719 de
1058 1689 1107 1719 fu-

421 1745 498 1771 turo
520 1739 654 1773 dicitur,
677 1747 742 1768 non
759 1736 801 1768 de
826 1738 1005 1777 praesenti;
1028 1737 1106 1767 boni

421 1789 540 1820 ominis
556 1797 685 1826 caussa,
709 1791 747 1818 ut
763 1787 915 1817 solemus.
951 1785 1109 1816 Heinsius.

421 1839 555 1878 Jupiter
571 1838 671 1876 enim,
687 1837 835 1867 victoriae
858 1840 986 1870 auctor,
1002 1835 1043 1866 ab
1059 1835 1108 1866 his

422 1889 479 1928 qni
503 1888 616 1918 vicere
639 1886 806 1926 publicam
831 1885 983 1916 laetitiam
1006 1884 1110 1924 qnod·

423 1937 574 1968 ammodo
591 1935 709 1974 exigit.
742 1933 884 1965 Publica
913 1937 1025 1964 autem
1051 1933 1107 1963 lae-

421 1986 498 2016 titia
534 1982 831 2025 supplicationibus
866 1980 1107 2020 sacrificiisque

421 2039 523 2073 atque
553 2033 660 2072 epulis
690 2035 832 2062 constat.
873 2028 1107 2070 [Marklandus

423 2080 557 2110 dubitat
576 2080 618 2109 de
641 2089 721 2109 voce
736 2080 836 2115 domo,
852 2087 913 2117 pro
929 2087 993 2118 qno
1009 2077 1106 2107 codd.

422 2137 476 2168 ap.
490 2127 599 2158 Jaeck
611 2131 646 2157 et
662 2127 776 2165 Feam,
792 2125 907 2163 domm]

464 2178 482 2206 5
506 2173 653 2213 Mistum]
675 2174 760 2204 Sunt
777 2173 831 2213 qui
854 2173 952 2202 mistis
971 2172 1106 2210 legant3

423 2224 510 2265 quod
524 2222 679 2264 equidem
696 2222 729 2251 in
751 2221 841 2251 nullo
857 2219 923 2250 tide
939 2220 1038 2258 digno
1053 2229 1107 2250 co-

423 2273 499 2303 dice
528 2272 651 2302 inveni.
709 2271 893 2309 Recepiam
927 2269 1106 2299 lectionem

422 2321 536 2353 firmat
559 2322 651 2351 locus
677 2320 751 2349 huic
779 2327 952 2358 germanus
969 2327 1024 2349 111.
1043 2317 1107 2348 Od.

425 2374 476 2402 15.
503 2371 512 2388 ‘
530 2369 634 2410 Lydis
662 2368 796 2398 remisto
823 2367 969 2397 carmine
996 2365 1107 2396 tibiis?

425 2419 571 2449 Mixtum
588 2421 712 2456 autem,
726 2417 795 2446 sive
811 2417 905 2456 lyrae,
920 2416 988 2446 sive
1004 2415 1108 2453 tibiae,

424 2469 495 2500 sive
508 2467 630 2499 fistuloe
645 2475 779 2498 carmen
795 2465 932 2500 dicitur.
947 2464 1032 2505 quod
1045 2464 1108 2494 illis

425 2527 507 2548 voce
523 2517 699 2554 accinitur,
711 2521 770 2546 aut
790 2515 883 2555 cujus
899 2514 1026 2544 numeri
1042 2522 1108 2543 mo-

425 2566 534 2596 dulive
564 2566 664 2596 etiam
694 2565 764 2595 sine
791 2573 871 2595 voce
897 2573 956 2604 per
983 2571 1108 2602 organa

424 2615 620 2646 redduntur.
648 2613 714 2645 Sed
731 2622 811 2645 voce
825 2613 978 2644 accinere
992 2612 1108 2642 hones-

427 2664 492 2694 tius
507 2664 707 2695 habebatur.

470 2714 490 2741 6
512 2713 583 2743 Hac
598 2713 742 2747 Dorium,
754 2712 817 2742 illis
831 2709 1019 2749 Barbarum]
1043 2710 1108 2740 Vo-

427 2760 551 2790 lumine
574 2770 658 2800 opus
685 2761 739 2797 sit,
764 2761 791 2790 si
817 2761 888 2800 quis
913 2767 1108 2799 organorum

874 290 1010 319 NOTAE
1045 287 1302 321 vAmoRuM
1339 291 1390 320 ΙΝ

1161 380 1470 420 harmoniarumque
1486 379 1607 410 veteris
1630 379 1768 411 Musica
1788 389 1841 412 ra·

1161 429 1283 459 tionem
1321 428 1361 460 ad
1391 427 1625 468 explicandum
1667 427 1842 460 Horatium

1159 477 1312 508 conferre
1326 477 1418 508 velit.
1453 476 1604 507 Sufficiat
1619 475 1720 515 igitur
1734 476 1842 507 obiter

1160 530 1349 564 annotasse,
1367 531 1403 556 nt
1424 525 1488 555 tria
1504 524 1703 556 Graecorum
1720 526 1843 564 genera

1159 571 1263 613 fuere,
1290 575 1413 612 Dores,
1445 573 1707 612 AEoles„10nes,
1736 572 1783 604 sic
1807 578 1842 604 et

1161 622 1358 653 Harmonias
1371 622 1472 652 fuisse
1489 627 1571 661 tres,
1584 621 1751 661 Doricam,
1767 621 1844 653 Ευ-

1160 670 1250 709 liam,
1273 674 1372 711 atque
1387 670 1555 702 Ionicam:
1577 670 1745 702 Barbaras
1761 679 1840 702 vero

1161 719 1255 754 (luas,
1269 719 1449 761 Phrygiam
1479 725 1513 751 et
1535 719 1684 760 Lydiam.
1726 719 1779 750 Ex
1792 719 1842 750 his

1162 768 1319 799 Doricam
1348 769 1489 800 maxime
1515 767 1779 799 commendatam
1803 776 1844 798 ac

1160 816 1361 856 Phrygiam:
1392 826 1590 858 quamquam
1617 815 1704 847 enim
1732 815 1843 847 conci-

1160 866 1261 896 tatior
1285 866 1442 906 Phrygia,
1461 863 1709 896 commovendis
1732 867 1844 894 tamen

1163 914 1204 944 ad
1221 914 1376 944 virtutem
1392 914 1509 944 animis
1531 923 1596 944 non
1618 911 1773 944 inefficax
1788 911 1845 942 ha·

1163 962 1316 993 bebatur.
1345 962 1420 994 Jam
1437 971 1517 992 vero
1531 962 1621 992 inter
1633 968 1757 1002 'organa
1767 961 1845 992 Mu-

1162 1011 1239 1042 sicae
1263 1009 1514 1041 accommodata
1536 1009 1602 1040 alia
1621 1009 1694 1039 aliis
1713 1009 1844 1040 harmo-

1163 1060 1225 1090 niis
1250 1058 1381 1100 aptiora
1407 1062 1514 1089 erant.
1558 1058 1646 1089 Nam
1675 1057 1764 1098 quod
1788 1057 1847 1088 lib.

1164 1117 1246 1140 vm.
1262 1111 1375 1139 monet
1393 1107 1495 1138 Arist.
1508 1109 1544 1137 et
1554 1115 1613 1136 nos
1623 1114 1756 1146 quoque
1768 1110 1847 1136 aute

1163 1157 1320 1195 diximus,
1334 1156 1474 1188 eandem
1498 1155 1531 1186 in
1548 1153 1681 1194 organis
1702 1153 1770 1185 vim
1792 1153 1847 1184 ha-

1162 1206 1262 1238 bebat
1277 1206 1372 1245 tibia,
1387 1214 1484 1246 quam
1507 1205 1540 1235 in
1563 1203 1703 1235 vocibus
1718 1202 1846 1234 harmo—

1162 1256 1217 1286 nia
1231 1255 1389 1295 Phrygia.
1429 1256 1502 1286 Nec
1516 1253 1656 1285 mirum:
1673 1252 1846 1294 Phrygum

1162 1306 1248 1336 enim
1265 1305 1434 1335 inventum
1452 1303 1544 1334 tibia.
1585 1303 1662 1335 Jam
1681 1311 1760 1334 vero
1778 1301 1845 1333 Ro-

1163 1354 1262 1393 mani,
1290 1353 1408 1394 quibus
1447 1352 1583 1383 solenne
1618 1354 1692 1382 erat
1721 1350 1846 1381 virtute

1164 1403 1394 1443 praestantium
1414 1402 1558 1432 virorum
1576 1398 1690 1431 laudes
1711 1398 1744 1430 in
1767 1407 1846 1430 con-

1164 1452 1257 1482 viviis
1283 1456 1318 1482 et
1344 1460 1423 1482 voce
1449 1455 1484 1481 et
1509 1449 1641 1489 organis
1662 1447 1846 1486 celebrare,

1162 1503 1288 1538 quanto
1311 1499 1433 1529 ceteris
1460 1497 1650 1528 nationibus
1673 1496 1844 1535 graviores

1163 1550 1271 1581 erant,
1288 1549 1395 1583 tanto,
1419 1544 1594 1574 verisimile
1616 1548 1678 1582 en,
1693 1541 1845 1574 modera-

1161 1593 1245 1624 tiore
1284 1593 1414 1623 Musica
1451 1592 1672 1623 tenebantur:
1712 1591 1842 1632 qualem

1160 1641 1318 1672 Doricam
1336 1641 1582 1681 Phrygiamque
1601 1649 1674 1671 esse
1687 1639 1843 1671 diximus.

1161 1689 1242 1719 Cum
1259 1690 1374 1728 itaque
1391 1689 1547 1729 Phrygiae
1570 1694 1733 1720 consonet
1749 1688 1843 1723 tibia,

1161 1738 1293 1768 Doricae
1307 1747 1384 1767 vero
1396 1738 1487 1777 lyra3
1501 1736 1693 1777 pei-erudite
1704 1737 1844 1768 Flaccus

1162 1790 1275 1816 noster
1298 1786 1387 1816 hunc
1410 1789 1609 1816 concentum
1631 1784 1792 1824 postulat,
1807 1791 1845 1817 ut

1162 1835 1301 1873 Dorica,
1325 1845 1384 1875 per
1405 1844 1440 1866 se
1466 1833 1669 1868 subtristior,
1686 1832 1844 1874 Phrygiae

1160 1883 1330 1915 hilaritate
1354 1884 1583 1915 concinnetur.
1625 1882 1786 1922 Superest
1809 1886 1847 1912 ut

1162 1933 1335 1964 Barbarum
1357 1942 1417 1973 pro
1441 1932 1590 1973 Phrygio
1612 1931 1737 1962 dixisse
1758 1930 1846 1962 Poe-

1163 1986 1230 2012 tam
1246 1982 1422 2013 credatur:
1447 1981 1536 2022 quod
1553 1989 1619 2011 non
1635 1989 1677 2011 ex
1690 1979 1753 2010 hoc
1770 1982 1844 2010 tan-

1161 2033 1230 2060 tum
1248 2031 1332 2069 loco,
1344 2030 1403 2061 sed
1416 2034 1451 2061 et
1467 2039 1492 2062 1.
1505 2029 1613 2070 Epist.
1625 2031 1674 2060 11.
1687 2029 1696 2045 ‘
1710 2028 1846 2059 Graecia

1161 2079 1332 2109 Rarbariae
1349 2080 1438 2110 lento
1454 2079 1569 2110 collisa
1582 2076 1716 2115 duello‚'
1727 2080 1844 2116 aperte

1161 2131 1305 2156 constat.
1357 2126 1446 2156 Hinc
1471 2125 1688 2156 ‘Barbaricas
1713 2123 1844 2155 vestes'

1161 2173 1249 2212 apud
1272 2173 1462 2204 Lucretium
1486 2182 1545 2212 pro
1564 2171 1719 2212 Phrygiis
1735 2171 1842 2211 (unde

1160 2225 1195 2251 et
1217 2221 1421 2262 Phrygiones
1442 2221 1523 2252 dicti
1545 2230 1660 2252 earum
1682 2219 1843 2259 artifices)

1160 2274 1196 2300 et
1224 2272 1232 2286 ‘
1250 2270 1398 2300 Barbara
1424 2270 1573 2309 tegmina
1601 2268 1758 2308 crurum‚’
1781 2278 1841 2308 pro

1160 2321 1330 2348 armatura
1363 2317 1509 2357 Phrygia
1538 2315 1625 2355 apud
1654 2315 1843 2355 Virgilium.

1161 2365 1238 2396 Vid.
1254 2366 1356 2397 Turn.
1370 2374 1421 2397 ix.
1438 2369 1487 2396 18.
1534 2365 1605 2396 Hac
1615 2364 1763 2405 Dorium]
1778 2364 1842 2404 Ly-

1160 2422 1195 2443 ra
1211 2418 1349 2445 sonante
1364 2423 1497 2445 carmen
1513 2413 1664 2449 Dorium,
1679 2412 1770 2444 tibiis
1792 2422 1842 2444 so·

1160 2462 1317 2493 nantibus
1345 2472 1480 2493 carmen
1507 2461 1696 2503 barbarum,
1719 2461 1753 2492 id
1778 2466 1841 2497 est,

1161 2509 1344 2552 Phrygium
1357 2512 1408 2543 vel
1424 2511 1574 2551 Lydium.
1598 2511 1686 2551 [Hac
1695 2510 1842 2542 Doricum

1159 2562 1239 2593 Vat.
1260 2562 1358 2592 Rom.
1375 2564 1408 2592 2.
1432 2560 1509 2593 edd.
1528 2559 1667 2591 Mediol.
1691 2561 1784 2592 14⁷6.
1805 2563 1841 2589 et

1160 2610 1334 2650 Rutgers.]
1718 2615 1721 2618 ⁴

1202 2662 1221 2690 7
1242 2659 1286 2690 Ut
1300 2657 1410 2698 nuper]
1434 2656 1597 2689 Confecto
1609 2656 1738 2688 scilicet
1753 2655 1838 2686 bello

1161 2708 1285 2746 Siculo,
1322 2706 1411 2747 quod
1442 2705 1618 2737 Actiacum
1647 2703 1839 2736 antecessit.

1161 2757 1239 2788 Jam
1255 2765 1334 2787 vero
1351 2755 1438 2797 quod
1460 2756 1469 2771 ‘
1487 2753 1691 2794 Neptunium
1705 2751 1840 2784 ducem'
