1916 3262
983 176 1003 197 ς

324 297 434 343 13⁹2

322 399 583 432 neb.xv111127.
622 401 861 433 CaeliusivAEffl
895 400 1022 442 Amyn·-

322 449 548 490 tide1P00uio
571 450 800 490 capacissimo,
826 451 911 492 quod
935 453 1005 482 sine

322 498 590 537 interspiratione
606 492 760 539 haimim,
773 504 807 530 et
823 499 924 530 labris
940 508 1005 530 non

322 546 440 578 clausis
468 547 683 587 epotabatur.
736 547 803 578 Alii
825 547 942 579 dicunt
971 558 1006 578 a·

321 595 497 635 mystidem
510 596 572 626 hoc
585 596 659 627 loco
666 605 730 627 non
745 597 896 637 poculum
908 597 1006 636 signi-

320 645 438 683 ficare,
454 646 511 676 sed
529 646 785 686 intemperatum
802 648 890 678 inter
903 648 1005 677 Thra-

285 718 292 725 .
321 703 376 725 cas
390 694 523 725 bibendi
540 704 655 734 genus,
670 695 702 726 in
718 705 782 736 quo
797 699 1006 734 compotato-

320 752 372 774 res
388 748 502 783 potum
519 744 551 774 in
567 744 676 774 alvum
703 753 767 774 nou
792 753 888 774 secus
907 750 1006 783 atque

321 792 354 822 in
370 792 494 826 dolium
512 792 744 827 infundebant,
759 793 859 832 idque
876 791 1006 822 confer-

321 841 395 880 tim,
409 847 445 872 et
463 842 534 872 sine
557 842 791 882 respiratione:
817 842 870 871 cui
892 841 1007 872 sorbil—

320 889 391 920 lare
409 891 582 930 paulatim,
599 898 649 921 est
666 891 876 922 contrarium.
906 889 1007 928 Angli

322 939 497 978 appellant
537 939 710 978 Car-ousing
741 949 776 968 or
800 939 943 977 drinking
977 939 1014 976 ⁰f

319 986 447 1018 heauhs.

366 1038 402 1066 15
427 1036 499 1065 Neu
519 1036 614 1066 vivax
640 1036 758 1076 apium]
796 1035 920 1075 Apium
950 1035 1007 1066 diu

321 1083 445 1113 virens.
467 1084 570 1114 Breve
579 1085 694 1124 lilium]
718 1084 792 1115 Lilii
803 1083 1008 1124 flosmagnus

321 1137 385 1170 est,
402 1131 462 1162 sed
477 1132 576 1163 durat
591 1133 682 1162 brevi
699 1137 863 1173 tempore.

362 1183 401 1211 17
428 1181 540 1211 Omnes
555 1181 589 1211 in
604 1181 763 1212 Danmlim
775 1180 896 1220 putres]
927 1181 1007 1212 Om-

321 1239 379 1261 nes
393 1230 542 1270 defigent
557 1236 592 1262 et
601 1232 786 1272 conjicient
796 1232 828 1262 in
841 1232 1006 1262 Damalim

321 1289 397 1310 suos
424 1281 536 1310 oculos
573 1286 704 1320 putres,
734 1281 767 1312 id
795 1286 859 1322 est,
895 1282 1009 1311 oculos

321 1329 444 1367 ebrios,
476 1329 607 1367 fluidos,
644 1339 683 1360 ac
720 1330 858 1367 solutos,
893 1330 1007 1369 quales

322 1383 454 1410 strenue
470 1379 656 1417 potantium
682 1387 754 1408 esse
782 1379 902 1416 solent,
925 1387 1006 1417 quos

319 1429 329 1444 ‘
341 1426 433 1457 nare’
451 1428 624 1465 eleganter
637 1427 722 1458 dixit
739 1427 871 1457 Lucret.
889 1426 943 1457 lib.
956 1435 1007 1457 iv.

321 1476 373 1506 vel
399 1475 537 1506 libidine
553 1475 688 1507 fractos.
727 1475 856 1506 Turneb.
874 1483 1006 1506 xxvm.

322 1527 374 1555 27.
393 1527 558 1556 xxiv.23.

365 1577 404 1605 18
428 1575 590 1614 Deponent
604 1573 715 1612 oculos]
742 1573 913 1612 Defigent,
928 1582 1006 1603 con-

319 1623 454 1662 jicient.
500 1624 562 1653 Vei
598 1624 757 1662 deponent,
795 1621 938 1652 condent
973 1625 1008 1652 et

322 1672 413 1711 qnasi
442 1671 616 1709 sepelient.
676 1671 762 1702 Nam
789 1671 931 1710 depositi
961 1670 1008 1700 di·

322 1725 443 1750 cuntur
466 1719 633 1758 deplorati
657 1724 692 1750 et
714 1719 808 1759 quasi
827 1719 1007 1758 desperati.

324 1768 466 1798 Lambin.
482 1769 545 1798 Nec
557 1768 694 1798 Damalis
701 1767 791 1806 novo]
813 1768 889 1798 Non
898 1771 1008 1797 tamen

322 1817 377 1847 illa
394 1817 571 1848 divelletur
588 1827 606 1847 a
622 1827 707 1847 novo
733 1821 879 1847 amatore
911 1816 1009 1846 Pom-

322 1866 422 1905 ponio
438 1866 594 1897 Numida.
631 1866 810 1906 [Deponunt
826 1865 987 1905 Guelpli.]

364 1917 405 1945 20
427 1914 641 1953 Ambitiosior]
678 1915 762 1946 Eum
791 1914 915 1945 arctius
942 1923 1010 1944 am—

322 1965 428 2000 biens,
458 1974 554 2004 quam
585 1965 695 1995 ederae
737 1965 1008 2003 complectuntur

323 2014 471 2044 arbores,

324 2063 404 2093 One
429 2070 566 2092 xxxvn.
588 2059 836 2099 Προσφωνητική.
867 2060 922 2091 An
946 2061 1008 2091 So-

364 2118 486 2140 DALES.
539 2110 628 2141 Quos
653 2110 804 2140 hortatui·
833 2109 873 2139 ad
902 2109 1009 2139 indul-

365 2158 509 2199 gendum
526 2159 650 2199 Genio,
670 2158 900 2188 ob‘victoriam
915 2157 1008 2188 Acti-

366 2217 458 2237 acam
473 2207 624 2246 Augusti.

365 2259 381 2286 1
403 2257 492 2286 Nunc
503 2260 547 2287 est
558 2255 732 2295 bibendum]
755 2255 810 2287 Ob
822 2265 893 2286 eam
907 2256 1006 2286 etiam

323 2305 496 2336 victoriam
513 2305 674 2344 templum
692 2304 841 2344 Apollini
866 2304 935 2335 illic
958 2305 1007 2335 in-

323 2354 488 2389 stitutum,
504 2354 613 2385 etludi
622 2354 872 2395 quiuquenales,
883 2358 917 2384 et
929 2354 1007 2384 urbs

324 2402 415 2434 dicta
445 2403 632 2444 Nicopolis.
675 2403 725 2433 Ea
751 2403 838 2433 enim
868 2402 1008 2433 victoria

322 2451 512 2491 Augustum
539 2453 629 2483 orbis
654 2457 818 2483 terrarum
840 2451 1007 2482 dominum

324 2499 417 2532 fecit.
440 2501 580 2533 Tor-rent.
622 2501 711 2532 Vide
727 2507 762 2532 et
776 2501 908 2532 Brodaei
926 2501 1006 2531 Mis-

324 2550 441 2580 cell.'r.
459 2553 511 2581 21.
553 2551 645 2581 Nunc
667 2552 742 2591 pede
765 2551 876 2591 libero]
911 2550 1008 2581 Nunc

325 2604 402 2637 post
423 2599 567 2639 Augusti
593 2600 764 2631 victoriam
785 2599 889 2631 libere
906 2599 1007 2639 tripu·

324 2647 480 2678 diandum
497 2653 560 2680 est.

366 2698 387 2725 2
408 2695 593 2738 Saliaribus]
619 2698 717 2729 Unde
733 2698 814 2728 etin
832 2697 1008 2738 proverbio

325 2746 431 2782 erat,‘
445 2745 586 2778 Saliares
595 2747 718 2778 coenas'
729 2747 839 2778 dicere
854 2747 1008 2788 opiparas

328 2798 363 2824 et
392 2795 555 2833 copiosas.
613 2797 777 2836 Loquitur
804 2798 859 2828 liic
886 2797 928 2827 de
957 2797 1007 2837 his

779 309 918 340 No'rAE
952 309 1210 354 xjAmonUM
1242 311 1293 341 IN

1055 402 1173 443 epulis,
1184 412 1257 443 qnae
1270 403 1408 434 decreta
1421 403 1464 435 ob
1473 413 1526 435 res
1535 388 1765 445 benegnius*

1055 452 1307 491 sepplicatione‚
1337 453 1482 483 Deorum
1513 453 1757 494 lectistet'fflffi⁸

1055 499 1095 529 ad
1136 500 1324 538 pulvinaria
1360 510 1458 541 quam
1496 501 1568 532 fieri
1582 504 1743 542 *pom

1056 547 1258 586 amplissime
1282 549 1323 580 de
1347 558 1438 580 more
1464 549 1742 590 opponebantnn

1055 596 1098 626 de
1114 597 1207 636 cnjiis
1222 599 1465 637 superstitionis
1486 599 1528 630 ad
1545 599 1743 639 placandam

1057 646 1202 676 Deorum
1225 647 1307 678 iram
1328 648 1422 679 initio
1443 649 1567 684 Livius,
1589 649 1644 680 lib.
1658 651 1744 680 vast

1055 694 1210 726 Valerius
1235 704 1259 726 1.
1287 699 1336 728 11.
1362 697 1502 729 Torreat.
1553 697 1770 740 Saliares-⁰3²

1056 743 1208 782 Dapibus
1224 745 1383 785 opiparis,
1396 752 1431 779 et
1448 747 1616 784 delicatis,
1635 747 1744 788 cujus·

1056 792 1146 822 modi
1172 793 1264 832 Salii,
1302 795 1422 825 Martis
1450 795 1653 835 sacerdotes,
1694 795 1743 827 uti

1056 847 1313 874 consueverunt.
1385 870 1390 874 .

1098 893 1116 920 3
1141 890 1294 922 Pulvinar
1317 893 1468 932 Deorum]
1503 893 1670 932 Lectulos,
1709 898 1744 924 et

1058 939 1221 978 pulvinos,
1243 940 1360 981 quibus
1389 942 1451 972 Dii
1474 942 1741 982 imponebantur.

1056 988 1202 1019 Turneb.
1218 998 1282 1022 vu.
1295 992 1346 1021 17.

1062 1057 1066 1059 Α
1097 1040 1117 1068 4
1141 1037 1269 1077 Tempus
1278 1038 1360 1078 erat]
1385 1038 1494 1070 Recte
1509 1039 1557 1070 sic
1571 1038 1627 1070 edi
1647 1039 1743 1070 Lam-

1058 1086 1154 1117 binus
1194 1088 1335 1126 curavit,
1363 1095 1400 1119 nt
1430 1089 1534 1120 veluti
1573 1093 1742 1120 cessantes

1059 1141 1194 1166 accuset
1207 1147 1216 1174 ;
1239 1146 1352 1167 omnes
1365 1138 1450 1167 enim
1463 1137 1506 1168 ad
1517 1137 1743 1168 demonstrau-

1058 1184 1134 1214 dam
1162 1185 1327 1225 publicam
1363 1186 1519 1217 laetitiam
1554 1187 1669 1218 odiosa
1691 1192 1744 1218 est

1058 1243 1161 1265 mora.
1186 1235 1325 1265 Tor-rent.
1365 1235 1496 1275 Tempus
1516 1239 1583 1266 erat
1601 1235 1742 1275 dapibus]

1056 1282 1200 1322 Tempus
1231 1288 1293 1313 est.
1351 1284 1496 1324 [Tempus
1519 1284 1579 1314 erit
1604 1284 1743 1325 quidam

1058 1331 1156 1361 codd.
1185 1341 1240 1371 ap.
1265 1332 1386 1368 Jaeck,
1413 1333 1527 1372 Feam,
1563 1337 1599 1364 et
1626 1333 1745 1364 Lami».

1057 1379 1122 1409 duo
1135 1380 1170 1410 Li
1177 1390 1224 1418 ps,
1249 1382 1390 1412 Loclier-
1404 1381 1541 1412 Venett.
1552 1384 1743 1413 14921509.

1057 1432 1091 1458 et
1108 1428 1258 1467 Asceus]

1097 1479 1116 1505 5
1142 1476 1280 1507 Antehac
1290 1476 1374 1513 nefas
1384 1477 1555 1516 depromere
1567 1477 1743 1516 Caecuhum]

1058 1523 1208 1556 Antehac
1222 1524 1315 1555 nefas
1328 1526 1450 1563 erat‚in
1460 1525 1552 1556 luctu
1565 1526 1636 1556 scil.
1647 1535 1666 1556 e
1678 1527 1745 1556 cel·

1057 1575 1095 1605 lis
1108 1576 1206 1606 avitis
1217 1576 1414 1615 depromere
1429 1576 1540 1606 vinum
1549 1577 1742 1614 (jocobum,

1057 1623 1090 1654 id
1107 1629 1172 1660 est,
1197 1626 1308 1655 viuum
1326 1634 1536 1664 generosum.
1561 1625 1742 1656 Caecubum

1056 1673 1181 1702 dictum
1196 1682 1214 1702 a
1228 1673 1380 1703 Caecubis
1393 1673 1586 1712 Campaniae
1601 1674 1743 1713 populis,

1057 1720 1143 1759 apud
1164 1731 1244 1760 quos
1261 1722 1424 1759 nascitur,
1438 1721 1496 1751 sed
1511 1730 1599 1752 nnnc
1611 1722 1742 1752 devicto

1058 1767 1201 1799 Antonio
1213 1778 1285 1799 cnm
1297 1769 1489 1808 Cleopatra,
1498 1770 1560 1800 hoc
1573 1775 1647 1801 erat
1660 1770 1741 1801 illud

1058 1822 1199 1856 tempus,
1209 1818 1240 1847 in
1252 1827 1320 1857 quo
1333 1818 1474 1848 docebat
1490 1819 1628 1858 epulari.

1098 1869 1119 1896 6
1143 1867 1238 1897 Celtis
1251 1867 1358 1906 avitis]
1383 1867 1484 1897 Cellae
1514 1867 1614 1898 avitae
1643 1867 1742 1898 deno·

1059 1921 1131 1946 tant
1161 1915 1227 1946 vini
1258 1921 1469 1954 vetustatem,
1509 1916 1542 1946 in
1571 1919 1642 1956 qua¹
1671 1917 1743 1946 laus

1057 1973 1183 1994 summa
1207 1969 1270 1994 est.
1307 1965 1394 1994 Dum
1419 1964 1584 2005 Capitolio]
1612 1965 1744 1996 Interea

1058 2012 1135 2042 dum
1165 2012 1301 2042 demens
1327 2013 1509 2051 Cleopatra
1548 2014 1678 2043 ruinam
1707 2017 1743 2043 et

1057 2060 1263 2090 eversionem
1293 2060 1366 2090 urbi
1395 2065 1431 2090 et
1467 2060 1609 2099 Reipub.
1643 2059 1740 2091 Rom.

1057 2109 1240 2139 moliretur.
1739 2127 1742 2130 Δ

1097 2160 1115 2187 7
1149 2156 1284 2196 Regina]
1334 2157 1434 2187 Nulla
1477 2155 1567 2187 facta
1604 2156 1741 2188 Antonii

1055 2205 1237 2244 mentione,
1248 2215 1398 2236 caussam
1411 2206 1488 2236 belli
1498 2215 1628 2237 omnem
1645 2206 1740 2237 Cleo-

1056 2260 1161 2295 patra».
1171 2255 1302 2295 AEgypti
1317 2255 1439 2294 reginae
1453 2255 1610 2294 imputat.
1633 2255 1742 2285 Causa

1057 2303 1142 2334 enim
1172 2305 1340 2344 praecipua
1368 2304 1630 2342 obtendebatur,
1653 2305 1740 2344 qumi

1056 2354 1175 2384 mulier
1189 2353 1347 2393 AEgyptia
1363 2354 1544 2383 Romanurn
1566 2351 1742 2384 affectaret

1056 2402 1240 2441 imperium.
1266 2403 1416 2444 Torreat.-

1099 2454 1119 2481 8
1143 2449 1260 2490 Funus]
1283 2451 1443 2481 Exitium.

1098 2503 1119 2530 9
1145 2501 1221 2530 Cum
1237 2499 1346 2539 grege]
1367 2499 1514 2538 Scaliger
1525 2504 1562 2530 et
1576 2499 1741 2541 Cruquius

1056 2549 1233 2588 legendum
1258 2543 1476 2583 contendunt,
1502 2557 1677 2588 παρτεμ·
1705 2553 1742 2580 et

1058 2607 1118 2636 per
1143 2597 1327 2637 Syncliysiu
1357 2602 1543 2636 exponunt,
1573 2606 1742 2638 congrege>

1057 2649 1199 2678 virorum
1216 2648 1373 2687 turpium,
1395 2647 1427 2677 id
1443 2651 1506 2682 est,
1520 2646 1742 2688 congreflibos'

1055 2698 1135 2728 viris
1142 2695 1490 2736 turpibus,morboque
1499 2693 1738 2726 cont-mimus

1058 2746 1202 2786 Turpium
1209 2744 1332 2784 Morbo]
1355 2744 1535 2775 Eunuchos
1544 2750 1624 2784 ergo
1633 2746 1738 2782 carpes

1057 2796 1158 2827 morbo
1181 2796 1263 2826 viros
1289 2794 1450 2834 appellat,
1474 2793 1530 2833 qui
1549 2799 1669 2831 nempe
1692 2801 1735 2822 ex
