1916 3262
488 268 697 302 HoRATn
733 269 1005 301 cARM1NuM
1043 270 1137 300 LI&
1170 260 1316 300 u1.5.

174 364 309 398 assidua
339 363 585 396 exercitatione
625 362 667 394 ad
702 371 867 393 summum

177 417 354 457 perducto,
395 421 432 448 ut
467 419 560 447 recte
584 414 715 446 Seneca
747 413 868 455 inquit.

177 467 268 499 Torr-

218 519 258 548 31
282 515 321 548 Si
341 514 479 557 pugnat]
512 514 547 547 Si
573 512 648 545 fieri
678 516 805 553 potest,
831 517 869 544 ut

174 575 278 598 cerva
293 576 313 599 e
325 566 454 599 retibus
469 563 631 605 expedita
647 572 798 603 pugnare
811 572 869 594 au-

176 614 271 647 deat-

219 668 260 698 83
285 666 350 702 Qui
372 663 518 706 perfidis]
542 663 610 696 Qui
637 663 780 694 bostium
812 671 870 704 po·

177 715 295 747 testati
310 725 347 746 se
363 714 526 755 permisit.

217 767 260 796 84
294 765 339 796 Et
365 764 488 805 Marte]
533 764 578 795 Et
608 764 717 794 altero
749 762 870 803 praelio

174 813 470 854 Carthaginienses
495 813 632 855 subiget
654 814 764 854 is,qui
786 813 871 853 lora,

172 864 239 895 διο.
259 862 320 904 [Ee
331 867 430 895 morte
443 862 542 894 codd.
553 873 608 903 ap.
620 862 763 902 Jaeck.]

213 915 256 945 86
278 912 384 945 Sensit
412 913 512 953 iners]
534 913 570 944 Si
597 913 718 952 Reguli
747 912 871 944 oratio-

171 971 248 995 nem
275 972 408 995 omnem
431 968 525 995 recte
546 962 783 1003 expendimus,
809 963 870 993 mi-

171 1013 264 1052 lites,
278 1012 320 1044 de
335 1013 457 1054 quibus
479 1013 514 1044 in
536 1017 657 1043 senatu
684 1017 765 1043 tuuc
792 1022 870 1052 age-

174 1062 288 1102 batur,
309 1072 376 1094 non
406 1062 497 1104 quod
519 1062 613 1103 capti
630 1067 758 1103 essent,
776 1061 869 1093 dam·

174 1117 246 1152 nat,
259 1113 385 1154 quippe
399 1118 435 1144 et
450 1113 524 1154 ipse
542 1117 664 1153 captus
678 1123 685 1142 ε
708 1111 767 1142 sed
779 1111 869 1153 quod

175 1163 311 1202 armati,
327 1163 399 1194 sine
415 1162 510 1194 caede
534 1172 574 1193 ac
598 1161 774 1202 sanguine,
796 1162 870 1192 hos·

173 1213 256 1243 tium
272 1212 438 1253 potestati
454 1221 529 1243 sese
541 1211 765 1243 dedidissent.
780 1211 870 1243 Torr-

175 1260 283 1293 Sensit
295 1262 396 1302 iners]
413 1262 574 1303 Ignavus.

214 1315 256 1344 37
281 1313 348 1345 Hic
361 1315 442 1345 unde
463 1314 576 1354 vitam]
599 1314 792 1354 Stephanus
809 1323 870 1354 pro

171 1362 300 1402 inscias,
314 1364 446 1394 mavult
459 1363 574 1402 legere
588 1363 706 1402 aptius,
721 1363 783 1394 hoc
795 1372 871 1394 sen·

171 1420 231 1442 su:
262 1411 331 1443 Hic
353 1411 489 1443 miscuit
512 1421 632 1452 pacem
650 1411 751 1447 bello,
768 1421 786 1442 e
802 1421 870 1452 qno

172 1464 284 1493 tamen
295 1461 406 1502 aptius
417 1461 522 1492 vitam
537 1470 671 1492 sumere
686 1461 869 1501 potuisset,

173 1519 276 1551 qnam
292 1520 311 1542 e
328 1519 426 1551 paee.
470 1509 512 1541 Id
539 1515 605 1548 est,
627 1519 730 1552 quum
755 1514 869 1541 tamen

173 1559 297 1592 bellica
312 1559 478 1592 fortitudo
495 1561 608 1601 aptior
630 1561 679 1592 ini
704 1561 745 1592 ad
765 1561 869 1594 vitam

170 1611 450 1652 conservandam,
464 1612 536 1643 sive
559 1610 602 1642 ad
625 1612 869 1644 consulendum

172 1661 274 1694 saluti
290 1671 360 1694 suae
385 1666 487 1693 esset.
532 1661 618 1693 Cum
640 1662 758 1693 inscius
786 1663 869 1703 legi-

173 1716 374 1748 tur,sensus
397 1717 472 1743 est:
498 1711 578 1751 Hic,
598 1721 700 1752 quum
725 1713 872 1743 nesciret

173 1769 241 1802 qua
253 1762 384 1791 ratione
400 1760 501 1791 saluti
518 1770 587 1790 suae
603 1761 783 1791 consulere
797 1770 871 1800 pos·

170 1814 237 1850 set,
247 1810 385 1841 tandem
396 1809 431 1840 id
448 1819 484 1840 se
497 1814 783 1850 consequutumm
793 1811 872 1841 mis-

174 1857 284 1890 cendo
311 1867 431 1899 pacem
460 1858 560 1898 bello,
584 1858 745 1898 speravit.
805 1859 872 1890 Hic

174 1909 255 1939 unde
290 1908 389 1939 vitam
423 1911 554 1939 sumeret
591 1908 722 1949 inscius]
771 1909 800 1940 N
807 1918 871 1941 nnc

175 1958 279 1989 etiam
303 1956 445 1990 inscitiae
474 1958 616 1989 militem
639 1963 791 1998 accusat,
812 1959 870 2000 qui

176 2012 322 2038 armatus
348 2007 381 2037 in
409 2006 482 2038 acie
507 2007 710 2046 consistens,
733 2008 870 2040 aliunde

171 2060 274 2097 quam
290 2056 333 2087 ab
351 2057 451 2087 armis
465 2057 610 2088 salutem
627 2049 738 2098 petat,
753 2062 787 2089 et
811 2068 872 2099 pa·

170 2105 253 2137 cisci
276 2106 387 2147 malit,
401 2116 500 2148 quam
531 2107 714 2147 pugnando
741 2107 870 2139 acriter

171 2163 207 2186 se
222 2154 408 2188 defendere
431 2166 471 2187 ac
495 2155 600 2188 ferire
622 2157 767 2188 hostem.
794 2158 867 2189 Tor-

171 2210 256 2239 rent.
280 2210 282 2212 ’
301 2207 371 2238 Hic
389 2208 469 2239 unde
480 2207 576 2239 vitam
587 2211 723 2239 sumeret
737 2207 869 2249 inscius]

173 2251 242 2290 Hic
259 2258 356 2290 miles
371 2258 526 2290 nesciens
542 2259 645 2290 vitam
661 2258 774 2297 armis,
799 2268 867 2290 non

171 2306 358 2347 deditione,
389 2317 465 2339 esse
493 2308 719 2348 retinendam,
749 2317 869 2349 pacem

173 2365 249 2388 cnm
265 2356 356 2388 bello
384 2356 552 2389 confudit.
594 2358 683 2390 Nam
701 2358 734 2389 in
749 2358 871 2390 arden·

172 2405 303 2437 tissima
325 2415 451 2446 pugna,
470 2410 631 2447 tanquam
653 2407 687 2438 in
712 2416 810 2448 paee,
833 2416 870 2438 se

173 2454 326 2486 hostibus
338 2455 497 2486 credidit.

217 2506 260 2536 4⁰
295 2504 401 2535 Altior
429 2505 535 2536 ltaliae
562 2504 680 2545 ruinis]
713 2507 872 2539 Nobilior

177 2553 332 2594 turpibus
347 2553 457 2586 ltaliae
475 2555 589 2586 ruinis.

217 2606 259 2635 41
283 2603 401 2635 Fertur
421 2604 556 2644 pudicae]
578 2605 729 2645 Regulus
747 2606 872 2638 dicitnr

176 2665 195 2685 a
210 2664 246 2686 se
267 2654 462 2695 removisse,
477 2654 512 2685 id
526 2659 592 2691 est,
608 2664 676 2686 non
699 2655 872 2688 admisisse

174 2704 325 2746 conjugis
341 2705 504 2736 osculum.

217 2757 259 2786 42
287 2755 331 2786 Ut
345 2755 471 2796 capitis]
486 2756 534 2786 Ut
547 2754 660 2794 capite
675 2754 872 2797 diminutus,

174 2803 208 2836 id
229 2807 297 2845 est,
321 2809 358 2836 ut
379 2813 495 2837 servus
518 2803 630 2837 factus
647 2815 709 2847 per
726 2806 872 2848 captivi-

1504 261 1618 306 1447

919 365 1039 393 tatem.
1084 361 1198 402 Capite
1220 360 1337 401 minor]
1369 360 1492 402 Capite
1522 363 1619 396 dimi-

918 415 1032 442 nutus.
1062 411 1248 443 Estantem
1263 410 1404 452 ‘capitis
1420 411 1620 450 diminutio,'

919 462 1042 503 prioris
1073 466 1186 494 status
1215 462 1419 494 immutatio.
1465 462 1618 503 ‘Caput'

919 511 1008 543 enim
1023 512 1080 544 hic
1105 511 1274 544 ‘statum’
1299 511 1483 553 significat.
1527 512 1620 544 Fieri

919 566 1032 594 autem
1051 572 1126 594 eam
1143 562 1254 594 tribus
1269 562 1378 594 modis
1394 562 1522 594 volunt.
1541 571 1620 594 nam

920 617 978 644 ant
990 612 1130 644 libertas
1143 612 1242 644 simul
1258 617 1294 644 et
1309 613 1431 645 civitas
1444 612 1624 652 amittitur,

920 672 994 705 quae
1019 663 1168 694 maxima
1194 662 1319 703 capitis
1346 662 1526 694 diminutio
1544 667 1620 694 est:

920 717 979 745 aut
994 713 1115 745 civitas
1132 717 1277 752 tantum,
1292 716 1428 744 retenta
1445 712 1622 754 libertate,

920 772 1019 804 quam
1044 762 1191 794 mediam
1219 763 1421 804 appellant:
1449 767 1509 794 aut
1538 772 1620 794 vero

920 817 1054 844 retenta
1075 812 1241 844 libertate
1258 816 1294 844 et
1312 812 1469 852 civitate,
1493 811 1622 843 familia

920 866 1051 894 tantum
1072 866 1236 902 mutatur,
1259 867 1295 893 nt
1319 866 1404 902 puta
1429 871 1492 903 per
1516 861 1621 902 adop-

920 911 1060 952 tionem,
1075 922 1151 953 quae
1161 916 1198 944 et
1214 912 1350 944 minima
1365 913 1505 944 dicitur.
1535 912 1622 944 Por-

921 971 957 992 ro
973 962 1030 1003 qni
1058 961 1147 993 bello
1172 962 1266 1003 capti
1292 962 1326 994 in
1347 963 1494 994 bostium
1521 967 1622 994 erant

921 1015 1107 1052 potestate,
1143 1021 1346 1054 quamquam
1383 1016 1529 1053 propter
1561 1012 1621 1052 jus

921 1061 1119 1101 postliminii
1145 1071 1212 1093 non
1229 1066 1297 1093 tam
1313 1062 1503 1103 perdidisse
1521 1062 1622 1094 liber-

922 1115 1028 1142 tatem
1045 1111 1287 1152 civitatemque
1302 1122 1400 1153 quam
1423 1112 1458 1143 in
1480 1121 1623 1153 suspen-

922 1170 960 1192 so
977 1171 1050 1192 esse
1068 1161 1292 1201 videbantur;
1316 1162 1487 1203 tantisper
1507 1167 1623 1194 tamen

922 1210 1001 1242 dum
1029 1211 1184 1251 aberant,
1210 1221 1274 1244 nec
1299 1213 1403 1248 cives,
1434 1222 1498 1244 nec
1522 1213 1623 1244 liberi

922 1259 1135 1291 habebantur
1149 1272 1156 1291 =
1174 1262 1238 1292 hoc
1254 1261 1358 1301 igitur
1369 1266 1434 1302 est,
1451 1261 1542 1303 quod
1557 1271 1622 1294 nec

921 1310 1114 1350 conjugem,
1125 1320 1188 1342 nec
1199 1311 1325 1343 liberos
1336 1313 1544 1352 agnoscebat
1555 1313 1623 1344 Re·-

921 1359 1030 1399 gulns.
1051 1359 1193 1392 Torrenc.
1418 1363 1425 1366 ”

963 1410 1004 1439 44
1030 1408 1149 1439 Torvus
1170 1409 1271 1451 humi]
1296 1410 1342 1442 Et
1371 1410 1499 1442 dicitur
1522 1416 1622 1443 torvo

922 1458 1016 1488 vultu
1030 1458 1145 1490 oculos
1155 1459 1188 1490 in
1206 1465 1298 1491 terra
1309 1459 1440 1492 defixos
1452 1460 1624 1501 habuisse,

922 1504 1031 1538 donec
1059 1507 1198 1539 consilio
1221 1517 1393 1551 nunquam
1417 1511 1499 1542 alias
1529 1510 1622 1550 dato,

922 1556 954 1587 id
986 1562 1051 1593 est,
1081 1557 1189 1590 donec
1219 1560 1425 1599 argumentis
1461 1559 1623 1592 inauditis

921 1606 1072 1639 firmaret
1095 1612 1212 1649 patres
1235 1608 1392 1641 labantes
1408 1610 1623 1642 dubitantes-

921 1667 999 1699 qne.

964 1710 1005 1739 45
1029 1708 1187 1740 Labeates
1192 1709 1357 1751 firmaret]
1378 1710 1388 1728 ⁴
1402 1710 1536 1742 Labare
1547 1710 1556 1724 '
1570 1715 1624 1743 est

917 1756 990 1796 jam
1014 1757 1166 1798 incipere
1182 1759 1302 1789 minari
1325 1768 1452 1791 casum.
1498 1760 1624 1792 Patres

922 1806 1038 1847 itaque
1050 1807 1084 1837 in
1100 1816 1174 1839 eam
1185 1808 1253 1848 jam
1270 1808 1474 1840 inclinantes
1490 1814 1626 1841 senten-

922 1856 1016 1895 tiam,
1042 1860 1081 1887 ut
1095 1856 1283 1898 disciplinae
1306 1858 1457 1897 militari,
1479 1869 1546 1900 qua
1561 1859 1628 1891 dif-

921 1904 1028 1937 ficiles
1043 1915 1180 1948 semper
1203 1909 1237 1939 in
1257 1909 1414 1949 captivos
1436 1908 1533 1940 fuere
1557 1909 1625 1940 Ro·

921 1956 1025 1998 mani,
1052 1957 1196 1988 salutem
1223 1959 1345 1999 Reguli
1376 1958 1624 1999 praeferendam

922 2015 997 2037 esse
1012 2006 1251 2045 decernerent,
1267 2009 1339 2049 ipse
1356 2014 1545 2041 remoratus
1561 2015 1625 2050 est,

922 2059 1025 2096 atque
1041 2056 1074 2087 in
1090 2055 1202 2088 officio
1215 2058 1396 2090 continuit.
1423 2060 1568 2091 Tor-rent.

963 2108 1006 2137 46
1021 2105 1127 2137 Autor
1142 2107 1314 2148 nunquam]
1327 2108 1452 2140 Suasor
1465 2110 1538 2141 sive
1554 2118 1624 2141 mo-

918 2155 1023 2188 nitor.
1251 2149 1255 2153 ¹

962 2208 1006 2238 48
1030 2207 1192 2247 Egregius
1220 2207 1308 2248 exul]
1346 2208 1439 2240 Vere
1467 2210 1626 2249 egregius,

919 2257 1061 2298 quinon
1076 2262 1114 2288 ut
1139 2258 1195 2288 alii
1212 2259 1346 2289 exsules
1365 2258 1520 2299 judicum
1547 2268 1624 2290 sen-

921 2307 1044 2348 tentia,
1060 2311 1121 2338 aut
1141 2312 1234 2339 metu
1257 2309 1378 2339 saltem
1397 2309 1535 2349 judicii,
1565 2318 1625 2349 pa-

922 2357 1023 2388 triam
1049 2356 1331 2397 reliquerit3’sed
1354 2362 1391 2389 et
1407 2359 1481 2399 ipse
1505 2368 1566 2389 suo
1588 2368 1624 2389 se

922 2403 1096 2445 suffragio,
1120 2405 1165 2436 ob
1181 2407 1304 2446 patriae
1321 2408 1512 2444 caritatem,
1526 2407 1624 2438 fidei-

923 2464 990 2496 que
1018 2456 1259 2492 constantiam,
1289 2466 1355 2487 non
1393 2462 1462 2488 tam
1489 2457 1625 2497 exsilio,

923 2514 1025 2545 quam
1041 2509 1138 2535 certa
1155 2510 1267 2536 morte
1286 2506 1453 2536 multarit.
1479 2506 1624 2536 Torreat.

924 2553 1027 2593 Exul]
1050 2553 1139 2583 Exul
1166 2562 1228 2593 per
1260 2554 1499 2594 captivitatem
1526 2563 1623 2595 egre-

923 2604 1010 2645 gius,
1025 2602 1059 2634 id
1076 2608 1141 2641 est,
1155 2611 1327 2643 nunquam
1344 2603 1427 2634 satis
1450 2603 1623 2638 laudatus.

964 2655 1009 2685 49
1039 2652 1138 2693 Atqui
1160 2652 1292 2692 sciebat]
1345 2653 1424 2684 Non
1444 2653 1623 2695 ignorabat

924 2704 1088 2744 Regulus,
1118 2711 1155 2733 se
1180 2703 1222 2733 ad
1248 2702 1419 2743 exquisita
1455 2705 1623 2746 supplicia

923 2754 1107 2797 proticisci.
1145 2754 1220 2786 Cic.
1233 2754 1277 2785 de
1292 2753 1362 2786 Off.
1377 2755 1436 2787 lib.
1449 2764 1506 2788 ιιι.
1539 2756 1621 2788 Bur-

924 2805 1015 2837 burus
1034 2806 1135 2836 tortor
1155 2804 1299 2845 pararet]
1320 2806 1376 2837 De
1398 2805 1519 2847 Reguli
1541 2815 1620 2849 sup-
