1930 3204
412 262 522 306 1618

409 355 626 404 interpretes,
648 361 735 404 quod
755 364 790 393 et
811 370 874 402 ego
890 362 924 393 in
939 362 1095 394 vetustis-

408 412 499 443 simis
520 411 719 443 membranis
738 410 928 450 observavi,
943 411 1094 452 Afinium

408 464 444 491 et
455 460 612 499 Alfenium
626 459 810 499 appellant,
823 458 1019 499 cognomine
1035 459 1093 491 Va-

406 519 495 546 rum;
520 510 575 550 qui
591 509 701 548 patria
716 508 959 543 Cremonensis,
975 508 1092 540 relicta

402 557 464 597 ibi,
479 567 577 598 quam
591 555 785 595 exercebat,
800 556 939 590 sutrina,
952 551 1089 588 Romam

404 605 549 643 venerit,
564 613 602 634 ac
621 604 738 634 Marco
754 603 900 643 Sulpicio
914 603 995 635 Jcto
1011 613 1090 644 ope-

406 662 476 683 ram
491 652 637 688 dederit,
649 656 784 682 evectus
798 652 930 682 tandem
947 652 988 682 ad
1004 653 1089 683 Con-

404 702 558 732 sulatum.
611 701 664 731 De
691 699 808 731 eodem
833 700 961 730 Gellius
986 701 1088 732 Noct-

404 750 479 782 Att.
493 759 542 780 vr.
558 754 589 780 5.
633 749 755 790 Neque
774 748 889 779 dubito
906 749 985 789 quin
1007 758 1086 779 eun-

404 799 480 829 dem
507 802 602 829 notet
632 798 781 829 Catullus
806 797 1003 836 pulcerrimo
1028 798 1085 829 illo

403 846 678 886 Epigrammate:
725 847 735 863 ‘
761 845 885 876 Alfene
915 847 1086 877 immemor

401 900 503 935 atque
532 893 695 924 unanimis
720 892 803 924 false
829 893 1028 932 sodalibus3'
1051 895 1086 925 id

402 942 490 974 enim
517 951 590 972 cum
620 941 763 972 Horatio
788 951 892 981 prope
918 943 1084 981 convenit,

401 990 458 1030 qui
472 999 531 1029 pro
548 991 557 1006 ‘
566 988 667 1019 Varo’
679 989 689 1005 ⁴
701 987 797 1019 Vafri
807 988 815 1002 '
826 999 1010 1029 cognomen
1024 991 1086 1030 ipsi

398 1038 566 1078 imposuit.
583 1038 781 1068 Praenomen
791 1042 901 1068 autem
911 1039 920 1056 ‘
932 1039 1086 1070 Publius’

399 1085 485 1124 fuit3
501 1090 548 1124 et,
563 1090 601 1116 ut
615 1095 677 1125 ego
692 1085 827 1125 quidem
844 1086 997 1121 arbitror,
1010 1097 1086 1117 cum

398 1134 511 1174 patrio
535 1134 673 1174 primum
696 1135 827 1164 nomine
841 1134 970 1172 Alfenus
989 1145 1086 1166 voca-

399 1187 505 1217 retur,
531 1187 707 1223 postquam
736 1183 845 1212 clarus
872 1191 945 1213 esse
972 1185 1086 1224 coepit,

400 1232 410 1249 ‘
426 1230 602 1262 Alfinium'
616 1240 652 1260 se
670 1230 872 1270 appellavit:
890 1230 932 1261 de
948 1241 1012 1272 qua
1027 1242 1085 1263 no-

397 1280 522 1310 minum
545 1279 729 1310 mutatione
751 1279 783 1309 in
813 1280 962 1311 Suetonii
984 1281 1085 1313 Tibe-

399 1329 483 1359 rium
497 1328 696 1367 scripsimus.
722 1328 862 1359 Torreat.

442 1379 500 1407 131
536 1377 647 1407 Clausa
686 1376 827 1415 taberna]
879 1377 1001 1408 Clausa
1030 1387 1083 1408 su-

399 1425 497 1456 trina.

440 1476 501 1505 132
516 1473 610 1504 Sutor
623 1473 706 1512 erat]
725 1473 890 1513 Cruquius
905 1474 1080 1514 legendum

398 1535 472 1558 esse
497 1531 611 1558 censet
639 1527 751 1557 Tonsor
771 1529 849 1564 erat,
874 1535 950 1557 nam
971 1526 1079 1557 crines

397 1575 544 1606 ustulare
568 1579 603 1606 et
625 1583 744 1605 ornare
768 1575 908 1604 tonsoris
930 1579 992 1606 est.
1036 1575 1081 1605 Et

396 1624 550 1664 sequenti
572 1632 684 1661 versu,
699 1623 733 1653 in
758 1627 984 1662 contemptum
1007 1629 1080 1654 ton-

397 1672 478 1702 soris
501 1671 619 1710 Stoici,
649 1671 706 1709 ait,
735 1671 745 1688 ‘
760 1671 899 1701 Vellunt
920 1670 983 1702 tibi
1004 1671 1080 1702 bar-

396 1719 496 1755 bam,’
525 1724 681 1759 tanquam
711 1719 814 1750 stulto
843 1722 878 1748 et
900 1718 1016 1758 inepto
1038 1719 1080 1750 ad

396 1777 468 1799 eam
490 1766 701 1807 crispandam
725 1770 759 1797 et
781 1766 1081 1798 discriminandam.

399 1817 494 1855 Cruq.
538 1815 669 1855 Sapiens
691 1815 805 1855 operis]
831 1814 925 1846 Ordo
940 1820 1001 1850 est.
1024 1817 1079 1848 Sic

396 1865 527 1905 sapiens
540 1868 592 1895 est
606 1863 748 1904 optimus
760 1862 874 1903 opifex
885 1863 989 1895 omnis
1000 1873 1079 1904 ope-

395 1924 454 1946 ris.

438 1965 498 1993 133
517 1962 639 1995 Vellunt
654 1961 711 1992 tibi
725 1960 862 2000 barbam]
885 1960 980 1993 Adeo
996 1963 1078 1993 stul-

397 2016 429 2041 te
443 2012 599 2051 loqueris,
609 2015 644 2041 et
659 2010 784 2048 Stoice,
795 2014 834 2040 ut
849 2014 882 2039 te
895 2009 990 2049 pueri
1001 2019 1079 2041 con-

395 2060 559 2090 tumeliosi
572 2058 725 2089 illudant.

439 2108 499 2136 135
525 2106 598 2135 Nisi
623 2105 711 2142 fuste
738 2103 868 2141 co'e‘rces]
904 2103 1076 2142 Tanquam

396 2158 530 2194 sceptro
553 2153 664 2192 regio:
689 2151 845 2182 coercere
869 2159 1010 2190 namque
1025 2155 1077 2181 est

394 2204 540 2234 virorum
567 2201 776 2243 principum;
801 2199 907 2239 qualis
934 2199 986 2229 hic
1012 2199 1074 2229 sibi

396 2261 468 2283 esse
493 2252 623 2283 Stoicus
649 2249 794 2287 videtur,
809 2257 1001 2287 magnorum
1024 2257 1074 2278 re·-

394 2311 473 2341 gum
493 2301 652 2331 maximus
673 2298 814 2331 scilicet,
830 2296 884 2326 cui
907 2304 966 2334 pro
982 2305 1074 2335 scep-

395 2356 448 2380 tro
471 2347 612 2390 porrigit
634 2346 801 2383 baculum,
817 2349 853 2374 ut
876 2343 1075 2383 Cynicorum

395 2407 487 2429 more
501 2403 534 2428 et
550 2398 665 2434 latret,
679 2399 713 2425 et
736 2394 767 2424 in
790 2402 912 2424 corona
935 2393 1075 2424 circum-

395 2451 522 2477 stantes
538 2455 573 2477 se
591 2445 715 2484 abigat.
741 2444 834 2482 Cruq.
880 2442 974 2472 Fuste
994 2442 1074 2472 coe'r-

392 2496 455 2536 ces]
473 2497 547 2527 Nisi
563 2494 670 2534 abigis
682 2493 801 2523 baculo
812 2498 968 2531 tanquam
982 2499 1075 2531 scep-

395 2550 446 2576 tro
462 2546 563 2584 regio.

438 2597 500 2626 136
523 2593 686 2632 Rumperis
709 2595 738 2622 et
760 2588 872 2627 latras]
897 2587 1073 2628 Rumperis

395 2644 549 2674 clamore.

439 2693 498 2720 137
523 2690 844 2725 Quaa1·antelavaaeurn
858 2697 914 2718 rex
927 2687 994 2726 ibis,
1005 2686 1072 2726 Sym]

398 2738 559 2772 Quaen-ans
569 2748 611 2769 ex
627 2739 720 2769 aereis
735 2736 874 2768 numinis
887 2737 999 2767 Romae
1014 2736 1072 2766 mi-

863 272 1002 303 No'rAE
1034 273 1293 304 VAmoR‘UM
1326 274 1378 304 ΙΝ

1141 363 1260 403 nimus,
1291 364 1473 395 communis
1513 367 1588 396 erat
1623 364 1822 399 balneatoris

1139 421 1279 452 merces,
1294 413 1336 443 ab
1350 413 1400 444 his
1421 413 1524 453 pendi
1543 413 1652 452 solita,
1666 415 1724 455 qui
1738 415 1822 455 pub·

1139 460 1211 492 licis
1227 460 1354 492 balneis
1371 461 1566 502 utebantur,
1578 467 1617 494 ut
1629 463 1822 504 Philosophi

1140 508 1411 550 Literatoresque
1439 519 1479 540 ac
1507 510 1672 542 Rhetores
1700 512 1822 547 solent.

1139 565 1213 587 cum
1235 557 1276 588 ob
1299 558 1511 597 tenuitatem,
1526 562 1596 590 tum
1610 563 1647 590 ut
1662 559 1695 590 in
1711 559 1818 591 turbae

1139 606 1291 644 populari
1308 605 1494 646 frequentia
1509 616 1583 638 suas
1602 611 1691 638 artes
1707 607 1822 639 vendi-

1139 656 1262 684 tarent.
1305 654 1394 685 Hinc
1410 654 1534 686 Juven.
1550 655 1621 686 Sat.
1635 664 1684 687 vr.
1707 659 1717 673 ·
1732 656 1818 687 Nam

1138 710 1213 741 quae
1229 702 1328 733 docta
1343 703 1439 734 nimis
1455 704 1549 744 cupit
1563 708 1600 735 et
1614 703 1758 736 facunda
1773 704 1822 734 vi-

1138 752 1220 793 deri,
1235 753 1339 785 Crure
1354 759 1450 786 tenus
1473 755 1582 786 medio
1605 755 1734 786 tunicas
1750 764 1822 787 suc-

1136 801 1270 841 cingere
1286 802 1400 840 debet‚
1427 803 1568 834 Caedere
1587 803 1721 834 Silvano
1744 812 1819 844 por·

1135 858 1222 887 cum,
1247 851 1430 890 quadrante
1457 850 1583 881 lavari.'
1625 850 1654 881 A
1679 860 1744 891 qua
1771 856 1820 882 ta-

1136 906 1210 927 men
1235 899 1454 937 praestatione
1481 899 1603 930 liberos
1631 899 1734 930 fuisse
1762 900 1819 940 qui

1136 945 1274 984 primam
1307 945 1413 976 adhuc
1452 947 1630 984 pueritiam
1667 951 1818 987 agerent,

1134 995 1256 1034 probat
1285 995 1372 1026 idem
1401 999 1518 1026 auctor
1541 996 1613 1027 Sat.
1641 1005 1682 1027 11.
1711 998 1722 1014 ⁴
1743 997 1819 1028 Nec

1134 1045 1228 1082 pueri
1251 1043 1404 1083 credunt,
1427 1044 1489 1074 nisi
1506 1043 1562 1084 qui
1586 1044 1730 1075 nondum
1752 1053 1819 1075 aere

1134 1093 1310 1125 lavantur!
1361 1094 1481 1134 Itaque
1511 1093 1630 1124 Cicero
1655 1093 1819 1125 Oratione

1135 1150 1196 1180 pro
1211 1141 1325 1178 Caelio,
1341 1151 1415 1172 cum
1437 1141 1481 1171 de
1504 1141 1624 1172 Clodia
1640 1141 1690 1172 sic
1711 1141 1820 1182 loqui-

1135 1193 1208 1219 tur:
1232 1190 1242 1206 ‘
1259 1189 1332 1220 Nisi
1354 1188 1442 1220 forte
1464 1189 1580 1220 mulier
1604 1193 1722 1229 potens
1738 1199 1818 1230 qua-

1134 1238 1304 1269 drantaria
1317 1239 1374 1269 illa
1389 1237 1636 1278 permutatione
1647 1237 1818 1269 familiaris

1132 1286 1223 1318 facta
1237 1291 1310 1318 erat
1321 1287 1505 1318 balneatori
1519 1285 1539 1325 ;’
1554 1287 1756 1318 amarissime
1768 1286 1818 1318 illi

1133 1334 1266 1375 objicit,
1277 1335 1364 1376 quod
1380 1345 1446 1366 non
1463 1335 1538 1375 plus
1555 1334 1598 1366 ab
1614 1335 1815 1366 amatoribus

1132 1383 1314 1423 acciperet,
1341 1393 1439 1424 quam
1466 1383 1540 1424 ipsa
1565 1383 1814 1414 balneatoribus

1132 1431 1307 1470 penderet,
1323 1432 1446 1472 duplici
1468 1432 1597 1463 nomine
1616 1431 1750 1463 occulte
1765 1432 1815 1462 in-

1131 1479 1247 1510 dicans
1275 1480 1396 1511 merito
1423 1479 1731 1520 ‘quadrantariam'
1756 1489 1814 1520 ap·

1131 1527 1260 1566 pellari,
1290 1537 1365 1568 quae
1404 1527 1644 1568 quadrantibus
1673 1528 1814 1568 polluta,

1131 1576 1372 1616 quadrantibus
1388 1577 1566 1607 lavaretur.
1599 1577 1721 1607 Caelius
1737 1586 1814 1610 xvx.

1129 1627 1182 1656 47.
1202 1625 1341 1656 Tor-rent.
1365 1625 1545 1660 Quadrante
1559 1624 1707 1664 lavatum]
1723 1625 1814 1655 Mer-

1129 1673 1212 1703 cede
1234 1673 1420 1704 balneatori
1441 1672 1570 1712 debita,
1587 1681 1655 1703 non
1677 1682 1698 1703 a
1723 1681 1813 1713 rege.

1129 1722 1188 1752 sed
1211 1722 1255 1753 ab
1270 1732 1334 1754 uno
1360 1723 1402 1752 de
1424 1723 1546 1753 multis.
1588 1723 1672 1762 [Nec
1693 1725 1814 1761 longum

1129 1770 1208 1801 Vat.
1226 1773 1258 1802 9.
1281 1773 1333 1802 14.
1354 1771 1434 1802 Vat.
1457 1770 1570 1802 Palat.
1591 1774 1622 1802 4.
1645 1775 1680 1802 et
1701 1770 1813 1811 Ange-

1128 1818 1183 1849 lic.
1199 1818 1248 1858 2.]
1324 1824 1328 1830 ’

1172 1869 1232 1897 138
1255 1867 1327 1898 Rex
1340 1866 1416 1906 ibis]
1438 1867 1518 1898 Non
1531 1875 1649 1898 revera
1666 1876 1738 1903 rex,
1753 1867 1813 1898 sed

1129 1916 1310 1947 secundum
1324 1917 1513 1948 Stoicorum
1522 1917 1723 1958 opinionem.
1746 1916 1815 1948 Sti-

1124 1966 1229 2006 pator]
1253 1966 1381 1996 Comes.
1693 1977 1695 1979 ·

1170 2016 1232 2044 139
1256 2015 1447 2055 Crispinum]
1471 2014 1604 2046 Praeter
1618 2014 1810 2054 Crispinum

1125 2061 1286 2093 Stoicum.
1327 2063 1421 2102 [Vat.
1453 2065 1504 2094 12.
1532 2062 1686 2103 Angelic.
1717 2065 1747 2092 1.
1775 2066 1811 2093 et

1125 2109 1278 2140 Vallicel.
1293 2112 1323 2139 3.
1337 2114 1370 2139 at
1384 2110 1488 2148 mihi.]

1169 2159 1228 2187 140
1254 2157 1439 2197 Peccavero]
1474 2157 1567 2188 Libri
1593 2157 1810 2198 manuscripti

1125 2205 1267 2245 quinque
1280 2205 1417 2245 peccabo.
1448 2205 1586 2236 Placet:
1602 2203 1670 2236 non'
1682 2209 1808 2237 temere

1124 2253 1210 2282 enim
1226 2262 1243 2282 ο
1258 2253 1437 2292 corripitur
1451 2253 1484 2283 in
1498 2253 1684 2284 istiusmodi
1700 2253 1808 2284 verbis

1125 2309 1144 2329 a
1155 2300 1284 2336 Poetis,
1293 2300 1349 2340 qui
1358 2300 1489 2339 Virgilii
1499 2303 1601 2331 aetate
1611 2299 1807 2333 floruerunt.

1127 2348 1267 2379 Torreat.
1312 2347 1449 2387 Stultus]
1465 2348 1531 2379 Per
1546 2348 1734 2380 stultitiam.

1168 2399 1227 2427 141
1251 2396 1346 2436 Inque
1360 2395 1469 2435 vicem]
1493 2396 1538 2426 Et
1551 2395 1708 2428 vicissim.

1166 2447 1227 2475 142
1250 2443 1470 2484 Privatusque]
1497 2444 1542 2475 Et
1562 2452 1628 2474 non
1651 2453 1722 2475 rex.
1766 2446 1808 2477 Te

1123 2502 1195 2532 rege
1207 2492 1325 2531 beatus]
1342 2493 1408 2525 Qui
1422 2497 1456 2524 te
1466 2501 1579 2532 regem
1595 2496 1703 2534 putas.
1726 2493 1808 2526 Sen-

1125 2551 1178 2572 sus
1191 2547 1262 2573 est:
1287 2541 1574 2574 Quemadmodum
1593 2541 1725 2582 sapiens
1740 2552 1807 2574 non

1123 2597 1174 2622 est
1196 2591 1355 2622 dicendus
1382 2599 1440 2621 rex
1467 2590 1522 2630 qui
1547 2591 1681 2622 unicum
1702 2591 1807 2623 habet

1123 2641 1329 2679 stipatorem,
1351 2640 1397 2671 sic
1420 2644 1561 2680 peccata
1582 2649 1647 2671 non
1668 2644 1804 2681 possunt

1123 2698 1194 2719 esse
1233 2689 1338 2728 paria,
1367 2689 1393 2718 si
1426 2687 1576 2729 quaedam
1609 2688 1676 2720 sint
1706 2688 1802 2719 venia

1122 2738 1230 2778 digna.
