1890 3230
475 282 684 313 rioaArn
718 281 996 313 sannionum
1032 280 1126 316 ms.
1161 283 1211 314 ιι.
1241 274 1283 314 4.

150 379 188 406 et
213 383 312 406 unum
338 375 462 407 malum
478 376 544 407 alio
572 375 760 407 accumula.
790 374 850 406 Lu-

150 425 250 457 bimas.
293 424 418 464 lnquit]
443 425 562 465 lnquit
577 425 703 465 pullus.

194 476 258 504 320
284 473 365 505 Hoec
383 484 403 505 a
421 478 453 506 te
475 484 535 505 non
554 472 700 513 mullum]
726 472 850 504 Dama-

151 523 268 564 sippus
282 523 462 555 Horatium
477 524 670 566 alloquitur.
700 521 850 564 Abludit]

149 573 344 614 Discrepat.

193 625 256 655 321
278 623 370 656 Adde
393 624 534 665 poemata
561 621 657 662 nunc]
689 622 851 663 Adjunge

150 673 193 704 ad
203 673 367 706 insaniam
379 679 471 706 tuam
483 674 517 705 in
530 672 726 704 aedificando
740 674 852 712 aliam,

150 733 218 765 qua
242 723 328 756 furis
364 725 397 756 in
435 723 610 755 PoEmatis
647 723 850 755 scribendis.

154 774 264 806 Oleum
277 774 504 814 addecmino]
528 772 658 804 Eodem
680 773 850 804 schemate

148 823 259 856 utitur
273 825 337 856 hoc
360 823 550 865 proverbio,
565 833 630 864 quo
647 823 748 863 paulo
771 829 850 855 aute

148 872 257 906 dixit:
278 872 400 906 ‘Adde
424 872 573 906 furorem
598 874 774 913 stultitiae,
799 879 850 905 at-

148 923 342 965 queignem
368 924 481 965 gladio
503 923 682 955 scrutare!
731 925 849 965 Neque

147 973 236 1006 enini
254 974 458 1006 cumulanda
479 980 556 1005 sunt
582 974 683 1005 mala.
707 975 850 1005 Torreat.

151 1022 262 1055 Oleum
272 1025 351 1056 adde
365 1023 501 1064 camino]
525 1025 574 1056 Ut
594 1025 703 1066 major
714 1024 775 1056 siat
793 1030 852 1056 tua

149 1073 291 1106 insania.
335 1074 560 1106 Proverbium
578 1079 641 1106 est.

192 1125 256 1155 322
280 1123 361 1159 Quoe
383 1124 412 1155 si
437 1123 521 1165 quis]
545 1123 613 1155 Hic
634 1133 767 1165 quoque
784 1134 852 1155 non

149 1174 358 1206 conveniunt
371 1174 508 1210 codices
521 1175 752 1215 manuscripti.
773 1175 853 1206 Pia-

149 1229 217 1263 cet,
229 1230 264 1256 ut
281 1225 315 1255 in
331 1224 461 1256 duobus
471 1225 608 1266 optimis
621 1225 756 1265 legitur,
775 1225 854 1261 Quoe

148 1274 178 1305 ei
192 1275 263 1316 quis
281 1284 376 1306 sanus
393 1275 491 1315 fucit,
519 1278 550 1307 et
575 1285 669 1307 sanus
679 1275 785 1312 sacius
806 1279 852 1308 tu.

150 1324 281 1357 Notum
311 1329 425 1356 autem
456 1325 566 1356 illud:
596 1326 606 1342 ⁴
623 1324 730 1357 Arcet
753 1335 851 1358 sanos

150 1374 319 1407 Helicone
348 1374 472 1407 Poetae
500 1375 756 1415 Democritus&
777 1376 852 1407 Tor-

150 1428 234 1458 rent.

193 1478 256 1508 823
296 1476 371 1508 Non
401 1477 475 1508 dico.
499 1477 684 1508 horrendum
718 1477 850 1518 rabiem]

149 1525 292 1557 Missam
315 1524 404 1558 facio
428 1531 521 1558 tuam
545 1527 750 1558 iracundiam
774 1537 849 1557 cum

149 1574 244 1607 rabie
266 1576 539 1616 comparandam,
563 1581 599 1607 et
623 1577 849 1616 praetermitto

148 1624 307 1664 vestitum
332 1629 427 1657 tuum
453 1626 725 1665 sumtuosiorein,
749 1637 849 1667 quam

149 1683 269 1706 census
282 1679 360 1706 tuns
375 1674 484 1706 ferat.»
508 1676 584 1705 Jam
595 1675 716 1716 desine]
734 1676 852 1706 Verba

149 1729 232 1756 snut
257 1724 399 1756 Poetae:
432 1728 468 1755 at
497 1724 555 1755 ille
582 1733 696 1755 rursus
721 1725 852 1765 incipit,

152 1774 279 1806 Cultum
291 1771 436 1813 mojorem
444 1783 552 1805 censu.-
578 1774 768 1815 iterumque
783 1785 852 1806 mo-

120 1830 121 1833 ’
149 1824 242 1856 nitus
267 1834 343 1856 cum
368 1824 516 1856 nondum
535 1825 739 1865 quiesceret,
764 1825 854 1856 Mine

147 1874 278 1915 puellar.
292 1877 344 1916 ξε.
362 1875 571 1915 lepidissimo
587 1873 767 1905 maledicto
783 1885 852 1906 ser-

150 1934 285 1957 monem
309 1925 480 1966 abrumpit
508 1925 682 1964 Horatiits,
703 1924 732 1955 Ο
755 1925 853 1963 mqy'or

150 1975 286 2015 tandem,
313 1976 366 2014 ὅτ.
403 1974 496 2006 Guil.
528 1975 696 2006 canterus
725 1974 852 2006 Novar.

151 2025 250 2056 Lect.
283 2033 323 2056 ιι.
354 2027 407 2056 12.
445 2024 587 2056 Tor-rent.
631 2025 706 2055 Jum
734 2024 852 2065 desine]

150 2074 315 2116 Loquitur
338 2074 502 2106 Horatius
518 2083 578 2105 sua
593 2074 675 2105 vitia
691 2083 712 2105 a
728 2075 851 2106 Dama—

149 2123 248 2164 sippo
262 2124 451 2155 enumerari
469 2124 574 2155 invite
592 2123 744 2156 audiens.

191 2176 253 2205 324
277 2173 408 2214 Tenens]
427 2173 511 2205 Tuis
532 2177 568 2204 te
592 2173 683 2204 vitiis
699 2173 851 2205 contine-

149 2226 197 2260 to,
209 2232 284 2254 mea
298 2233 341 2254 ne
356 2223 500 2264 tangito.

189 2275 252 2306 325
275 2273 368 2310 Mille
393 2272 582 2313 puellarum]
612 2272 851 2305 Praetermitto

146 2322 270 2364 (inquit
285 2321 536 2362 Damasippus)
550 2320 685 2353 furores
706 2327 794 2362 tuoS,
816 2323 850 2353 id

149 2377 214 2410 est,
226 2371 359 2402 insanos
376 2378 521 2401 amores.

191 2424 256 2452 326
281 2421 310 2451 0
339 2420 438 2460 mqior
466 2422 590 2452 tandem
609 2430 722 2461 parcas
744 2421 853 2454 insane

150 2470 280 2510 minori]
298 2469 495 2510 Respondet
509 2475 546 2502 et
559 2471 730 2502 exclamat
742 2471 853 2504 Hora-

151 2521 234 2551 tius:
259 2520 291 2552 Ο
317 2520 524 2561 Dainasippe
541 2519 617 2561 (qui
640 2530 693 2551 me
714 2522 852 2553 stultior

151 2579 202 2611 es,
227 2573 263 2601 et
284 2567 446 2610 insanior)
470 2579 588 2610 parcas
617 2571 695 2602 mihi
719 2571 851 2614 minori,

148 2618 188 2651 id
203 2622 269 2654 est.
284 2619 393 2650 minus
410 2620 540 2651 insano.

151 2669 236 2701 Sar.
251 2677 301 2700 iv.
323 2668 394 2700 Sub
411 2677 558 2709 persona
569 2670 744 2711 cujusdam
759 2672 849 2704 Catii

184 2718 392 2758 ‘Philosophi
419 2718 593 2759 Epicurei,
619 2721 740 2753 irridet
767 2723 850 2764 Epi·

194 2777 374 2800 cureorum
393 2773 567 2809 praecepta
583 2770 626 2801 ad
643 2777 750 2803 artem
767 2773 849 2804 culi-

193 2818 323 2850 nariam
338 2818 543 2859 spectantia.
694 2828 698 2831 ⁴

1486 275 1599 315 1717

945 376 1240 409 Quemadmodum
1274 375 1446 416 superiore
1476 376 1601 418 Satyra

901 425 990 457 inter
1010 427 1156 465 stoicos,
1179 426 1241 457 sub
1264 426 1462 467 Damasippi
1485 436 1601 467 perso-

901 484 958 514 na,
984 475 1060 506 illos
1088 475 1283 506 suavissime
1306 475 1440 515 irridet,
1459 476 1517 516 qui
1543 485 1600 507 cu-

902 525 1050 556 riositati
1075 534 1114 556 ac
1136 524 1342 565 malignitati
1368 535 1438 556 suae
1456 526 1602 566 philoso-

901 574 1013 612 phiam
1029 574 1268 614 praetendunt:
1285 575 1334 606 sic
1349 576 1511 615 praesenti
1525 576 1603 608 Ser-

900 631 999 653 mone
1016 633 1092 655 cum
1107 624 1206 655 Catio
1222 624 1352 664 habito,
1365 634 1408 655 ex
1423 625 1602 666 Epicureis

895 673 1016 713 jocose
1045 674 1224 706 admodum
1253 676 1391 707 lacessit
1416 676 1507 715 illos,
1532 677 1604 718 qui,

900 723 988 762 quod
1009 729 1108 763 pater
1127 725 1296 764 Epicurus
1311 734 1475 756 summum
1492 726 1525 756 in
1544 735 1603 758 vo·

900 772 1033 810 luptate
1049 778 1108 803 aut
1124 773 1309 804 indolentia
1333 774 1458 804 bonum
1475 776 1601 806 consti-

901 820 980 859 tuit,
997 821 1101 860 probe
1119 821 1183 851 sibi
1204 821 1377 852 consecuti
1393 830 1468 852 esse
1486 822 1603 854 viden—

901 874 970 909 tur,
995 870 1022 901 si
1052 871 1166 902 callidi
1194 881 1234 903 ac
1263 871 1350 903 lauti
1381 871 1602 904 obsonatores

901 921 1084 952 evaserint.
1143 921 1226 954 Quis
1257 931 1337 952 vero
1379 921 1499 953 Catius
1536 923 1602 955 iste

900 970 1019 1010 fuerit,
1037 981 1102 1002 non
1127 971 1228 1002 facile
1252 971 1410 1004 dixerim.
1457 971 1602 1014 Antiqui

902 1021 1114 1061 Interpretes
1130 1031 1206 1052 euin
1230 1021 1239 1038 ⁴
1257 1022 1308 1053 M.
1322 1021 1458 1053 Catium
1476 1022 1604 1063 Epicu·

903 1081 997 1102 reum
1010 1071 1017 1085 ’
1039 1076 1181 1104 vocant:
1207 1075 1243 1103 et
1260 1076 1406 1113 quatuor
1422 1072 1497 1112 ejiis
1520 1073 1530 1089 ‘
1548 1073 1602 1104 De

903 1131 1014 1152 rerum
1033 1126 1154 1154 natura
1170 1132 1210 1154 ac
1227 1131 1356 1153 summo
1373 1122 1479 1154 bono'
1498 1121 1603 1154 libros

903 1179 1180 1204 commemorant.
1222 1173 1309 1204 Mihi
1335 1172 1391 1203 vix
1421 1171 1461 1204 fit
1489 1173 1604 1204 verisi-

903 1222 983 1253 mile
1000 1223 1055 1254 De
1072 1228 1194 1254 natura
1214 1232 1254 1254 ac
1271 1231 1401 1253 summo
1418 1221 1508 1254 bono
1522 1224 1604 1254 scri-

906 1273 1052 1309 bentem,
1068 1272 1258 1304 istiusmodi
1275 1272 1374 1313 nugis
1390 1282 1527 1312 operam
1544 1273 1603 1304 de-

904 1323 1006 1360 disse,
1028 1323 1086 1354 sed
1109 1324 1243 1355 Horatii
1270 1327 1374 1355 aetate
1399 1323 1604 1355 nebulonem

903 1374 1016 1412 potius
1032 1374 1180 1413 aliquem
1197 1372 1303 1404 fuisse
1316 1372 1532 1410 crediderim,
1545 1383 1604 1405 cu-

902 1423 1044 1454 linarum
1063 1428 1136 1454 arte
1157 1428 1389 1464 praestantem.
1416 1423 1561 1455 Torrent.

946 1476 962 1503 1
994 1474 1083 1504 Unde
1109 1477 1140 1504 et
1166 1483 1224 1513 quo
1246 1472 1374 1512 Catius]
1405 1473 1603 1505 Communis

901 1523 1071 1554 salutandi
1094 1523 1212 1554 obvios
1235 1523 1392 1563 formula,
1407 1528 1446 1554 nt
1461 1524 1534 1555 Sat.
1551 1532 1604 1556 ix.

902 1572 912 1589 ‘
923 1573 1023 1604 Unde
1039 1574 1145 1613 venis,
1158 1577 1194 1605 et
1205 1583 1272 1615 quo
1289 1573 1401 1605 tendis
1413 1573 1435 1605 ?’
1450 1575 1604 1606 Turneb.

900 1631 927 1654 1.
944 1625 997 1654 24.
1014 1627 1050 1653 et
1068 1631 1205 1654 xxviii.
1222 1627 1276 1654 23.
1297 1624 1443 1655 Torreat.
1495 1624 1603 1666 Unde]

902 1672 1002 1702 Unde
1035 1672 1127 1702 venit
1162 1673 1291 1712 Catius,
1322 1678 1359 1704 et
1390 1682 1456 1714 quo
1489 1675 1604 1706 vadit?

904 1721 978 1751 Non
992 1723 1038 1750 est
1051 1719 1144 1760 mihi]
1170 1720 1249 1751 Non
1265 1721 1344 1752 milii
1361 1727 1460 1753 vacat
1476 1721 1605 1764 (inquit

904 1769 1039 1811 Catius)
1056 1770 1119 1801 tibi
1136 1770 1356 1811 respondere.
1387 1771 1520 1812 Auenti]
1535 1773 1603 1804 Cu-

905 1820 1023 1860 pienti.

946 1873 965 1902 2
984 1871 1102 1903 Ponere
1117 1872 1208 1911 signa
1223 1873 1310 1903 notis
1330 1873 1508 1914 praeceptis]
1525 1874 1604 1906 Hoc

904 1921 951 1952 sic
967 1930 1115 1961 expono,
1131 1927 1168 1954 ut
1184 1923 1241 1963 qui
1264 1927 1423 1955 recenter
1442 1934 1462 1955 a
1480 1924 1604 1965 magis-

906 1978 958 2002 tro
987 1977 1140 2014 venerat,
1172 1978 1264 2004 totus
1294 1973 1328 2004 iu
1356 1983 1397 2005 eo
1423 1973 1540 2011 fuerit,
1566 1980 1605 2007 ut

903 2031 980 2062 quae
998 2023 1177 2054 audiverat
1191 2023 1362 2055 memoriae
1376 2023 1606 2065 consignaret,

903 2072 975 2103 sive
1006 2073 1142 2114 litteris,
1173 2074 1244 2105 sive
1270 2074 1374 2111 notis,
1400 2074 1471 2105 sive
1497 2075 1603 2106 etiam

901 2122 1113 2163 imaginibus,
1130 2123 1272 2165 aliisque
1292 2124 1448 2164 indiciis3
1472 2124 1516 2156 de
1531 2125 1604 2165 quim

903 2173 965 2204 bus
995 2173 1028 2204 hi
1055 2175 1113 2214 qui
1138 2174 1310 2206 memoriae
1333 2180 1511 2216 praecepta
1533 2180 1603 2206 tra-

902 2221 998 2254 dunt.
1043 2223 1146 2263 Signa
1161 2224 1251 2255 enim
1271 2224 1304 2255 in
1330 2224 1524 2256 universum
1546 2233 1602 2256 vo-

901 2278 1022 2304 cantur
1044 2275 1157 2306 omnia
1175 2275 1298 2315 quibus
1322 2284 1375 2306 res
1399 2275 1495 2307 nobis
1516 2276 1604 2307 indi-

901 2329 1034 2354 cantur.
1068 2324 1131 2354 Vel
1145 2333 1320 2364 apponere
1333 2334 1393 2355 seu
1406 2326 1603 2358 adscribere

902 2381 1034 2411 causas,
1047 2372 1195 2403 rationes
1209 2378 1246 2404 et
1257 2379 1457 2413 argumenta
1469 2375 1512 2405 ad
1526 2385 1604 2415 per-

902 2423 1103 2453 suasionem.
1121 2423 1266 2455 Torrent.
1306 2424 1426 2455 Ponere
1440 2425 1534 2463 signa
1548 2435 1603 2456 no-

901 2473 948 2503 cis
962 2472 1142 2513 praeceptis]
1158 2472 1356 2514 Philosophi
1373 2479 1408 2504 et
1424 2473 1603 2506 Gramma·

904 2523 963 2554 tici
989 2533 1064 2554 cum
1091 2523 1268 2563 opiniones
1293 2533 1371 2555 snas
1397 2534 1510 2556 secum
1537 2525 1604 2566 ipsi

902 2573 1138 2614 conciperent,
1155 2577 1191 2604 et
1215 2575 1250 2604 in
1274 2575 1534 2606 commentarios
1550 2585 1604 2607 re·

900 2623 1041 2662 ferrent,
1077 2623 1285 2662 ἇποσημειοῦν
1324 2624 1545 2666 dicebantur3
1568 2631 1604 2658 et

900 2673 1144 2711 ἆποσημειώσεις
1179 2674 1254 2705 illas
1299 2675 1602 2707 commentationes

902 2724 1084 2756 vocabant.
1130 2724 1220 2764 Ergo
1246 2724 1335 2765 quod
1360 2724 1479 2757 Catius
1500 2726 1600 2765 dixit,

902 2775 1022 2806 Ponere
1035 2773 1127 2813 signa
1142 2773 1230 2805 nocis
1241 2774 1416 2815 preceptis,
1431 2779 1494 2816 est,
1509 2777 1600 2817 quod

903 2825 1018 2857 Graeci
1041 2824 1215 2856 dicerent:
1241 2824 1448 2864 ἀποσημειοῦν
1467 2825 1525 2859 τὰς
1547 2838 1599 2860 κυ-
