1904 3216
336 264 447 309 1706

335 378 378 400 ex
393 369 544 402 Suetonii
565 370 719 408 Augusto
740 369 791 400 his
807 369 916 401 verbis
938 379 1016 409 cog-

335 427 474 450 noscere
490 424 564 450 est:
587 420 596 435 ‘
610 418 716 448 Modo
733 419 808 449 talis
824 423 882 450 aut
896 419 1017 450 ocella-

334 467 378 498 tis
400 467 605 506 nucibusque
626 466 767 498 ludebat
781 477 856 498 cum
882 467 1017 507 pueris.’

334 515 472 547 Torreat.
516 514 618 554 Talon]
639 515 807 547 Tesseras.

375 566 436 594 172
463 563 560 594 Ferre
586 564 656 594 sinu
684 564 770 604 laxo]
805 565 845 596 Id
874 565 1016 597 dicimur

333 613 409 642 laxo
425 612 498 643 sinu
520 611 623 652 ferre,
637 613 733 654 cujus
755 615 879 646 nullam
901 624 1016 646 curam

332 661 488 699 gerimus.
531 661 658 693 Donare
679 665 709 694 et
728 663 832 694 ludere
845 663 925 703 vidi]
947 664 1017 695 Do-

331 717 411 740 nare
427 719 530 741 nuces
545 715 582 742 et
596 711 713 743 ludere
737 713 822 744 talis.
867 712 1017 752 [Wakef-

332 759 464 791 emend.
478 761 602 798 donare,
616 760 787 801 effundere,
800 762 894 801 viat]

375 811 435 840 173
452 809 634 846 Numerare,
643 811 727 842 cavis
739 810 932 850 abscondere]
947 810 1018 842 Nu-

330 866 458 889 merare
472 867 576 890 nuces
588 863 624 889 et
635 859 717 890 locis
729 859 869 891 occultis
878 860 1016 891 abscon-

331 907 423 938 dere.
471 906 617 946 Tristem]
639 908 841 939 Sollicitum.

374 958 433 986 175
459 955 508 986 Tu
522 955 763 996 Nomentanum]
780 957 894 988 Timui
909 967 950 988 ne
966 962 1016 997 tu,

332 1003 431 1042 Aule,
448 1002 695 1033 Nomentanum
712 1003 886 1044 prodigum
899 1015 1015 1046 seque-

331 1060 417 1081 rere.
450 1050 497 1082 Tu
511 1059 548 1081 ne
559 1051 729 1092 sequerere]
751 1052 807 1083 Ne
823 1057 872 1092 tn,
887 1063 907 1084 o
921 1054 1018 1085 Tibe-

329 1101 369 1131 ri.
417 1100 572 1140 Cicutam]
603 1099 752 1132 Avarum
768 1101 1016 1134 foeneratorem.

375 1152 437 1181 178
459 1150 586 1181 Natura
607 1150 738 1191 coercet]
774 1151 849 1183 Hoc
870 1156 933 1191 est,
947 1162 1016 1183 mo-

331 1199 470 1230 deratur
491 1208 531 1231 ac
551 1201 714 1239 continet,
738 1210 801 1232 nec
829 1201 1018 1232 redundare

331 1253 391 1279 aut
401 1247 609 1288 superfluere
621 1250 799 1289 permittit,
810 1250 927 1290 paucis
939 1259 1018 1281 con-

331 1303 438 1338 tenta,
473 1308 549 1330 cum
579 1299 694 1339 paucis
724 1305 836 1340 egeat.
875 1299 1018 1331 Torreat.

332 1350 460 1380 Natura
483 1349 615 1389 coifi-cet]
650 1350 780 1381 Natura
805 1350 920 1390 paucis
939 1359 1018 1381 con-

332 1403 428 1429 tenta
442 1404 503 1430 est.

375 1451 436 1479 179
460 1448 578 1479 Titillet
591 1449 708 1489 gloria]
747 1449 801 1480 Ne
828 1458 886 1479 vos
913 1449 1020 1487 gloria

331 1496 466 1528 alliciat.
510 1498 732 1535 dure-jurando
750 1497 938 1536 obstringam
955 1506 1021 1527 am-

331 1544 382 1584 bo]
406 1544 507 1576 Nunc
528 1545 628 1586 vulgo
649 1547 658 1563 ⁴
672 1544 845 1586 adjurare'
867 1544 1020 1582 dicimus,

330 1603 392 1634 pro
407 1594 600 1634 juramento
621 1595 850 1634 obstringere:
876 1604 941 1635 qno
962 1603 1017 1625 vo-

332 1641 451 1673 cabulo
479 1651 520 1672 an
549 1651 592 1673 ea
615 1651 749 1683 quoque
773 1642 1018 1682 significatione

332 1696 466 1723 veteres
492 1692 544 1722 usi
570 1691 651 1730 sint,
671 1691 892 1723 Grammatici
921 1690 1017 1722 dubi-

332 1744 416 1773 tant.
438 1740 449 1758 ‘
463 1739 645 1781 Adjurare’
661 1749 740 1772 sane
756 1745 819 1776 est,
842 1740 1018 1780 proposita

332 1790 476 1832 quadam
499 1790 642 1821 formula
664 1790 705 1821 ab
724 1799 765 1821 eo
785 1790 841 1830 qui
866 1798 926 1820 nos
948 1788 1019 1820 adi-

333 1840 541 1881 git,jurare;
568 1839 602 1870 in
618 1849 700 1880 quo,
716 1843 752 1869 ut
767 1843 858 1870 recte
873 1839 1018 1871 Turneb.

331 1897 397 1920 vu.
411 1890 464 1919 10.
479 1889 624 1927 censuit,
649 1888 737 1918 inest
761 1886 915 1928 quaedam
941 1895 1018 1918 exe-

332 1937 439 1969 cratio
468 1937 495 1968 si
523 1936 687 1968 fallimus:
725 1942 761 1968 et
785 1941 823 1968 ut
848 1936 1020 1976 stipulatio

332 1986 422 2017 nuda
451 1986 608 2025 pactione
637 1985 756 2017 fortius
792 1986 932 2026 obligat,
971 1986 1019 2016 sic

332 2035 479 2067 sanctius
498 2037 598 2067 etiam
613 2036 842 2076 jusjurandum
864 2036 1019 2075 habetur,

332 2085 421 2125 quod
433 2086 541 2116 altero
553 2085 710 2126 exigente
721 2084 904 2116 solenniter
915 2085 1020 2115 inter-

331 2133 480 2174 ponitur.
537 2134 716 2165 Terentius
747 2133 895 2164 Andria:
928 2135 937 2150 ‘
951 2134 1021 2164 Per

333 2191 447 2213 omnes
477 2181 538 2213 tibi
567 2182 686 2222 adjuro
717 2182 809 2212 Deos
837 2190 1018 2221 numquam

332 2239 406 2262 eam
422 2240 474 2261 me
490 2230 722 2263 deserturum:
745 2231 822 2262 Non
841 2230 869 2262 si
882 2230 1019 2271 capiun-

333 2279 394 2310 dos
419 2280 465 2310 mi
487 2279 592 2310 sciam
614 2278 767 2309 inimicos
789 2288 902 2310 omnes
917 2278 1020 2310 homi-

332 2328 418 2360 nes.’
461 2328 574 2358 Verba
589 2332 667 2358 sunt
686 2327 855 2367 Pamphili
875 2327 918 2358 de
938 2327 1020 2367 Gly-

333 2379 435 2417 cerio,
448 2386 547 2418 quam
563 2377 634 2417 jam
656 2381 734 2408 ante
756 2376 883 2407 solenni
906 2376 1018 2408 obtes-

333 2428 462 2459 tatione
479 2428 512 2458 in
534 2436 667 2458 manum
689 2426 803 2458 datam
819 2435 839 2457 a
854 2426 1019 2466 Chryside

333 2481 526 2516 acceperat.
553 2477 642 2507 Tm.

377 2529 438 2557 180
467 2525 581 2565 Ambo]
617 2524 755 2557 Ambos.
817 2526 895 2557 Uter
920 2524 1021 2556 ceditis

332 2574 465 2610 fueritve
483 2575 625 2606 Vestrum
634 2574 764 2614 pretor]
784 2575 935 2605 Summos
950 2583 1020 2605 mu-

335 2625 449 2664 nicipii
470 2625 520 2654 sui
546 2625 702 2655 Canusini
721 2624 940 2664 magistratus
961 2632 1020 2654 ex-

334 2674 449 2712 primit
465 2673 645 2714 Oppidius,
659 2682 768 2714 neque
780 2673 866 2704 enim
879 2673 920 2703 de
936 2672 1019 2704 urbe

335 2722 443 2753 Roma
457 2732 532 2754 eum
546 2723 599 2754 hic
614 2724 704 2764 loqui
719 2723 941 2754 crediderim:
964 2721 1020 2753 ubi

336 2780 402 2804 non
418 2772 568 2809 aedilitas,
580 2777 615 2804 et
625 2774 728 2805 multo
741 2773 848 2805 minus
859 2777 1019 2814 praetura,

794 279 932 309 No'rAE
963 279 1221 311 VARIORUM
1255 282 1305 311 ΙΝ

1068 376 1106 402 ut
1133 381 1200 403 non
1227 377 1321 403 recte
1350 373 1516 413 Cruquius
1545 374 1661 409 sensit,
1693 375 1752 407 sed

1067 426 1234 460 quaestura
1255 421 1386 453 initium
1407 421 1472 453 fuit
1487 422 1657 454 honorum.
1678 423 1757 457 vids

1068 469 1203 501 canter.
1220 471 1346 501 Novar.
1360 471 1457 502 Lect.
1473 479 1522 502 tv.
1533 473 1586 502 12.
1612 471 1754 503 Torreat.

1066 519 1179 560 [Junt.
1203 522 1296 551 1503.
1319 519 1420 551 Aldd.
1446 522 1539 551 1509.
1564 522 1661 552 1619.
1689 520 1754 552 Ar-

1069 572 1161 607 gent.
1182 571 1275 600 1514.
1301 569 1416 601 Basili.
1432 571 1528 601 152⁷.
1544 571 1639 600 1531.
1663 569 1754 602 Frib.

1070 619 1163 648 1531.
1177 617 1279 649 Dion.
1308 617 1349 649 ab
1375 617 1500 649 Harsio
1527 618 1636 659 Luget.
1662 621 1756 650 15³8.

1068 665 1239 696 Schrevel.
1254 666 1307 697 alii
1321 677 1329 697 ε
1343 666 1461 706 suerit,
1472 666 1547 706 veh]
1737 700 1741 702 ,

1114 716 1172 745 181
1197 715 1389 746 [intestabilis
1409 719 1440 747 et
1459 725 1546 746 sacer
1558 714 1638 755 esto]
1669 715 1756 748 Haec

1071 763 1173 803 patris
1189 765 1357 796 execratio
1373 769 1437 803 est,
1452 765 1486 795 ni
1501 763 1628 796 faciant
1642 763 1704 796 filii
1721 764 1755 795 id

1070 811 1110 842 ad
1137 812 1225 852 quod
1245 813 1468 854 jurejurando
1492 822 1550 844 eos
1577 813 1758 853 obstringit

1071 861 1226 891 moriens.
1261 861 1343 893 Quis
1359 866 1470 893 autem
1485 862 1684 901 intestabilis,
1697 871 1756 903 op·

1073 907 1153 939 time
1178 908 1328 940 declarat
1349 909 1491 946 Gellius,
1517 919 1568 942 vr.
1591 913 1623 942 ⁷.
1642 915 1677 942 et
1694 919 1756 942 xv.

1070 959 1123 988 13.
1164 956 1233 987 Sed
1257 961 1293 987 et
1322 964 1418 988 vetus
1447 958 1594 989 Lexicon
1622 959 1756 991 Latino-

1070 1005 1229 1036 Graecum
1245 1006 1293 1036 sic
1309 1005 1471 1046 exponit:
1494 1006 1696 1042 [nestatius.
1714 1007 1757 1045 μὴ

1068 1054 1271 1095 προσδεκτέος
1292 1053 1334 1086 εἷς
1355 1054 1530 1096 μαρτυρία,
1545 1059 1584 1087 ut
1604 1064 1668 1087 nec
1689 1060 1757 1087 tes·

1071 1109 1253 1135 tamentum
1275 1103 1403 1142 facere,
1424 1113 1488 1136 nec
1509 1103 1551 1135 ad
1575 1108 1758 1136 testamen-

1070 1158 1140 1186 tum
1157 1154 1307 1185 adbiberi
1325 1158 1440 1195 posset
1454 1164 1463 1185 ε
1485 1153 1574 1195 quod
1590 1154 1618 1186 si
1630 1153 1680 1186 ita
1694 1158 1759 1193 est,

1069 1204 1267 1244 simpliciter
1289 1213 1400 1245 neque
1415 1203 1551 1236 dicendi
1573 1213 1682 1245 neque
1705 1213 1758 1236 ro-

1070 1254 1170 1295 gandi
1200 1254 1384 1285 testimonii
1405 1254 1463 1294 jus
1495 1253 1646 1285 habebit.
1681 1253 1756 1285 Sed

1069 1305 1140 1335 baec
1150 1303 1231 1336 Jcti
1242 1303 1399 1334 viderint.
1440 1304 1521 1334 Mea
1530 1312 1611 1335 sane
1623 1307 1758 1335 senten-

1070 1353 1118 1384 tia
1129 1353 1176 1384 sic
1189 1362 1265 1383 usus
1275 1358 1326 1384 est
1337 1353 1475 1384 Plautus
1487 1353 1621 1384 Curcul.
1643 1353 1652 1370 ⁴
1666 1352 1759 1383 Sem·

1071 1412 1132 1443 per
1147 1409 1263 1434 curato
1277 1412 1320 1434 ne
1343 1403 1389 1434 sis
1409 1402 1611 1435 intestabilis
1627 1414 1634 1431 :
1657 1401 1757 1435 Quod

1072 1461 1176 1491 amas,
1213 1462 1286 1483 ama
1330 1452 1474 1484 testibus
1514 1451 1761 1493 presentibus!

1072 1501 1155 1532 Vult
1170 1501 1257 1532 enim
1274 1501 1383 1532 Poeta
1398 1501 1585 1541 ingeniosus
1602 1509 1677 1532 esse
1700 1500 1759 1531 ali-

1071 1560 1164 1591 quos‚
1178 1551 1235 1591 qui
1251 1551 1374 1581 amanti
1389 1555 1494 1581 testes
1516 1558 1588 1581 esse
1606 1549 1758 1590 possint:

1070 1607 1266 1640 quamquam
1283 1599 1315 1629 in
1338 1598 1484 1629 secundo
1506 1607 1607 1629 versu
1630 1597 1757 1638 aliquid

1070 1647 1220 1678 fortassis
1238 1646 1384 1687 ambigui
1404 1651 1439 1678 et
1461 1646 1622 1677 obscoeni.
1667 1646 1758 1678 Hinc

1071 1703 1171 1734 porro
1185 1693 1324 1730 factum,
1339 1699 1377 1725 ut
1401 1694 1497 1725 invisi
1520 1703 1634 1726 omnes
1657 1699 1758 1735 atque

1071 1743 1229 1783 insignite
1244 1741 1386 1783 improbi
1398 1742 1589 1774 intestabiles
1609 1741 1758 1774 diceren-

1072 1797 1135 1823 tur.
1162 1791 1302 1823 Tor-rent.
1345 1790 1552 1832 Intestabilis]
1576 1790 1759 1826 Istune-ui

1066 1842 1121 1882 jus
1137 1841 1283 1872 testandi
1294 1845 1345 1872 est
1357 1840 1560 1881 ademptum,
1572 1839 1625 1871 vel
1636 1839 1689 1871 cui
1700 1849 1759 1871 ne-

1071 1899 1126 1920 mo
1131 1890 1209 1930 jure
1222 1889 1353 1930 cogitur
1367 1888 1594 1920 testimonium
1605 1887 1760 1928 perhibe·

1071 1948 1120 1970 re.
1163 1939 1209 1970 Ει
1222 1948 1307 1970 sacer
1321 1937 1398 1978 esto]
1421 1937 1638 1969 Execrandus
1652 1941 1736 1969 esto.

1114 1991 1177 2020 182
1199 1988 1240 2019 In
1253 1988 1350 2019 cicere
1363 1986 1663 2030 atquesabaJ-Hom
1672 1986 1759 2018 Por·

1072 2037 1268 2078 phyrionem
1279 2041 1427 2076 secutus,
1436 2035 1618 2066 Lambinus
1629 2034 1671 2066 ad
1682 2035 1759 2066 Flo·

1072 2086 1157 2116 ralia
1171 2085 1260 2116 festa
1275 2084 1402 2123 refert3
1435 2084 1555 2125 quibus
1569 2083 1655 2116 sicut
1668 2089 1704 2116 et
1725 2084 1759 2114 in

1070 2143 1211 2165 annonae
1225 2133 1369 2164 caritate
1385 2133 1552 2172 legumina
1562 2133 1619 2164 illa
1635 2134 1759 2173 populo

1071 2182 1183 2214 metiri
1199 2181 1336 2216 viritim,
1351 2182 1404 2212 vel
1425 2181 1523 2220 vulgo
1539 2190 1700 2221 spargere
1715 2190 1758 2212 ω-

1071 2231 1154 2262 diles
1170 2234 1206 2261 et
1221 2229 1388 2261 ambitiosi
1405 2229 1526 2260 solent.
1567 2229 1646 2260 Scio
1663 2229 1758 2270 equi-

1072 2280 1148 2311 dem
1164 2279 1307 2310 Floralia
1327 2279 1442 2309 Romae
1463 2277 1506 2308 ab
1521 2276 1687 2309 AEdilibus
1701 2287 1758 2309 ce·

1072 2328 1198 2359 lebrari
1213 2327 1428 2358 consuevisse
1440 2335 1449 2356 ι
1465 2326 1534 2357 scio
1545 2326 1644 2357 etiam
1655 2335 1759 2368 quan·

1073 2383 1107 2409 ta
1131 2375 1324 2418 profusione
1349 2375 1559 2406 AEdilitatem
1581 2375 1759 2416 captanda

1072 2426 1180 2467 plebis
1195 2434 1312 2457 caussa
1327 2433 1428 2465 agere
1443 2423 1543 2463 soliti,
1557 2423 1614 2464 qui
1635 2422 1678 2454 ad
1691 2433 1760 2456 ma·

1066 2475 1161 2515 jores
1189 2474 1404 2513 magistratus
1435 2473 1519 2503 hanc
1554 2470 1759 2505 affectabant

1072 2525 1158 2556 viam
1172 2535 1181 2556 ς
1211 2524 1280 2555 scio
1295 2523 1438 2563 denique
1453 2522 1496 2552 de
1515 2521 1696 2553 ambitione
1711 2523 1759 2553 io-

1073 2579 1233 2615 quentem
1250 2573 1400 2604 Persium
1422 2571 1470 2602 sic
1484 2570 1654 2603 scribere:
1676 2572 1685 2589 ‘
1698 2571 1757 2602 Vi·

1071 2624 1150 2664 gila,
1175 2628 1210 2655 et
1238 2623 1328 2654 cicer
1357 2623 1472 2662 ingere
1501 2621 1593 2661 large
1618 2620 1758 2652 Rixanti

1072 2673 1208 2714 populo,
1239 2677 1354 2703 nostra
1388 2676 1425 2701 ut
1454 2670 1599 2702 Floralia
1630 2670 1758 2710 possint

1071 2722 1191 2763 Aprici
1215 2721 1404 2752 meminisse
1433 2719 1551 2757 senes!
1592 2718 1660 2750 Sed
1685 2719 1757 2750 ha’c

1071 2771 1150 2802 nihil
1171 2780 1225 2802 me
1249 2774 1397 2809 movent,
1420 2767 1496 2809 quin
1523 2767 1564 2799 de
1588 2767 1753 2799 Canusino
