1916 3262
369 272 479 314 1428

371 375 484 416 quein
501 374 648 415 antiquis
671 372 888 404 marmoribus
911 382 1051 405 cernun-

371 430 438 463 tur,
452 424 558 455 acutis
569 423 715 458 auribus,
728 422 896 462 depressis
907 422 1052 460 naribus,

369 473 432 512 ipsi
460 482 589 514 quoque
609 472 709 510 calvi,
729 476 766 503 ut
790 472 932 502 Silenus.
977 471 1052 502 Hoc

367 531 451 552 vero
482 521 566 552 Pani
594 521 730 560 similes,
758 520 845 561 quod
868 519 904 551 et
927 529 1053 551 cornua

368 570 492 601 habeut
520 570 652 609 exigua,
681 575 716 600 et
737 578 909 609 caprarum
937 568 1053 609 pedes,

368 618 457 649 unde
473 625 507 649 et
533 620 543 636 ‘
558 618 727 649 bicornes’
755 623 790 649 et
811 616 1052 658 ‘capripedes'

368 667 464 698 dicti.
493 667 538 698 Et
553 672 694 698 arrectae
711 667 844 707 quidem
861 676 957 698 aures
973 666 1053 707 quid

369 716 572 756 significent,
587 727 628 747 ex
644 717 682 747 iis
697 727 769 757 quae
789 717 860 756 jam
873 716 964 747 dicta
976 720 1055 746 sunt

367 770 527 796 constat:
562 764 668 805 pedes
696 774 775 795 vero
802 765 943 805 caprini,
973 763 1053 804 quid

369 814 457 845 aliud
475 823 601 854 quasso,
624 823 720 854 quam
739 814 819 844 nihil
840 815 888 844 eis
905 813 1053 844 inacces-

368 872 439 894 sum
468 872 552 902 esse,
579 863 635 903 qui
663 871 794 893 arcanae
818 862 867 892 illi
890 861 1052 892 doctrinae

366 921 441 943 sese
457 913 702 951 manciparunt,
723 913 786 941 διο.
811 911 952 940 Tou-rent.
976 910 1054 940 Tur-

366 960 435 992 neb.
452 969 558 992 xvnr.
574 963 604 991 8.
638 959 841 999 Capripedum
854 956 1053 998 Satyrorum]

367 1009 626 1049 HabentSatyri
635 1008 737 1048 pedes
750 1008 856 1038 instar
864 1016 1055 1048 caprarum.

368 1058 503 1097 Acuta]
527 1057 636 1088 Aures
650 1057 759 1097 quoad
774 1055 915 1086 formam
929 1059 1055 1091 acutas,

366 1108 401 1137 in
416 1115 557 1138 acumen
582 1105 779 1146 fastigium,
803 1109 838 1136 et
862 1104 904 1135 ad
917 1103 1054 1135 audien·

367 1155 446 1197 duin
463 1159 607 1187 erectas.

409 1208 427 1235 5
456 1205 542 1243 Euoe,
572 1205 686 1236 recenti
714 1204 812 1245 mens]
834 1205 964 1235 Vocem
992 1203 1055 1235 sibi

366 1254 438 1294 ipse
467 1255 536 1292 dat,
573 1264 636 1295 qua
667 1254 821 1284 mulieres
851 1253 1054 1285 bacchantes

365 1301 478 1334 furore
506 1303 613 1342 plenae
641 1303 691 1333 uti
717 1308 946 1333 consuerunt:
971 1302 1054 1333 Cru-

367 1351 463 1391 quius
478 1351 750 1392 interjectionem
771 1350 968 1380 admirantis
985 1351 1056 1380 vult

365 1409 452 1431 esse.
496 1400 625 1431 Recenti
639 1410 723 1431 mens
741 1401 875 1439 trepidat
890 1398 986 1438 metu]
1012 1399 1054 1430 E·

367 1448 482 1488 gregie
499 1448 659 1488 exprimit
670 1448 702 1478 id
713 1448 799 1488 quod
815 1453 956 1487 repente
970 1447 1055 1478 divi-

366 1507 422 1536 no,
438 1503 474 1529 ut
488 1498 704 1537 credebatur,
729 1499 806 1529 olim
830 1497 942 1528 furore
956 1502 1055 1528 extra

365 1556 401 1578 se
418 1547 534 1586 positis
549 1548 686 1578 evenire
699 1547 885 1578 consuevit.
899 1547 955 1578 lta
966 1547 1054 1578 enim

365 1600 481 1627 metum
509 1596 562 1626 hic
586 1605 646 1636 pro
670 1595 784 1627 furore
807 1601 842 1626 et
857 1595 982 1626 insania
997 1605 1055 1626 ex·

366 1655 478 1685 pono:
499 1650 537 1676 ut
553 1650 588 1676 et
602 1645 703 1685 φόβος
724 1645 853 1676 Graecis
876 1650 940 1683 est,
953 1644 1056 1683 μανία,

366 1694 596 1733 ἐνθουσιασμός.
620 1693 938 1726 Τυνι·επέ.Ηεί7ι3ἱιιε.
982 1694 1057 1725 Tre·

366 1744 454 1783 pidat
469 1743 568 1784 metu]
603 1742 777 1775 Subsultat
800 1751 904 1781 mens,
926 1746 962 1773 et
978 1750 1057 1773 con-

366 1793 506 1824 turbata
523 1797 589 1826 est.

411 1845 432 1873 6
457 1842 628 1873 Turbidum
658 1839 802 1880 loetatur]
837 1840 919 1871 'l'ale
952 1838 1056 1871 ferme

365 1892 449 1923 illud
461 1892 583 1932 Virgil.
599 1893 608 1910 ‘
622 1892 795 1930 Mistoque
810 1891 928 1930 ingens
940 1894 1059 1921 exorta

366 1942 513 1973 tumultu
542 1940 703 1972 Laetitiass
753 1940 937 1980 Religionis
969 1940 1058 1971 enim

365 1990 485 2021 horror
507 1989 692 2020 consistere
715 1992 861 2019 mentem
883 1996 949 2018 non
971 1988 1058 2027 pati-

366 2042 434 2068 tur.
453 2039 594 2069 Tor-rent.
627 2036 788 2068 Heinsius
805 2045 865 2075 pro
875 2037 1000 2066 loetatur
1015 2036 1059 2066 le·

366 2085 511 2124 gendum
541 2090 671 2124 censet,
706 2085 889 2124 lymphatur.
947 2083 1057 2114 Tarbi-

365 2135 453 2175 dum]
491 2135 535 2164 Et
566 2142 658 2164 mens
689 2132 823 2163 turbide
853 2132 1000 2170 laetatur,
1022 2131 1056 2162 id

366 2187 432 2220 est,
449 2182 585 2213 turbida
601 2181 720 2212 laetitia
731 2179 888 2211 afficitur.

407 2235 425 2263 7
450 2233 565 2270 Parce,
582 2230 698 2271 ‘parc-e]
731 2228 827 2268 Εὐχή·
851 2229 1057 2269 deprecatur

366 2282 454 2313 enim
485 2281 597 2312 Liberi
626 2279 907 2311 vehementiorem
931 2279 995 2309 viru
1022 2279 1054 2309 in

367 2329 542 2362 afficiendo
572 2338 630 2359 suo
664 2333 815 2368 pectore,
848 2336 890 2358 ne
917 2325 1058 2358 fortasse

367 2378 585 2419 νυμφόληπτος
601 2381 736 2408 maneat
761 2377 832 2407 sine
856 2385 916 2416 spe
939 2376 1060 2406 mentis

367 2428 545 2470 aliquando
565 2425 821 2467 recuperandae,
842 2426 877 2456 iu
898 2426 1059 2456 ultionem

368 2479 431 2511 visi
447 2478 600 2512 numinis.
612 2475 892 2518 quemadmodum
905 2475 1059 2506 Actaeoui

370 2528 549 2568 contigisse
566 2526 774 2558 fabulantur.
801 2525 895 2564 Cruq.

412 2581 432 2609 8
456 2577 556 2608 Gravi
583 2576 741 2608 metuende
767 2574 887 2615 thyrso]
906 2573 1060 2604 Macrob-

367 2627 503 2657 Saturn.
538 2636 563 2657 ι.
595 2629 648 2656 19.
695 2626 804 2656 Deum
831 2624 990 2655 Liberum
1020 2630 1059 2654 ac

369 2675 513 2706 Martem
542 2675 682 2706 eundem
705 2684 779 2705 esse
798 2673 978 2705 ostendere
1004 2683 1060 2704 co-

369 2728 483 2755 natur.
527 2724 698 2764 Quicquid
728 2724 785 2762 sit,
822 2723 936 2754 Liberi
964 2723 1061 2754 hasta

371 2773 501 2812 thyrsus
519 2777 582 2810 est,
602 2774 711 2804 celata
727 2774 783 2804 illa
800 2772 939 2814 cuspide
954 2777 1061 2805 metu-

827 280 963 310 NO'PAE
994 278 1211 309 VAmoRU
1221 279 1253 307 M
1287 278 1337 308 ΙΝ

1101 370 1219 410 endus,
1235 370 1356 410 alioqui
1373 373 1466 400 tener
1481 377 1520 400 ac
1538 363 1657 407 mollis,
1677 368 1784 400 ederis

1101 429 1222 459 nempe
1236 423 1294 450 aut
1310 418 1474 459 pampinis
1486 417 1586 449 etiam
1598 417 1784 454 obvolutus.

1104 468 1244 500 Tor-rent.
1288 469 1358 499 Per
1383 469 1394 486 ‘
1417 468 1565 508 thyrsum
1580 467 1589 480 '
1619 466 1786 507 Cruquius

1101 517 1272 558 intelligit,
1288 517 1511 548 venerandam
1537 526 1579 548 ex
1601 517 1786 557 thyrso-eo-

1102 574 1216 596 ronam
1241 566 1343 606 capiti
1365 566 1549 604 inductam,
1573 565 1615 596 ad
1631 563 1787 595 divinita-

1101 618 1170 644 tem
1208 613 1444 647 denotandam.
1505 613 1636 655 Thym]
1669 613 1787 652 Virga,

1101 671 1222 702 nempe
1237 663 1331 695 basta
1346 664 1526 699 Bacchica,
1551 662 1717 704 pampinis
1738 661 1786 692 in-

1102 711 1227 742 voluta.
1627 717 1632 720 ·

1144 763 1164 792 9
1188 762 1250 792 Fas
1280 764 1462 802 pervia-accis
1493 762 1647 804 Thyadas]
1691 762 1791 793 Post-

1103 818 1200 850 quam
1215 809 1323 841 Deum
1340 811 1454 843 videre
1470 812 1593 852 potuit,
1608 812 1712 842 licere
1725 810 1788 841 sibi

1091 861 1163 905 μὴ,
1177 869 1272 892 sacra
1294 861 1367 901 ejus
1387 862 1590 893 carminibus
1606 861 1789 893 celebrare.

1106 909 1245 949 Thyades
1266 915 1377 942 autem
1401 911 1543 943 Bacchae
1563 910 1645 950 παρὰ
1665 909 1703 940 τὸ
1729 908 1788 941 θύοι

1102 958 1139 988 τὸ
1165 958 1258 998 oppia,
1279 959 1343 991 hoc
1365 964 1428 999 est,
1451 960 1494 991 ab
1509 961 1635 1000 impetn
1651 959 1706 990 illo
1722 967 1789 998 quo

1104 1007 1249 1039 ruebant
1260 1012 1280 1038 .‘'
1293 1017 1372 1049 quas
1384 1009 1556 1050 pervicaces
1564 1007 1714 1048 appellat
1724 1006 1790 1037 Po-

1103 1055 1171 1092 e'ta,
1188 1057 1230 1088 ob
1253 1056 1357 1098 coepti
1381 1058 1482 1089 semel
1503 1056 1623 1088 furoris
1643 1053 1790 1095 pertina-

1103 1105 1202 1137 ciam.
1226 1106 1367 1138 Tou-rent.
1410 1104 1666 1146 Paper-vicum]
1690 1103 1791 1134 Nune

1105 1159 1220 1186 certus
1247 1154 1290 1185 de
1320 1154 1453 1186 Baccho
1475 1153 1538 1185 sibi
1563 1152 1722 1193 propitio,
1748 1150 1792 1183 ad

1104 1204 1325 1236 imitationem
1354 1204 1529 1245 poetarum
1552 1208 1706 1235 veterum
1730 1201 1791 1233 sub

1103 1255 1283 1287 involucris
1308 1255 1497 1287 fabularum
1515 1254 1608 1287 canit
1631 1254 1791 1285 honorum

1105 1306 1255 1344 praemia,
1267 1315 1444 1346 rerumque
1457 1305 1601 1337 omnium
1616 1313 1692 1335 cum
1707 1311 1793 1343 pace

1104 1353 1415 1393 tranquillitateque
1443 1354 1574 1393 copiam
1595 1362 1616 1383 a
1638 1353 1711 1382 Deo
1736 1360 1793 1382 ac-

1104 1401 1276 1440 ceptandi,
1287 1401 1364 1432 dum
1379 1402 1411 1431 in
1422 1401 1516 1432 cultu
1529 1400 1641 1431 divino
1653 1400 1792 1430 honeste

1105 1449 1276 1480 viverent:
1301 1454 1338 1480 et
1359 1453 1476 1480 contra
1491 1449 1649 1481 malorum
1665 1447 1792 1478 miseri-

1104 1507 1168 1533 am,
1193 1498 1423 1539 suppliciaque
1455 1507 1569 1530 eornm
1595 1497 1794 1537 praesertim,

1103 1547 1158 1587 qui
1174 1546 1207 1577 in
1223 1546 1330 1577 Deum
1344 1553 1456 1579 essent
1473 1547 1585 1586 impii:
1608 1555 1692 1587 quos
1707 1546 1792 1577 Bac-

1104 1595 1184 1625 chus
1194 1595 1266 1636 ipse
1278 1595 1399 1627 vindex
1412 1596 1596 1636 impietatis
1609 1595 1650 1626 ad
1663 1594 1792 1626 luseros

1106 1653 1211 1684 usque
1225 1649 1420 1683 persecutus
1429 1650 1494 1676 est.
1511 1645 1606 1684 Cruq.
1652 1644 1714 1675 Fas
1723 1653 1791 1684 per-

1103 1693 1235 1733 vicaces]
1258 1693 1352 1724 Licet
1367 1693 1459 1733 milii,
1470 1694 1538 1732 vel,
1554 1692 1712 1733 possibile
1726 1698 1792 1732 est,

1105 1740 1234 1771 δυνατόν
1245 1741 1324 1775 ἐσπι.
1345 1741 1502 1782 Thyadas]
1516 1741 1699 1773 Protervas
1707 1743 1793 1774 Bac-

1107 1791 1159 1822 chi
1174 1790 1368 1822 sacerdotes
1384 1795 1421 1821 et
1434 1791 1615 1822 ministras.

1149 1843 1190 1872 10
1217 1839 1347 1880 Vimque
1364 1839 1501 1879 fontem]
1523 1839 1609 1871 Haec
1631 1838 1674 1870 ad
1697 1838 1794 1870 mira-

1107 1890 1182 1921 cula
1203 1890 1260 1920 illa
1287 1889 1478 1930 referenda,
1499 1898 1574 1930 quae
1597 1888 1628 1919 vi
1651 1888 1794 1919 numinis

1107 1939 1203 1979 liujus
1219 1938 1291 1970 fieri
1303 1939 1408 1970 stulta
1419 1938 1580 1970 credebat
1591 1937 1773 1978 antiquitas
1785 1948 1794 1967 z

1106 1997 1227 2027 nempe
1244 1992 1280 2018 ut
1300 1996 1460 2027 percussa
1482 1987 1596 2027 thyrso
1618 1991 1721 2024 terra,
1735 1995 1793 2016 seu

1107 2045 1189 2075 rupe
1217 2035 1341 2076 aliqua,
1362 2040 1420 2065 aut
1442 2035 1570 2066 arboris
1593 2039 1723 2072 trunco,
1747 2035 1792 2064 vi-

1107 2093 1198 2122 num,
1213 2084 1278 2121 lac,
1303 2087 1360 2113 aut
1381 2083 1446 2113 mel
1463 2086 1626 2114 manaret.
1649 2082 1792 2114 Τοπειιί.

1150 2134 1189 2162 12
1212 2131 1332 2162 Iterare
1348 2130 1450 2170 mella]
1471 2131 1600 2161 Iterum
1615 2135 1714 2171 atque
1729 2131 1792 2162 ite-

1107 2190 1178 2211 rum
1203 2186 1340 2211 cantare
1377 2181 1475 2211 mella
1506 2180 1597 2212 cavis
1620 2180 1792 2212 arboribus

1107 2228 1301 2260 defluentia.

1149 2280 1187 2309 13
1229 2277 1379 2316 Coniugis
1412 2278 1566 2318 additum]
1620 2277 1794 2315 Ariadnae,

1109 2336 1207 2367 quam
1223 2335 1242 2357 a
1257 2327 1389 2358 Theseo
1412 2326 1564 2358 relictam
1589 2326 1742 2358 Bacchus
1759 2326 1794 2358 in

1110 2385 1248 2408 uxorem
1263 2375 1448 2415 adoptavit.

1150 2428 1190 2455 14
1230 2424 1398 2463 Honorem,
1434 2424 1588 2465 tectoque]
1631 2424 1793 2456 Coronam

1108 2474 1292 2514 nuptialem
1322 2474 1409 2505 inter
1438 2474 1560 2515 sydera
1584 2473 1794 2506 collocatam.

1111 2523 1258 2562 Tectaque
1274 2522 1420 2562 Penthei]
1443 2521 1542 2554 Hanc
1556 2530 1688 2563 quoque
1703 2520 1796 2555 fab·-

1109 2573 1174 2603 lam
1191 2572 1319 2612 prolixe
1342 2570 1448 2603 refert
1470 2570 1572 2602 Ovid.
1586 2571 1672 2602 Met.
1688 2578 1744 2601 m.
1758 2574 1794 2600 et

1109 2627 1341 2661 argumentum
1367 2625 1420 2652 est
1437 2619 1628 2660 Tragoediae
1645 2617 1793 2658 Euripid.

1110 2671 1254 2701 Bacchoe.
1288 2670 1430 2701 Torrent.
1485 2667 1630 2708 Penthei]
1663 2665 1790 2698 'rueba-

1109 2730 1181 2752 rum
1199 2720 1297 2759 regis.

1154 2774 1191 2802 15
1217 2771 1287 2801 Non
1304 2770 1361 2802 leui
1375 2768 1480 2808 ruina]
1509 2765 1699 2799 Torrentius
1714 2773 1791 2796 cou-
