1916 3262
421 259 531 302 1480

461 364 502 393 29
525 362 703 400 Resroenm·e
713 362 882 402 licentium]
895 362 1099 402 Comprime·

421 419 456 442 re
471 411 689 450 cupiditatem
705 411 934 442 insatiabilem.

462 461 503 490 30
527 460 635 489 Clarus
654 459 853 498 postgenita]
875 459 918 490 G.
939 459 1102 490 Canterus

421 507 545 540 Novar.
561 508 654 538 Lect.
668 516 730 537 vn.
741 510 793 537 30.
804 517 892 537 carus
903 511 940 537 et
953 508 1059 549 claums>
1067 515 1103 536 se

421 557 543 596 legisse
572 556 606 586 in
631 554 772 595 quodam
806 555 922 586 codice
950 558 1104 586 testatur.

422 605 518 635 Unus
547 604 714 635 vetustiss.
749 603 904 644 idemque
951 603 1107 643 optimus,

420 651 605 691 Progenitis
619 663 679 693 pro
691 653 875 693 postgenilis
884 663 894 683 :
914 651 994 682 nibil
1003 656 1107 682 muto.

424 701 597 742 Quatenus]
626 702 802 740 Quoniam,
816 709 996 742 quousque,
1009 701 1061 730 vel
1073 699 1106 730 in

425 754 594 788 quantum.
631 750 732 781 Dolet
747 754 873 780 tantam
889 758 962 779 esse
974 748 1023 778 sui
1045 757 1107 778 sae-

425 797 491 828 culi
507 798 672 828 bominum
698 798 866 832 invidiam,
882 802 921 828 ut
938 797 1106 827 viventum

425 846 567 877 virtutes
581 848 753 887 negligant
772 851 871 887 atque
886 846 1031 880 oderint,
1043 847 1106 876 ὅτε,

426 894 528 925 Ovid.
560 896 570 912 ‘
583 895 738 926 Pascitur
763 895 795 925 in
823 895 906 925 vivis
921 895 1019 932 livor,
1031 896 1107 934 post

426 941 500 974 fata
515 944 678 983 quiescit:
719 943 822 974 ‘Tum
837 943 978 983 denique
994 947 1109 973 nostra

425 990 514 1022 bona
535 991 763 1032 intelligimus,
778 1001 878 1033 quum
893 992 950 1022 illa
965 1001 1038 1032 quae
1052 991 1108 1020 ba-

426 1039 569 1074 buimus,
581 1041 770 1071 amisimus.’
795 1041 904 1071 Clarus
915 1039 1112 1080 postgeniti-3]

427 1088 560 1128 Clarus,
573 1098 638 1120 non
656 1089 745 1129 apud
771 1089 921 1120 homines
944 1098 1012 1119 suae
1033 1093 1114 1119 aeta·

428 1137 497 1175 tis;
522 1138 580 1168 sed
604 1138 714 1168 clarus
738 1138 881 1178 posteris
905 1136 994 1168 fama
1010 1141 1045 1167 et
1060 1146 1117 1167 no-

427 1187 526 1218 minis
553 1187 659 1228 gloria
679 1187 823 1223 futurus,
841 1191 980 1228 propter
994 1187 1116 1218 severi·

428 1237 522 1272 tatis,
537 1241 574 1267 et
585 1237 800 1268 correctionis
815 1237 920 1276 leges,
932 1239 968 1267 et
981 1237 1115 1267 institu-

430 1290 476 1316 ta.
523 1286 699 1325 Quatenus]
721 1286 887 1318 Quoniam
902 1285 987 1316 adeo
1003 1294 1114 1316 sumus

428 1333 546 1372 invidi,
570 1334 728 1364 virtutem
754 1333 883 1363 odimus
907 1341 1034 1371 eorum,
1057 1332 1113 1372 qui

430 1381 498 1411 vivi
515 1385 603 1421 sunt,
625 1385 660 1412 et
675 1381 877 1418 incolumes3
902 1380 987 1411 viros
1002 1384 1112 1411 autem

429 1428 557 1460 virtute
573 1432 784 1468 praestantes,
795 1429 928 1468 quando
938 1434 1014 1460 sunt
1027 1438 1112 1460 mor-

431 1478 494 1516 tui,
518 1476 761 1517 desideramus,
785 1477 991 1517 requirimus.
1007 1477 1112 1508 extol-

430 1525 541 1561 limus,
557 1525 642 1565 proh
655 1525 750 1556 nefas
763 1525 771 1555 !

488 1576 529 1605 32
567 1574 742 1608 Qua-rimus
775 1574 889 1614 invidi]
934 1574 1116 1614 Eleganter

432 1623 441 1641 ‘
457 1631 607 1662 quaerere
619 1621 629 1635 ’
655 1631 715 1661 pro
730 1622 919 1653 desiderare
935 1623 1031 1658 dixit,
1046 1624 1115 1654 sive

434 1671 563 1701 amissae
577 1670 623 1700 rei
633 1670 799 1701 desiderio
815 1671 935 1708 teneri,
951 1676 988 1702 ut
1003 1672 1117 1703 Graeci

434 1728 568 1759 quoque
591 1718 694 1749 verbo
715 1717 818 1756 ζητεῖν
833 1725 866 1750 et
881 1719 1044 1760 ἐπιζητεῖν,
1059 1730 1118 1761 pro

432 1769 535 1798 ποθεῖν
548 1771 584 1798 et
598 1768 749 1798 ἐπιποθεῖν
763 1768 810 1799 usi
825 1773 912 1799 sunt.
937 1769 1076 1800 Torrent-

476 1819 517 1847 33
542 1817 626 1852 Quid
653 1817 771 1857 tristes]
794 1817 885 1850 Quid
909 1818 1020 1849 tristes
1044 1827 1118 1859 pro-

435 1870 515 1896 sunt
529 1866 677 1906 querelae
691 1867 703 1897 ?

475 1917 516 1945 34
531 1914 568 1945 Si
583 1925 642 1946 non
655 1915 801 1955 supplicio
815 1917 919 1957 culpa]
937 1917 1008 1947 Lex
1022 1916 1120 1948 inuti·

434 1964 474 1994 lis
489 1968 553 2004 est,
574 1964 602 1994 si
617 1964 660 1995 de
675 1964 833 2004 improbis
859 1973 965 2004 poeuae
990 1974 1055 1996 non
1069 1975 1122 1996 su-

435 2015 582 2042 mantur-

477 2062 517 2090 35
544 2059 628 2094 Quid
656 2060 752 2099 leges]
774 2060 866 2092 Nihil
896 2062 1007 2093 valent
1030 2063 1120 2113 leges

439 2109 511 2139 sine
526 2108 682 2147 moribus,
697 2108 731 2138 id
749 2115 812 2147 est,
826 2109 852 2139 si
867 2110 957 2140 cives
972 2120 992 2140 a
1007 2111 1120 2149 pueris

438 2165 506 2188 non
521 2159 597 2187 sunt
612 2156 697 2187 bane
711 2156 868 2196 instituti,
881 2162 983 2198 atque
999 2158 1043 2188 ad
1058 2159 1122 2189 vir·

439 2209 545 2236 tutem
562 2203 741 2236 informati.
784 2205 855 2244 Ego
871 2215 950 2237 vero
973 2206 1118 2238 ‘mores'

438 2253 493 2284 hic
508 2254 710 2293 interpretor
724 2262 799 2284 cum
813 2254 977 2294 Varrone,
994 2259 1123 2287 rectum

441 2301 543 2332 animi
571 2301 792 2341 propositum,
822 2306 859 2333 et
889 2304 1125 2343 reverentiam,

442 2351 635 2390 cultumque
650 2349 804 2388 numinis,
820 2351 935 2390 populi
948 2356 1124 2383 consuetu-

444 2399 521 2430 dine
557 2397 735 2436 firmatum,
771 2398 888 2438 quibus
924 2399 1022 2431 rebus
1050 2409 1125 2431 cum

445 2448 619 2479 destitutae
644 2451 722 2478 sunt
747 2447 838 2487 leges
861 2456 988 2488 ear-um,
1010 2448 1129 2489 inanis,

446 2506 486 2528 ac
504 2505 609 2536 prope
624 2495 758 2536 sepulta
773 2496 821 2526 vis
829 2495 934 2536 jacet.
977 2495 1053 2528 Sine
1065 2507 1127 2529 mo·

444 2547 544 2587 ribus]
568 2546 644 2577 Hoc
657 2549 720 2580 est,
741 2545 860 2586 quibus
873 2555 943 2577 mos
957 2555 1023 2578 non
1043 2548 1128 2588 geri-

448 2600 515 2634 tur,
533 2595 652 2636 quibus
678 2602 743 2624 non
765 2594 1029 2634 obtemperatur:
1053 2606 1127 2636 quae

449 2643 524 2673 telis
544 2651 738 2674 aranearum
762 2643 885 2674 similes
912 2652 1129 2685 perrumpun-

450 2694 505 2720 tur
520 2699 539 2720 a
551 2690 806 2729 potentioribus.
829 2692 924 2732 Cruq.

493 2739 533 2771 37
556 2738 638 2771 Pars
656 2739 786 2781 inclusa]
811 2739 930 2782 Regio,
944 2741 1046 2774 Zouae
1063 2745 1130 2775 tor-

870 269 1009 300 No'rAE
1041 267 1300 300 vAmoRUM
1333 269 1384 299 IN

1151 361 1232 392 ridae
1276 361 1439 401 subJecta.
1494 361 1592 401 [Pars
1623 361 1647 391 i.
1683 360 1830 394 laborans

1153 410 1378 442 Schoenborn.
1394 409 1440 449 2.]
1820 431 1822 434 ,

1195 460 1236 488 38
1259 458 1441 490 Finitimum
1466 457 1562 498 latus]
1585 457 1626 488 Id
1649 460 1714 496 est,
1738 458 1831 490 nobis

1157 506 1307 542 vicinum,
1331 512 1367 538 ut
1393 507 1481 538 Acro
1503 506 1654 546 exponit.
1696 507 1761 538 Vel
1776 516 1834 547 po—

1156 555 1234 593 tius,
1249 555 1312 586 Nec
1321 556 1402 586 latus
1405 555 1578 596 finitimum
1590 555 1712 594 Boreae,
1722 555 1755 585 id
1769 559 1834 595 est,
1846 572 1848 574 -

1156 602 1266 642 gelido
1273 604 1408 644 climati,
1418 605 1469 635 abi
1475 604 1524 643 git
1531 610 1760 635 mercatorem.
1774 603 1834 634 La·

1156 651 1220 691 tus]
1249 651 1355 693 Plaga
1370 652 1646 693 septentrionalis.
1676 651 1836 692 [Guelph.

1155 700 1279 741 latum]

1198 751 1239 779 39
1261 749 1464 790 Dur-neceque]
1489 750 1524 780 Si
1549 750 1642 780 nives
1661 749 1766 788 glacie
1780 749 1837 781 ad·

1157 797 1284 827 strictae
1299 798 1380 832 solo,
1395 798 1429 828 id
1444 803 1506 833 est,
1522 797 1565 829 ad
1576 797 1692 837 solum,
1706 806 1771 828 non
1786 806 1837 828 re-

1159 846 1285 885 pellent
1300 852 1527 878 mercatorem.

1200 896 1242 924 40
1263 894 1466 925 mercatorem
1487 896 1631 935 abigunt]
1654 894 1837 926 Indocilem

1161 941 1290 972 scilicet
1305 942 1499 982 pauperiem
1523 943 1608 982 pati,
1629 950 1730 983 atque
1749 943 1839 974 illam

1161 999 1222 1030 per
1237 999 1331 1028 saxa,
1346 998 1405 1030 per
1417 990 1522 1031 ignes,
1538 999 1598 1030 per
1610 999 1700 1021 mare
1711 990 1839 1030 fugien-

1160 1042 1240 1070 tem.
1285 1039 1428 1069 Horrida
1452 1038 1570 1078 callt'di]
1606 1037 1642 1070 Si
1675 1038 1842 1068 horrorem

1160 1097 1329 1128 aequorum
1356 1087 1449 1119 docti
1475 1091 1511 1118 et
1539 1087 1694 1121 scientes,
1718 1086 1842 1117 navitae

1161 1146 1226 1167 non
1240 1136 1433 1167 formidant.
1474 1135 1634 1175 [Guelpb.
1649 1134 1781 1174 abigin]

1203 1188 1244 1216 42
1271 1186 1422 1224 Magnum
1450 1184 1609 1224 pauperies
1638 1181 1845 1224 opprobrium]

1165 1235 1240 1266 Hoc
1256 1244 1298 1265 ex
1323 1234 1414 1274 vulgi
1433 1233 1589 1273 opinione
1604 1231 1845 1272 accipiendum,

1164 1283 1217 1314 cui
1243 1283 1347 1314 virtus
1371 1286 1447 1322 post
1466 1290 1615 1312 nummos
1631 1281 1696 1312 sit:
1721 1280 1844 1321 quique

1165 1331 1193 1361 si
1221 1332 1316 1361 ‘Uno
1342 1330 1430 1360 forte
1455 1330 1562 1360 miuus
1589 1329 1738 1368 locuples
1766 1336 1846 1367 qna-

1165 1380 1283 1410 drante
1311 1379 1449 1419 periret,
1484 1378 1563 1418 Ipse
1589 1377 1758 1408 videretur
1785 1375 1846 1406 sibi

1165 1426 1328 1468 nequior.'
1370 1427 1537 1466 Pauperies
1547 1425 1736 1466 opprobrium
1742 1424 1847 1463 jubet]

1166 1476 1352 1517 Pauperies
1380 1479 1521 1516 putatur
1549 1474 1719 1515 probrosa,
1740 1473 1847 1504 avaris

1167 1527 1362 1566 praesertim.
1408 1524 1571 1565 pauperies
1584 1524 1639 1554 hic
1655 1532 1720 1554 non
1735 1527 1787 1554 est
1801 1523 1849 1553 in·

1167 1575 1246 1615 opia
1260 1575 1550 1614 importuna,'quae
1573 1572 1708 1603 inimica
1724 1576 1776 1602 est
1790 1571 1848 1602 bo-

1167 1623 1219 1654 uis
1246 1623 1411 1654 moribus:
1436 1623 1495 1653 sed
1520 1621 1703 1652 tolerabilis
1725 1620 1847 1659 victus,

1171 1672 1227 1711 qui
1242 1672 1321 1702 viris
1345 1671 1490 1702 fortibus
1510 1670 1591 1702 satis
1611 1673 1664 1701 est
1680 1669 1722 1701 ad
1746 1669 1848 1700 vitam

1171 1719 1395 1759 tranquillam.
1419 1719 1514 1757 Cruq.

1212 1770 1253 1799 44
1279 1767 1412 1798 Virtutis
1423 1766 1543 1806 ardua]
1565 1767 1575 1784 ‘
1589 1765 1740 1798 Arduum
1752 1765 1762 1780 ¹
1783 1775 1849 1798 non

1172 1820 1302 1848 tantum
1317 1814 1453 1847 difficile
1470 1821 1507 1847 et
1520 1816 1707 1851 molestum,
1722 1814 1782 1846 sed
1794 1824 1852 1846 ex-

1172 1867 1302 1899 celsum·
1312 1874 1442 1907 quoque
1458 1869 1494 1896 et
1509 1864 1704 1903 sublime,et
1715 1863 1852 1904 quidem

1172 1915 1275 1955 magis
1301 1914 1434 1955 proprie
1455 1913 1632 1954 significat.
1675 1913 1762 1944 Nam
1777 1912 1854 1953 quia

1173 1974 1248 2006 quae
1273 1964 1407 1996 excelsa
1431 1967 1508 1994 sunt
1531 1961 1700 1993 difficilem
1728 1961 1853 1992 habent

1174 2012 1314 2050 aditum,
1328 2012 1406 2043 binc
1420 2011 1459 2042 fit
1478 2015 1517 2043 ut
1536 2011 1676 2043 arduum
1690 2019 1752 2050 pro
1765 2008 1851 2040 diffi-

1173 2061 1231 2091 cili
1253 2060 1417 2100 capiatur.
1459 2060 1548 2090 Vide
1569 2059 1714 2091 Genium
1732 2065 1784 2088 xv.
1799 2059 1851 2088 15.

1174 2109 1313 2139 Torreat.
1355 2107 1487 2146 Arduoe]
1507 2106 1649 2137 Virtutis
1664 2105 1718 2136 via
1728 2104 1852 2136 dicitur

1175 2155 1290 2193 ardua,
1307 2155 1359 2186 vel
1373 2156 1447 2195 quia
1461 2155 1624 2186 laboriosa
1633 2158 1697 2193 est,
1710 2153 1762 2184 vel
1774 2153 1853 2194 quia

1174 2204 1322 2234 homines
1346 2202 1451 2235 efficit
1474 2203 1583 2234 claros
1605 2207 1642 2234 et
1657 2201 1794 2234 deorum
1810 2203 1853 2233 si-

1175 2253 1280 2283 miles.

1217 2303 1257 2331 45
1285 2300 1340 2331 Vel
1351 2309 1404 2331 nos
1413 2300 1446 2330 in
1457 2299 1651 2340 Capitolium,
1661 2299 1729 2340 Asc-J
1743 2300 1855 2333 Quare

1176 2347 1273 2380 illuc?
1294 2357 1337 2379 an
1353 2349 1508 2388 exemplo
1522 2353 1758 2388 matronarum,
1770 2358 1858 2389 quae,

1177 2397 1322 2438 Republ.
1359 2397 1392 2428 in
1435 2397 1624 2428 discrimine
1664 2397 1859 2437 constituta,

1178 2446 1336 2478 mundum
1357 2455 1487 2478 omnem
1508 2447 1705 2478 muliebrem
1723 2447 1800 2478 olim
1813 2447 1857 2478 ad

1180 2496 1258 2527 belli
1273 2499 1424 2536 sumptus
1438 2496 1473 2526 in
1486 2496 1688 2536 Capitolium
1707 2505 1859 2536 compor-

1181 2544 1315 2576 tarunt?
1358 2545 1407 2576 Eo
1429 2553 1510 2575 sane
1525 2545 1694 2584 respicere
1714 2544 1858 2584 poetam,

1181 2594 1364 2625 Germanus
1379 2593 1516 2632 Valens,
1530 2592 1559 2623 si
1574 2592 1734 2624 Lambiuo
1753 2593 1859 2625 credi·

1183 2651 1269 2680 mus,
1297 2639 1532 2672 existimabat:
1555 2641 1608 2671 De
1635 2640 1858 2672 consecranda

1183 2700 1274 2731 ergo,
1289 2691 1316 2720 si
1331 2690 1403 2730 quis
1414 2689 1502 2720 forte
1514 2689 1855 2731 ambitiosiorexistat,

1184 2741 1259 2773 Diis
1285 2739 1524 2772 immortalibus
1538 2738 1681 2779 pecunia
1701 2737 1857 2779 loquitur,
