1930 3204
418 272 526 324 1524

418 383 478 413 che
502 382 639 420 factum,
664 381 704 412 ad
731 381 928 412 servandum
953 392 1099 424 unguen—

417 435 500 462 tum.

462 483 501 511 18
523 480 667 518 Sulpiciis
680 479 820 519 accubat]
845 479 944 510 Liber
963 480 1098 520 optimae

417 533 506 560 notae
519 529 619 558 babet
631 528 773 564 Μετώπη
790 537 851 558 nec
864 527 1030 568 displicet.
1045 529 1100 559 In-

416 577 541 607 teriore
565 577 652 606 enim
676 577 786 607 horrei
809 582 905 617 parte
929 579 1034 608 latere
1060 587 1099 609 ac

415 624 521 655 veluti
537 625 703 663 sepultum
721 624 837 664 jacere
859 625 976 656 cadum
999 626 1099 665 signi—

414 672 514 702 ficat:
539 672 626 703 unde
643 673 709 702 vini
737 674 932 711 praestantia
953 678 1098 704 notatur.

417 722 555 752 Torreat.
592 722 737 761 Horreis]
755 723 935 762 Apothecis
950 724 1097 763 vinariis,

415 770 599 810 cujusmodi
624 771 771 802 habebat
797 772 909 803 Romae
937 773 1097 812 Sulpitius

414 811 532 854 Galba,
549 819 581 850 in
601 819 720 860 quibus
741 820 862 859 oleum,
884 821 1007 860 vinum,
1030 821 1096 852 fru-

415 877 485 908 ges,
500 868 605 908 iisque
617 868 737 899 similia
751 869 849 900 condi
866 870 1028 901 solebant.

459 919 498 946 19
521 917 596 956 Spes
616 918 727 947 donare
747 928 840 948 novus
859 919 980 958 largus]
1001 919 1097 949 Libe·

414 965 492 994 ralis
531 965 572 995 ad
604 965 793 996 donandum
828 977 904 1006 spes
938 968 1099 999 insolitas.

414 1013 600 1053 Amaraque]
626 1013 764 1045 Amaras
787 1024 896 1054 curas,
910 1016 963 1046 vel
979 1016 1099 1046 amari-

415 1061 549 1092 tudines
565 1072 730 1095 curarum.

454 1113 494 1141 21
527 1111 605 1141 Cum
633 1111 700 1150 tua]
752 1112 836 1142 Cum
873 1120 976 1151 parvo
1003 1111 1098 1142 nardi

413 1158 555 1198 onyche.

455 1209 496 1237 22
520 1207 592 1238 Non
606 1217 662 1247 ego
677 1211 707 1239 te
721 1208 809 1248 meis]
840 1208 918 1238 Non
943 1212 996 1239 est
1018 1208 1098 1239 mihi

412 1256 446 1286 in
476 1257 585 1287 animo
616 1262 649 1288 te
679 1259 754 1288 vino
783 1258 994 1290 madefacere
1027 1259 1097 1290 sine

413 1313 563 1342 munere,
578 1309 615 1335 ut
630 1305 756 1336 faciunt
771 1305 903 1338 divites.
1076 1344 1078 1346 v

454 1354 495 1381 23
533 1353 712 1392 Immunem]
753 1357 762 1371 ‘
781 1353 963 1393 Immunis‚'
990 1354 1098 1395 inquit

413 1400 545 1439 Festus,
572 1410 692 1431 vacans
715 1410 864 1440 munere,
887 1403 958 1432 sine
979 1402 1098 1434 officio.

413 1447 512 1477 Unde
536 1450 545 1464 ‘
563 1448 724 1479 immunes
748 1449 924 1489 civitates,’
945 1451 1034 1490 quod
1056 1451 1096 1481 ab

413 1496 502 1526 omni
526 1506 626 1527 onere
648 1497 774 1535 liberae,
796 1498 877 1528 nihil
900 1499 1096 1537 penderent.

412 1546 538 1576 Pulcre
562 1546 665 1585 igitur
693 1547 812 1577 Horat.
842 1547 1008 1577 Immunem
1034 1548 1095 1578 hoc

411 1595 484 1624 loco
510 1599 620 1634 vocat,
646 1604 743 1634 quem
773 1594 950 1632 ἀσύμβολον
971 1597 1098 1636 Graeci,

412 1643 468 1681 qui
482 1642 560 1672 nihil
574 1643 724 1680 conferat,
737 1644 853 1678 inanis.
867 1653 998 1675 vacuus.
1029 1646 1095 1676 Ve-

411 1694 512 1720 nuste
527 1690 627 1720 etiam
642 1691 780 1721 Flaccus
791 1691 822 1720 in
836 1691 944 1731 Epist.
967 1694 976 1710 ‘
988 1693 1096 1724 Quem

411 1738 477 1769 scis
500 1739 675 1770 immunem
695 1740 836 1780 Cynarae
860 1741 1023 1779 placuisse
1043 1751 1096 1773 ra-

412 1786 512 1826 paci.’
556 1788 653 1820 Quod
690 1788 892 1819 avarissimae
927 1790 1097 1821 meretrici

412 1835 495 1866 nihil
511 1836 619 1867 daret.
643 1837 728 1867 vide
744 1846 798 1868 ιιι.
813 1837 879 1868 Od.
890 1840 942 1868 23.
967 1839 1097 1878 Tingere

412 1884 514 1915 etiam
530 1885 696 1924 emphasis
719 1890 785 1924 est,
807 1896 868 1927 pro
889 1887 1036 1918 imbuere
1059 1898 1097 1920 ac

411 1935 520 1963 totum
550 1932 776 1973 madefacere,
802 1939 839 1965 ut
861 1935 946 1966 lanae
968 1937 1097 1967 colores

410 1981 588 2013 imbibunt.
633 1982 799 2013 Immunem
827 1984 955 2014 meditor
979 1985 1098 2023 tingere

409 2029 538 2068 poculis]
569 2030 618 2060 Te
646 2030 725 2059 nihil
751 2029 956 2062 afferentem.
1011 2033 1097 2063 Haec

413 2078 516 2108 verba
550 2079 641 2108 olent
665 2079 780 2118 jocum
810 2089 874 2110 non
905 2080 1099 2120 infacetum,

411 2123 555 2155 fortasse
579 2131 690 2156 tamen
710 2126 884 2166 Virgilium
910 2132 1025 2158 taxant
1047 2134 1097 2159 te-

412 2173 580 2204 nacitatis.
602 2173 764 2214 [Guelph.
779 2174 901 2212 cingere
914 2175 1054 2215 poculis]

453 2224 495 2252 24
519 2223 615 2253 Plena
628 2223 712 2252 dives
726 2225 762 2252 ut
775 2222 808 2252 in
825 2223 927 2262 domo]
953 2224 1097 2255 Excusat

412 2271 500 2310 quod
517 2272 690 2302 collectam
707 2269 849 2311 flagitat,
863 2281 937 2302 cum
953 2274 1095 2303 solorum

413 2320 554 2351 divitum
579 2321 622 2351 sit
645 2321 788 2359 gratuita
810 2321 959 2359 praebere
985 2321 1097 2351 convi-

414 2368 479 2407 via,
495 2374 531 2398 ut
555 2368 588 2398 in
610 2368 703 2398 novis
719 2368 966 2407 magistratibus
987 2379 1097 2400 sacer-

414 2417 581 2457 dotiisque
611 2417 724 2448 facere
747 2418 795 2448 illi
815 2419 950 2449 solenh
983 2419 1097 2451 Graeci

415 2465 575 2498 εἰλαπίνας
604 2471 746 2504 vocant3
777 2472 813 2498 ut
837 2473 955 2499 contra
976 2467 1098 2508 ἐράνους

415 2525 468 2553 ca,
482 2525 556 2556 quae
570 2524 612 2545 ex
628 2516 776 2555 symbola
789 2515 883 2547 fiunt.
928 2516 966 2547 In
979 2517 1096 2558 quibus

414 2565 491 2604 plus
499 2565 722 2604 jucunditatis
735 2569 770 2596 et
785 2566 913 2605 gratiae,
923 2570 1022 2606 atque
1037 2566 1097 2596 im-

416 2622 520 2652 pensa
536 2615 652 2653 minor,
666 2623 730 2654 quo
746 2614 877 2644 nomine
893 2624 913 2645 a
929 2615 1097 2645 veteribus

416 2662 559 2692 maxime
575 2662 902 2693 commendabantur.
929 2663 1067 2695 Torreat.

458 2711 497 2739 25
523 2711 604 2741 Pone
624 2710 738 2750 moras]
761 2711 901 2751 Depone
923 2721 1042 2751 moras,
1062 2716 1098 2743 et

419 2757 635 2796 cupiditatem
661 2760 743 2790 lucri
762 2771 768 2788 :
800 2760 876 2791 hinc
899 2761 974 2792 iicet
997 2761 1096 2800 conji-

869 292 1007 322 NOTAE
1040 292 1296 323 VARlORUM
1332 295 1381 324 ΙΝ

1149 392 1227 414 cere
1249 383 1335 415 lmne
1356 383 1530 424 Virgilium
1549 384 1659 417 fuisse
1678 377 1824 426 negoua-

1149 437 1266 465 torem.
1310 435 1355 465 Et
1374 435 1508 466 studium
1526 434 1618 475 lucri]
1637 435 1824 476 Stephanus

1147 481 1189 512 de
1203 482 1341 522 Virgilio
1354 482 1462 513 Poeta
1475 483 1540 513 dici
1555 483 1684 514 credit:
1701 492 1776 515 uam
1788 479 1826 516 ut

1147 529 1299 568 dicimus,
1327 540 1400 561 eum
1427 531 1481 572 qui
1511 531 1629 562 studiis
1656 531 1826 564 literarum

1148 584 1316 615 avocatur,
1329 581 1420 611 velut
1434 589 1452 610 a
1463 580 1555 610 lucro
1568 580 1698 611 avocari
1712 590 1720 611 ε
1737 580 1826 612 sicut

1146 627 1230 658 illius
1247 630 1406 668 temporis
1423 629 1594 669 jacturam
1613 627 1727 659 facere
1745 628 1825 661 dici-

1146 685 1231 715 mur,
1258 677 1344 718 quod
1374 678 1407 708 in
1442 687 1483 708 ea
1519 687 1584 708 non
1616 677 1825 709 collocamus.

1145 725 1258 756 Quid?
1279 735 1385 757 nonne
1401 727 1456 766 qni
1474 727 1569 766 plura
1587 726 1694 757 indies
1715 726 1826 766 discit,

1145 773 1308 812 proficere
1320 775 1463 806 dicitur?
1479 775 1535 815 qui
1551 780 1662 806 antem
1678 775 1826 815 prolicit,

1145 831 1255 853 nonne
1281 824 1308 854 is
1331 825 1457 854 lucrum
1480 823 1586 854 facit?
1622 823 1679 854 Sic
1701 829 1736 855 et
1752 825 1826 855 Cic.

1145 869 1239 900 initio
1267 870 1417 902 Officior.
1440 873 1571 903 locutus
1595 876 1657 903 est.
1700 873 1827 905 Quidni

1145 918 1232 949 enirn
1246 919 1415 958 Virgilius,
1431 926 1596 951 mercator
1618 924 1654 951 et
1675 921 1747 960 ipse
1767 921 1824 952 bo·

1145 975 1262 996 narum
1287 968 1421 1002 artium,
1449 967 1491 997 ab
1513 967 1669 1007 Horatio,
1691 969 1824 1000 volente

1145 1012 1350 1053 ἆστεΐζεσθαι,
1373 1016 1382 1032 ‘
1401 1015 1482 1045 lueri
1507 1015 1653 1046 studium
1678 1018 1828 1057 ponere,’

1145 1062 1177 1092 id
1204 1068 1269 1099 est,
1290 1063 1523 1102 intermittere,
1539 1062 1722 1104 jubeatur?
1744 1064 1827 1096 Pos-

1144 1119 1256 1140 sumus
1272 1111 1373 1141 etiam
1389 1110 1532 1142 fortasse
1545 1111 1674 1142 lucrum
1687 1111 1730 1143 de
1743 1122 1826 1152 prae·

1145 1159 1218 1189 miis
1234 1159 1509 1199 illisintelligere.
1525 1169 1601 1200 quae
1612 1160 1771 1200 Virgilius
1784 1161 1827 1192 ab

1145 1206 1295 1247 Augusto
1306 1208 1348 1239 ob
1361 1218 1418 1239 sua
1431 1208 1584 1249 poemata
1599 1208 1831 1248 exspectabat.

1144 1257 1231 1288 Tum
1243 1257 1331 1298 quod
1346 1257 1521 1298 ‘juvenum
1537 1256 1692 1287 nobilium
1708 1257 1829 1288 cliens’

1145 1305 1257 1344 datur,
1271 1306 1391 1337 merito
1406 1306 1437 1336 id
1455 1306 1533 1336 mibi
1549 1309 1750 1346 suspectum,
1761 1315 1826 1337 non

1146 1353 1286 1393 intelligi
1309 1364 1405 1394 posse
1429 1354 1471 1385 de
1487 1354 1627 1394 Virgilio
1643 1355 1827 1395 negotiato-

1146 1410 1203 1432 re:
1234 1407 1316 1440 tum,
1343 1413 1419 1433 cum
1448 1403 1544 1438 dixit,
1573 1404 1584 1420 ‘
1600 1403 1715 1441 Nardo
1748 1403 1826 1435 'vina

1145 1450 1341 1485 merebere,'
1361 1451 1479 1490 innuit,
1497 1450 1700 1482 afferendam
1721 1451 1763 1483 ab
1784 1461 1826 1483 eo

1145 1507 1218 1527 esse
1233 1499 1382 1533 nardum,
1398 1509 1493 1538 quam
1515 1508 1557 1529 ex
1579 1500 1709 1530 illorum
1732 1500 1826 1531 nobi-

1144 1545 1391 1585 liumjuveuum
1405 1547 1608 1578 liberalitate
1621 1548 1823 1588 accepisset:

1145 1593 1232 1632 quod
1259 1604 1334 1624 cum
1358 1595 1423 1625 alia
1444 1605 1579 1626 munera
1596 1595 1638 1628 ab
1652 1596 1715 1627 illis
1738 1598 1825 1628 acci-

1145 1650 1236 1679 pere,
1252 1646 1322 1672 tmn
1337 1643 1436 1677 etiam
1453 1645 1628 1684 unguentis
1641 1645 1758 1677 donari
1773 1656 1824 1677 so-

1144 1689 1242 1720 leret.
1267 1691 1412 1730 Stephon.
1446 1692 1688 1731 [Schoeuborn.
1708 1697 1740 1727 2.
1762 1705 1828 1727 mos

1142 1746 1194 1767 ras
1207 1739 1399 1778 studiumque
1413 1739 1516 1780 lucri]
1680 1752 1689 1755 s

1186 1788 1228 1816 26
1251 1786 1424 1824 Nigrorum
1451 1786 1578 1827 mernor]
1610 1789 1733 1820 Mortis
1755 1800 1826 1822 me-

1145 1843 1233 1864 mor:
1255 1843 1329 1865 uam
1347 1844 1456 1876 rogos,
1470 1837 1540 1868 sive
1556 1837 1647 1876 ignes
1660 1837 1826 1879 funebres,

1146 1883 1262 1922 quibus
1277 1883 1438 1914 cadavera
1453 1886 1698 1926 cremabantur,
1711 1889 1826 1928 appel—

1144 1931 1193 1962 lat
1206 1932 1328 1972 nigros,
1345 1932 1376 1963 id
1393 1939 1458 1971 est,
1473 1928 1585 1965 tristes
1599 1934 1641 1966 ab
1654 1933 1796 1967 effectis.

1185 1982 1226 2010 27
1255 1979 1354 2011 Misce
1382 1981 1560 2023 stultitiam]
1600 1983 1704 2015 Misce
1732 1985 1826 2015 seriis

1144 2028 1283 2067 ludicra,
1311 2030 1358 2060 ita
1383 2035 1508 2070 tamen,
1525 2036 1568 2062 ut
1590 2032 1634 2063 sis
1658 2033 1767 2063 brevis
1789 2033 1824 2063 iu

1143 2077 1296 2107 stultitia.

1184 2128 1225 2155 28
1252 2126 1349 2156 Dulce
1376 2131 1421 2157 est
1449 2127 1597 2167 desipere]
1631 2128 1822 2160 Jucundum

1143 2177 1194 2203 est
1210 2173 1400 2212 aliqnando,
1416 2184 1490 2205 cuin
1515 2180 1646 2215 tempus
1670 2181 1705 2206 et
1729 2176 1823 2207 locus

1143 2221 1268 2259 ferunt,
1283 2221 1446 2263 desipere,
1469 2223 1502 2254 id
1521 2229 1586 2262 est,
1601 2233 1622 2255 a
1641 2226 1823 2256 severitate

1143 2270 1375 2310 animumjoco
1392 2273 1574 2303 remittere.
1618 2273 1657 2303 In
1673 2273 1751 2314 1000]
1770 2274 1823 2304 Ἐν

1146 2321 1248 2359 καιρῷ,
1263 2324 1439 2360 opportune.

1145 2368 1229 2399 One
1245 2376 1326 2398 xin.
1357 2367 1530 2406 Μεμπτική.
1561 2367 1604 2399 Iu
1617 2369 1736 2400 chuu
1750 2370 1826 2402 Mn-

1186 2425 1371 2447 ne‘ruicem
1398 2425 1576 2449 vernum.
1624 2417 1768 2450 Insultst
1794 2420 1826 2451 ei

1185 2466 1538 2506 mordacissime,qnod
1547 2466 1618 2507 jam
1631 2475 1712 2498 anus
1724 2466 1827 2508 facta,

1186 2520 1222 2546 et
1237 2514 1373 2546 libidine
1387 2513 1545 2554 flagrans,
1557 2517 1790 2547 contemnatur
1805 2526 1825 2547 a

1182 2563 1373 2603 juvenibus.
1425 2563 1618 2604 [Bamberg.
1650 2563 1703 2595 Aa
1729 2564 1823 2595 Licea

1186 2613 1317 2643 vetulam
1331 2612 1543 2652 meretricem]

1187 2666 1205 2694 1
1219 2661 1316 2703 Lyce]
1341 2663 1548 2694 Mulierculae
1563 2661 1660 2702 hujus
1674 2659 1822 2693 immitis-

1145 2713 1236 2744 simae
1259 2713 1395 2752 fastum,
1415 2721 1489 2743 curn
1514 2712 1557 2743 ab
1578 2711 1732 2748 Horatio,
1750 2717 1820 2739 me-

1147 2761 1227 2792 liore
1239 2761 1351 2792 adhue
1357 2765 1468 2800 aetate,
1479 2763 1653 2792 amaretur.
1660 2757 1730 2797 jem
1740 2761 1818 2788 ante
