1916 3262
624 284 685 313 DF.
719 283 850 314 ARTE
886 282 1111 314 Pon'rch.

1474 271 1588 312 1275

144 378 310 421 Sumite
330 378 555 420 materiam
577 378 745 427 vestris,
768 378 844 431 qui
868 376 1077 426 scribitis,
1100 386 1275 428 aequam

143 443 342 495 Viribus,
364 448 408 486 et
427 447 598 485 versate
619 442 694 484 diu
718 443 822 496 quid
843 445 955 485 ferre
976 446 1197 491 recusent,

145 509 265 561 Quid
285 511 459 553 valeant
477 511 640 552 humeri
660 523 670 552 :
703 511 776 552 cui
794 512 909 552 lecta
928 513 1130 563 potenter
1150 508 1233 550 erit
1252 520 1339 557 res,
1531 507 1589 546 40

143 576 240 619 Nec
258 577 466 619 facundia
484 577 653 618 deseret
671 578 803 627 hunc,
825 589 908 618 nec
926 574 1102 617 lucidus
1123 574 1249 616 ordo.

143 641 320 685 Ordinis
338 643 434 685 haec
451 644 590 685 virtus
611 644 693 684 erit
711 647 755 684 et
773 655 923 692 venus,
942 645 1019 683 aut
1037 654 1117 693 ego
1137 641 1284 691 fallor,

143 709 208 750 Ut
219 709 314 764 jam
334 723 449 752 nunc
465 711 597 759 dicat,
612 709 707 764 jam
729 723 845 751 nunc
865 709 1070 751 debentia
1089 708 1178 749 dici

141 776 355 831 Pleraque
374 777 561 827 differat,
579 780 622 817 et
641 790 842 831 praesens
861 777 907 817 in
927 779 1101 829 tempus
1122 777 1310 818 omittat.

140 842 196 884 In
216 843 360 884 verbis
379 843 510 885 etiam
533 843 676 886 tenuis
697 848 937 897 cautusque
958 843 1163 895 serendis,
1531 843 1589 883 45

140 908 244 950 Hoc
263 914 390 960 amet,
406 909 495 952 hoc
515 915 690 965 spernat
710 911 914 964 promissi
936 910 1141 952 carminis
1160 914 1326 952 auctor.

140 975 325 1018 Dixeris
345 978 526 1031 egregie,
546 981 694 1019 notum
718 978 757 1018 si
777 977 939 1019 callida
962 977 1139 1018 verbum

140 1119 204 1142 ene
216 1120 303 1143 mo.
349 1112 540 1153 Quicumque
551 1112 668 1153 aliquid
682 1113 877 1154 componitis,
890 1113 999 1152 eligite
1013 1112 1178 1144 materiam
1194 1111 1312 1143 viribus
1332 1112 1446 1143 vestris
1458 1119 1562 1151 parem
1576 1121 1587 1141 .-

140 1151 253 1193 ἀὶαφιο
265 1155 444 1194 perpendite
458 1156 532 1196 qaid
545 1155 672 1196 possitis
685 1158 716 1186 et
731 1156 805 1196 quid
819 1156 978 1195 nequeatis
988 1154 1109 1195 exequi.
1147 1154 1212 1189 Qui
1225 1163 1291 1185 rem
1305 1154 1433 1185 solerter
1446 1153 1589 1192 elegerit,

140 1193 222 1226 haud
235 1196 350 1227 carebit
364 1197 532 1228 elocutione
546 1201 576 1228 et
590 1198 717 1237 pulchro
734 1197 944 1238 dispositione.
991 1196 1134 1235 Ordinis,
1149 1199 1186 1227 ut
1199 1197 1320 1237 opinor,
1335 1196 1399 1227 hoec
1414 1196 1474 1227 erit
1495 1195 1543 1226 vis
1556 1197 1588 1225 et

135 1236 309 1275 persa-tiu
332 1242 366 1270 ut
376 1240 463 1270 modo
474 1241 613 1280 quaedom
623 1240 718 1278 dicat,
727 1241 819 1280 pluro
834 1250 918 1279 vero,
932 1249 1000 1280 quae
1014 1239 1144 1270 dicendo
1157 1237 1321 1270 videantur
1334 1240 1434 1277 modo,
1445 1237 1542 1270 alium
1553 1237 1588 1267 in

137 1277 237 1309 locum
250 1284 406 1312 reservet.-
428 1281 490 1312 ulia
505 1285 652 1320 assume,
666 1282 729 1312 alia
744 1282 898 1322 relinquat
922 1283 1057 1320 scriptor
1074 1281 1226 1321 poematis
1249 1280 1394 1320 polliciti.
1440 1280 1540 1310 Porro
1554 1279 1590 1308 in

139 1321 261 1352 vocibus
273 1323 467 1362 proferendis
485 1323 608 1354 sobriae
619 1326 648 1354 et
660 1325 798 1363 prudens
807 1323 956 1362 preclare
969 1324 1064 1362 dices,
1080 1323 1108 1353 si
1122 1324 1217 1353 solers
1231 1323 1406 1361 conjunctio
1419 1331 1528 1352 novam
1534 1320 1586 1358 se-

743 1426 935 1449 oefeaenooo
940 1427 979 1439 00

137 1503 406 1540 vectatum—88
429 1501 572 1541 Cuning.
594 1501 762 1532 materiem.
798 1499 878 1533 vat.
895 1501 992 1533 Rom.
1005 1504 1035 1532 1.
1053 1510 1071 1532 a
1086 1511 1130 1532 m.
1148 1510 1201 1542 pr.
1218 1505 1254 1533 et
1270 1501 1429 1533 Vallicel.
1447 1503 1476 1533 1.
1498 1511 1586 1533 recu-

136 1545 304 1589 ruum—40
329 1543 523 1575 Markland.
540 1543 582 1574 ad
597 1544 687 1575 Stat.
709 1543 802 1584 Sylv.
817 1552 870 1574 w.
885 1546 916 1575 8.
939 1553 971 1585 p.
986 1546 1062 1575 232.
1082 1545 1332 1584 pudentem—41
1354 1543 1586 1576 Schoenborn.

138 1588 167 1616 1.
189 1585 402 1618 amrin—42
422 1587 506 1617 Tres
527 1592 563 1617 et
586 1585 709 1625 viginti
731 1585 830 1617 codd.
846 1586 939 1625 Feae,
955 1586 1012 1617 alii
1027 1596 1082 1627 ap.
1098 1586 1207 1618 Gesn.
1222 1595 1298 1617 cum
1314 1587 1432 1618 Zarot.
1446 1586 1587 1618 Veuett.

137 1629 234 1659 1478.
249 1630 344 1662 14⁷9.
360 1630 456 1661 1481.
474 1630 568 1660 1483.
583 1630 678 1660 1486.
694 1634 730 1659 et
746 1628 897 1660 Florent.
914 1631 1007 1660 1482.
1029 1629 1111 1660 haud
1126 1638 1184 1668 ego
1196 1629 1308 1666 fallor.
1352 1627 1419 1659 Alii
1434 1627 1533 1660 codd.
1549 1633 1586 1660 et

136 1669 216 1701 edd.
237 1673 294 1702 out
306 1679 363 1710 ego
374 1671 572 1709 sallon—43
595 1670 675 1701 Vat.
691 1673 720 1701 l.
737 1680 757 1701 a
773 1680 818 1702 m.
841 1680 894 1711 pr.
915 1680 977 1702 non
992 1670 1087 1702 dicot-
1131 1671 1214 1702 Vat.
1239 1674 1289 1702 18.
1312 1674 1347 1701 ut
1361 1679 1444 1700 nunc
1456 1669 1584 1708 jam.—

137 1713 178 1742 4⁵
201 1711 381 1753 Bamberg.
401 1712 534 1744 Heller.
549 1711 780 1744 Schoenborn.
797 1715 828 1743 1.
842 1715 874 1743 4.
901 1718 938 1744 et
965 1712 1063 1743 Harl.
1081 1715 1111 1743 1.
1126 1715 1159 1744 2.
1176 1715 1206 1744 8.
1222 1716 1252 1744 4.
1267 1716 1298 1743 6.
1315 1715 1346 1743 7.
1372 1720 1505 1742 versum
1531 1714 1586 1743 45.

138 1758 349 1794 postponunt
363 1754 475 1785 versui
496 1756 550 1786 46.
574 1758 611 1784 et
625 1754 674 1785 aie
690 1763 805 1784 omnen
819 1759 899 1785 ante
915 1755 1030 1785 Bentl.
1047 1763 1147 1794 quem
1170 1755 1279 1785 secuti
1299 1754 1421 1785 Sanad.
1438 1753 1589 1784 Mervill.

139 1793 230 1827 Pbil.
243 1796 375 1827 Valart.
396 1796 552 1827 Oberlin.
574 1795 681 1827 Gesn.
705 1796 812 1826 Zeun.
836 1796 976 1835 Bipont.
994 1796 1140 1836 Bodoni,
1157 1796 1278 1827 Comb.
1293 1795 1429 1826 Wakef.
1444 1795 1587 1826 Wetzel.

140 1835 246 1868 Kidd.
260 1837 409 1874 Schelle,
423 1842 460 1868 et
477 1837 629 1876 Doering.
653 1837 798 1875 serendi:
811 1838 892 1869 Vat.
909 1837 1006 1869 Rom.
1019 1841 1051 1868 5.
1077 1847 1096 1868 a
1111 1847 1155 1868 m.
1180 1847 1232 1878 pr.
1256 1844 1291 1869 et
1317 1843 1386 1868 tres
1409 1836 1509 1869 codd.
1530 1847 1585 1877 ap.

139 1877 358 1911 valam—46
380 1879 451 1911 Hoc
478 1882 562 1910 amat
591 1878 745 1912 Vallicel.
775 1881 806 1910 1.
843 1879 1067 1911 Marklandus
1092 1879 1225 1912 dubitat
1248 1880 1289 1911 de
1314 1889 1411 1920 voce,
1431 1879 1587 1920 promissi.

790 1987 820 2019 N
827 1986 932 2019 OTAE

144 2079 149 2083 «
178 2062 221 2091 38
243 2059 362 2091 Sumite
376 2059 554 2101 materiam]
578 2059 730 2091 Tertium
745 2069 830 2100 prae-

137 2116 288 2151 ceptum,
313 2108 404 2151 quod
430 2118 504 2141 esse
529 2110 671 2150 primum
698 2109 831 2151 debuit,

135 2159 245 2201 inquit
257 2159 413 2200 Scaliger
428 2158 605 2191 Poetelib.
622 2168 669 2191 v1.

177 2210 220 2240 42
245 2209 375 2240 Ordinis
396 2208 462 2240 hoec
489 2208 606 2250 virtus]
629 2209 762 2242 Quarto
788 2209 831 2241 de

135 2258 266 2298 ordine,
294 2259 416 2300 ‘quem
451 2267 532 2290 sane
561 2258 679 2291 mutile
707 2260 831 2302 docet,’

135 2307 169 2340 J.
187 2307 313 2348 Scalig.
329 2318 406 2339 mox
421 2308 481 2340 cit.

143 2361 147 2377 ῑ
177 2360 219 2388 43
241 2358 318 2388 Jom
343 2368 423 2389 nunc
451 2359 548 2395 dicat,
574 2359 643 2400 qa]
678 2359 831 2392 Historia

135 2415 248 2438 rerum
263 2407 384 2438 seriem
395 2412 531 2440 enarrat
546 2409 728 2441 secundum
740 2410 830 2442 ordi-

136 2465 212 2487 nem
229 2459 439 2496 temporum:
463 2461 499 2489 at
511 2461 632 2490 contra
648 2458 757 2499 poiisis
780 2470 831 2491 ar-

135 2505 312 2538 tificiosam
338 2507 479 2547 requirit
502 2516 613 2539 rerum
639 2509 830 2550 dispositio-

138 2566 226 2590 nem.
269 2557 376 2588 Patet
389 2567 430 2587 ex
450 2557 591 2590 Homeri
614 2558 778 2600 odyssea.
794 2565 830 2592 et

134 2606 257 2638 Iliade.
300 2606 356 2637 Sic
375 2606 408 2636 in
431 2605 564 2646 Virgilii
587 2606 727 2639 AEneide
743 2610 829 2641 liber

135 2657 263 2698 primus
287 2665 362 2687 esse
383 2655 560 2687 debuisset
581 2657 636 2697 qui
662 2660 829 2691 secundus

135 2711 198 2746 est,
221 2710 256 2737 et
282 2706 403 2737 tertius
425 2714 498 2736 esse
522 2705 577 2746 qui
605 2710 659 2737 est
689 2708 828 2748 primus.

134 2756 222 2787 Vide
238 2761 356 2795 postea
373 2764 419 2785 vs.
434 2756 508 2787 146.
525 2760 561 2786 et
577 2764 648 2796 seq.

175 2808 216 2837 45
241 2805 281 2836 In
310 2804 412 2837 verbis
432 2805 525 2836 ethim
552 2805 669 2847 tenuis]
691 2806 767 2840 Jam
785 2807 828 2839 de

885 2060 1041 2101 partibus
1059 2061 1271 2095 elocutionis.
1297 2061 1414 2093 Verba
1429 2061 1511 2094 licet
1526 2071 1585 2094 no-

885 2120 927 2141 va
938 2109 1074 2150 facere3
1091 2111 1150 2142 sed
1163 2111 1282 2142 modus
1295 2111 1491 2143 servandus.
1509 2111 1584 2143 Cic.

883 2160 918 2191 in
932 2161 1052 2193 Bruto.
1074 2161 1219 2194 Quintil.
1245 2170 1268 2193 1.
1285 2165 1317 2193 5.
1338 2162 1348 2178 ‘
1363 2161 1463 2193 Nova
1478 2162 1584 2193 verba

884 2219 950 2242 non
967 2210 1038 2241 sine
1060 2210 1206 2252 quodam
1227 2211 1380 2252 periculo
1401 2210 1585 2251 fingimus,'

886 2263 950 2293 διο.
993 2261 1086 2293 Gen.
1102 2270 1128 2292 1.
1146 2264 1198 2294 10.
1220 2262 1230 2279 ‘
1242 2261 1343 2294 Quod
1357 2270 1377 2292 a
1393 2261 1433 2293 C.
1447 2261 1583 2293 Caesare

886 2311 1087 2343 excellentis
1115 2311 1239 2351 ingenii
1265 2320 1305 2342 ac
1329 2311 1517 2352 prudentiae
1535 2311 1583 2341 vi·

885 2370 934 2397 ro,
959 2369 985 2392 1.
1004 2360 1065 2392 lib.
1089 2359 1133 2390 de
1150 2359 1319 2400 Analogia
1338 2361 1503 2400 scriptum
1518 2365 1584 2398 est,

883 2410 972 2442 habe
1000 2419 1134 2451 semper
1163 2411 1197 2441 in
1228 2410 1390 2442 memoria
1418 2415 1521 2451 atque
1548 2411 1582 2440 in

884 2464 1046 2501 pectore:
1069 2464 1109 2491 ut
1139 2464 1302 2501 tanquam
1327 2461 1502 2500 scopulum
1532 2460 1582 2489 sic

883 2509 991 2550 fugias
1015 2508 1202 2540 inauditum
1227 2514 1327 2550 atque
1344 2508 1490 2539 insolens
1508 2516 1581 2537 ver-

883 2558 985 2591 bum!
1030 2559 1076 2589 Et
1104 2559 1204 2598 paulo
1229 2563 1330 2588 ante:
1354 2559 1364 2575 ⁴
1381 2557 1467 2588 Vive
1481 2557 1580 2587 mori-

883 2608 945 2640 bus
961 2606 1164 2648 praeteritis:
1190 2607 1331 2647 loquere
1355 2605 1468 2636 verbis
1491 2614 1580 2646 prm-

884 2655 1058 2690 sentibus!

924 2709 966 2738 46
987 2703 1141 2736 Promissi
1154 2701 1317 2741 carminis]
1341 2702 1412 2734 Diu
1425 2707 1504 2734 ante
1519 2712 1579 2734 ex-

883 2754 1027 2797 pectati,
1042 2753 1131 2795 quod
1152 2753 1180 2783 si
1195 2752 1345 2792 opinioni
1359 2761 1426 2784 uon
1442 2761 1579 2794 respon-

883 2806 942 2837 det
957 2803 1072 2836 statim
1089 2802 1293 2844 exploditur.
