1916 3262
503 323 714 357 noRA‘rn
746 321 1023 353 <namnum
1056 320 1151 351 ma.
1184 320 1217 350 1.
1246 309 1290 352 9.

133 451 138 456 .
202 430 323 455 crium.
369 420 445 455 Quo
468 417 575 459 magis
603 415 705 448 saevit
730 414 861 457 hyems,

202 482 243 505 eo
272 471 379 513 magis
408 467 574 509 voluptati
605 464 861 507 indulgendum.

200 521 261 554 Sic
278 524 392 553 autem
405 528 426 551 a
442 518 585 550 Marone
606 516 725 557 hyems
745 515 858 558 geniu—

202 570 246 603 lis
257 569 466 612 appellatur.

204 622 223 652 1
246 619 318 653 Stet
331 619 401 652 nive
412 616 593 658 madidum]
614 616 736 656 Vides,
750 621 789 649 ut
802 617 861 650 So-

158 674 256 703 racte
283 669 513 711 cooperiatur,
545 668 612 708 vel,
635 677 656 700 e
678 668 861 710 longinquo

157 725 326 762 appareat
340 719 417 750 nive
432 718 591 760 plenum?

199 773 222 802 2
243 768 386 810 Samae]
408 768 509 800 Mons
523 770 559 800 in
585 767 739 806 Faliscis,
760 777 859 810 quem

156 819 257 853 hodie
271 819 450 862 appeliant
465 824 615 850 montem
637 818 718 850 Diui
734 818 861 860 Sylva·

155 870 214 907 tri,
240 879 283 903 eo
307 869 398 912 qnod
414 869 450 901 in
469 869 624 911 ejusdem
640 870 766 902 montis
782 879 861 911 spe·

153 921 259 953 luuca
281 920 325 952 ad
353 920 534 962 plurimum
559 924 695 962 tempus
717 929 755 952 se
780 929 861 952 con-

155 970 301 1004 tinuisse
326 970 468 1004 dicitur.
514 969 620 1011 Onus]
651 970 751 1003 Nivis
777 979 860 1012 pon·

156 1021 232 1054 dus.

198 1074 219 1104 ⁸
241 1069 451 1112 morantes]
474 1070 599 1104 Oueris
622 1069 860 1112 magnitudine

157 1121 370 1164 laborantes,
393 1127 429 1155 et
454 1132 521 1155 uon
542 1122 751 1155 sustinentes
776 1131 861 1154 onus

156 1171 257 1204 nivis.

199 1225 221 1255 4
238 1223 322 1255 Gelu
330 1222 437 1264 acuto]
453 1222 620 1265 Equidem
636 1226 775 1255 acutum
791 1221 862 1254 dici

157 1281 251 1314 reor,
274 1272 401 1305 Graeco
418 1281 524 1312 more,
541 1282 604 1314 pro
619 1273 690 1305 acri
705 1277 742 1305 et
758 1272 861 1305 vehe-

157 1323 264 1356 menti
277 1333 288 1355 :
311 1333 390 1356 nam
405 1322 457 1363 ὀξὺ
471 1323 669 1364 plerumque
691 1322 861 1364 significat

156 1382 305 1414 magnum
327 1378 366 1405 et
389 1373 572 1404 uehemens:
593 1378 631 1404 et
653 1372 704 1404 sic
728 1373 861 1404 dictum

155 1423 199 1455 ab
217 1421 378 1463 Horatio,
401 1426 440 1454 ut
465 1431 486 1452 a
510 1421 665 1453 Pindaro
687 1420 766 1460 χιὼν
779 1420 863 1461 ὀξεῖα

153 1472 294 1506 dicitur.
316 1473 452 1505 Tru-neb.
466 1481 518 1504 ιι.
531 1474 586 1504 26.
634 1470 861 1512 constiterint]

153 1523 313 1556 Flumina
327 1523 360 1556 vi
374 1522 510 1564 frigoris
521 1522 706 1564 congelata
721 1531 742 1554 a
756 1531 862 1554 cursu

153 1572 328 1606 desistunt
343 1582 505 1615 superne.

197 1625 220 1656 6
239 1622 361 1664 Larga]
392 1622 539 1664 Copiose
554 1630 617 1664 pro
636 1620 706 1654 foci
729 1621 862 1663 magui-

154 1673 286 1707 tudine.
309 1673 490 1714 Benignius
501 1672 660 1714 deprome]
673 1672 862 1705 Athenaeus

153 1724 216 1757 lib.
233 1733 269 1757 x.
295 1733 364 1766 quo
388 1724 464 1756 loeo
486 1723 599 1755 Alcoei
622 1732 753 1758 versus,
777 1731 862 1764 quos

152 1775 211 1807 bic
234 1774 389 1807 imitatus
409 1777 464 1805 est
492 1771 675 1813 Horatius,
690 1776 862 1808 recenset,

151 1824 218 1857 hoc
242 1823 335 1856 inter
357 1827 487 1855 caetera
513 1822 692 1863 eleganter
713 1821 861 1862 addidit,

153 1874 282 1905 nullam
297 1882 374 1904 esse
390 1873 472 1903 anni
491 1876 747 1913 tempestatem,
769 1872 861 1904 unde

156 1922 273 1955 Poeta
298 1922 356 1954 ille
381 1920 525 1953 bibendi
550 1920 766 1953 occasionem
791 1930 860 1954 non

155 1971 353 2013 sumpserit.
387 1970 583 2012 Bet-ignia]
599 1970 745 2011 Largius
760 1980 861 2012 quam

155 2021 292 2054 solebas
307 2030 425 2063 prome
441 2020 485 2052 de
498 2021 594 2052 diota
607 2019 733 2052 Sabina
745 2022 860 2053 viuum

155 2072 387 2115 quadrimum,
397 2071 432 2102 id
442 2075 512 2111 est,
522 2076 670 2112 quatuor
682 2080 860 2103 annorum.

195 2125 217 2154 7
234 2120 457 2162 Quadrimus]
474 2119 603 2152 Mediae
618 2120 732 2152 aetatis
744 2120 859 2152 vinum

152 2171 278 2215 poscit,
306 2170 448 2212 largiori
475 2170 633 2202 convivio
659 2170 786 2212 aptius,
816 2180 859 2203 ue

152 2222 225 2255 cito
240 2221 338 2254 nimis
360 2220 511 2254 ebrietas
526 2220 684 2262 obrepat.
727 2219 776 2252 At
791 2221 858 2252 Ve—

149 2280 268 2305 nerem
283 2270 451 2304 sacrificio
470 2271 680 2312 placaturus,
704 2270 784 2302 bimi
801 2280 859 2312 pa-

151 2326 260 2355 teram
276 2322 359 2355 meri
375 2322 537 2364 postulat,
561 2321 630 2354 od.
644 2325 697 2355 1⁷.
740 2321 859 2355 Sabina

153 2372 257 2414 diota]
276 2373 370 2406 Quia
397 2383 480 2405 vasa
506 2374 562 2405 illa
589 2373 668 2404 vino
690 2373 859 2405 servanda

155 2426 240 2464 apta
253 2423 288 2455 iu
301 2422 437 2455 Sabinis
449 2422 596 2455 fierent-2
619 2432 688 2455 non
703 2423 794 2466 quod
809 2424 858 2455 vi-

154 2481 237 2504 uum
244 2471 408 2504 Sabinum
416 2473 582 2504 Horatius
591 2473 748 2515 depromi
757 2474 839 2507 velit
847 2484 859 2514 ;

154 2521 192 2554 id
207 2521 300 2554 enim
315 2521 415 2553 vilius
428 2522 631 2556 habebatur.
673 2523 773 2556 Infra
788 2524 858 2556 Od.

154 2574 213 2604 20.
238 2571 383 2604 Torreat.

199 2624 221 2654 8
247 2621 277 2653 0
295 2620 493 2662 Thaliarche]
518 2622 698 2655 Turnebus
714 2624 859 2665 primam

155 2671 256 2713 hujus
271 2669 414 2703 nominis
431 2670 596 2712 syllabam
610 2673 757 2713 aspirari
772 2675 860 2710 vult.

156 2721 249 2763 quod
277 2719 371 2753 θαλίαι
397 2720 531 2753 Graecis
557 2723 660 2754 etiam
686 2724 862 2756 convivium

156 2770 351 2813 significet3
366 2779 444 2802 nam
461 2771 608 2804 convivii
623 2771 759 2804 domino
775 2782 862 2814 ιιι-α’,-

154 2827 262 2863 cepta
275 2820 460 2853 hilaritatis
481 2821 536 2853 hic
557 2831 751 2864 proponere
767 2823 860 2856 vide-

157 2877 228 2906 tur.
273 2872 350 2906 Nec
366 2871 438 2904 scio
458 2881 502 2904 an
527 2871 617 2906 idem
642 2874 862 2908 Thaliarchus

1501 313 1616 356 1355

909 413 968 450 sit,
988 413 1046 456 qui
1062 417 1098 446 et
1110 412 1395 456 Symposiarchus
1409 423 1418 444 ε
1442 423 1486 445 an
1502 417 1616 456 potius

909 463 969 506 qui
979 463 1178 497 celebritati
1193 463 1294 495 alicui
1307 463 1468 505 publicae,
1479 464 1512 495 in
1523 465 1617 498 Deo-

910 523 987 547 rum
1016 514 1182 547 honorem
1212 514 1395 554 institutae,
1424 513 1619 557 praefuerit,

910 565 1028 607 quales
1039 564 1241 607 septemviri
1253 564 1457 606 Epulouum.
1473 564 1618 597 Torreat.

909 616 1028 659 Dicta]
1058 617 1209 649 Veteres
1224 616 1314 649 enim
1331 616 1364 648 iu
1381 615 1494 655 testis,
1517 616 1618 655 vasis,

910 666 1026 707 doliis,
1041 666 1218 707 fictilibus,
1232 667 1310 698 vina
1324 665 1457 698 horreis
1469 665 1619 706 reposita

910 717 1109 759 servabant,
1124 726 1167 749 ex
1178 717 1302 759 quibus
1315 724 1355 748 ea
1367 714 1619 757 depromebant

910 767 1038 808 largius
1066 772 1128 799 aut
1156 767 1306 809 parcius,
1334 775 1397 807 pro
1426 774 1553 797 mensae
1581 770 1618 797 et

910 817 1132 850 convivarum
1163 817 1308 849 ratione.
1343 816 1440 856 Cruq.
1498 814 1618 855 Diota]

911 869 1019 902 Diota
1040 872 1096 901 est
1117 877 1178 900 vas
1193 867 1362 899 vinarium
1378 865 1462 897 duas
1484 864 1617 897 babens

910 929 1024 961 ansas,
1046 918 1275 962 quadraginta
1296 922 1335 949 et
1352 920 1433 949 octo
1447 914 1618 947 sextarios

909 970 1064 1011 capiens.

954 1023 976 1053 9
992 1021 1150 1053 Permitte
1161 1019 1275 1062 Dicis]
1291 1019 1476 1051 Committe
1490 1020 1618 1050 catera

911 1071 1067 1104 Deorum
1083 1081 1188 1112 curae,
1210 1074 1248 1102 et
1275 1068 1520 1111 procurationi.
1563 1067 1618 1099 Si-

911 1120 991 1162 mul]
1011 1120 1121 1153 Simul
1146 1130 1198 1160 ac,
1221 1118 1256 1151 id
1280 1123 1346 1158 est,
1372 1122 1493 1159 postea
1515 1126 1617 1158 quam

912 1176 1032 1203 ventos
1047 1171 1136 1203 inter
1146 1179 1184 1202 se
1196 1172 1436 1203 concertantes
1447 1175 1619 1209 compres-

912 1227 1041 1254 serunt.

958 1276 998 1305 1⁰
1021 1272 1172 1305 Str-avere
1185 1269 1308 1311 ventos]
1329 1270 1619 1312 Tranquillarunt,

911 1323 1126 1364 mitigarunt,
1134 1322 1348 1362 sopiveruut.
1364 1320 1516 1361 Fer-vido]
1529 1320 1620 1352 Mari

910 1373 1100 1412 concitato,
1114 1376 1153 1403 ut
1168 1371 1259 1402 solet
1274 1379 1362 1411 aqua
1377 1370 1411 1401 iu
1427 1370 1535 1401 aheno
1552 1368 1620 1401 fer-

911 1430 1005 1454 vens.

955 1473 996 1503 12
1011 1469 1190 1511 Agitantur
1200 1469 1287 1510 orni]
1311 1469 1392 1503 Non
1403 1479 1618 1503 commoven-

911 1525 979 1554 tur.

955 1573 996 1603 13
1021 1570 1108 1607 Quid
1130 1571 1174 1603 sit
1189 1569 1356 1611 futurum]
1390 1569 1475 1602 Vult
1489 1579 1567 1603 eum
1583 1570 1617 1602 in

911 1621 1000 1654 diem
1016 1622 1146 1654 vivere.
1162 1626 1198 1653 et
1215 1626 1309 1653 recte
1327 1620 1554 1652 Theocritus:
1578 1619 1620 1652 οἱ

910 1671 1019 1705 θνατοὶ
1043 1671 1241 1712 “Muto-Oa,
1264 1671 1303 1703 τὸ
1318 1671 1344 1703 δ’
1361 1671 1464 1713 αὔριον
1478 1671 1535 1704 οὐκ
1550 1671 1619 1704 ἐσυ-

909 1721 1019 1765 panes.
1041 1723 1186 1755 Torreat.

956 1776 997 1805 14
1014 1772 1195 1811 Quemsors
1208 1771 1345 1812 dier-wi]
1370 1771 1620 1813 Quemcunque

910 1822 1002 1854 diem
1018 1822 1081 1854 tibi
1097 1822 1194 1854 dabit
1208 1821 1292 1862 fors,
1315 1821 1351 1854 id
1377 1826 1444 1861 est,
1470 1820 1620 1862 fortuna,

910 1881 972 1904 seu
984 1872 1100 1914 potius
1110 1872 1181 1904 Dei
1191 1873 1360 1912 voluutas,
1369 1871 1455 1911 τύχη
1465 1870 1620 1911 δαίμονος.

909 1922 1030 1964 Lucro]
1057 1922 1096 1954 Iu
1113 1922 1208 1954 lucro
1223 1922 1367 1964 deputa.

957 1976 999 2005 16
1013 1971 1116 2013 Puer]
1140 1973 1225 2005 Cum
1243 1982 1326 2014 puer
1340 1982 1392 2014 es,
1407 1973 1620 2014 adolescens,

905 2022 1058 2064 juvenis.
1116 2023 1269 2064 cnon-eas]
1291 2023 1425 2056 chorea
1446 2024 1575 2057 dicitur
1599 2034 1620 2056 a

911 2073 1028 2113 choro,
1044 2072 1102 2105 ubi
1118 2073 1253 2113 junctis
1269 2073 1424 2105 manibus
1439 2075 1598 2107 saltatur.

967 2125 1008 2156 1⁷
1043 2123 1153 2156 Donec
1180 2122 1315 2163 virenti]
1351 2124 1524 2157 Quamdiu
1554 2125 1619 2157 tibi

904 2172 1041 2214 juveni,
1056 2177 1094 2205 et
1114 2172 1226 2206 adbuc
1249 2173 1392 2205 virentis
1418 2175 1533 2207 aetatis
1560 2185 1617 2207 ca-

909 2224 1012 2256 nities
1037 2223 1091 2265 (id
1116 2228 1184 2265 est,
1205 2222 1386 2266 senectus)
1414 2225 1514 2258 abest
1535 2235 1617 2268 que-

907 2274 997 2307 rula.

953 2327 994 2356 18
1013 2324 1151 2365 Cunqms
1158 2327 1189 2356 et
1202 2323 1304 2365 areoe]
1322 2324 1513 2366 Postquam
1525 2335 1616 2358 cam-

910 2383 990 2415 pum
1006 2374 1172 2407 Martium
1188 2373 1349 2416 dixisset,
1372 2380 1464 2407 recte
1480 2375 1618 2407 addidit

907 2434 1020 2462 areum
1036 2425 1115 2457 loca
1124 2433 1247 2466 nempe
1262 2434 1381 2463 vacua,
1393 2435 1481 2466 pura
1492 2431 1529 2458 et
1542 2426 1616 2457 sine

908 2474 1075 2516 aedificiis,
1088 2476 1237 2507 maxime
1249 2485 1311 2507 usu
1328 2476 1478 2517 publica,
1493 2485 1617 2507 conve-

909 2524 1026 2556 niendi
1037 2534 1140 2556 causa
1151 2529 1255 2566 atque
1265 2524 1512 2557 inambulandi.
1534 2524 1614 2556 Non

909 2573 998 2605 male
1011 2574 1126 2614 Valla,
1138 2573 1150 2590 ‘
1159 2574 1325 2614 Campum
1337 2573 1346 2587 '
1362 2573 1429 2604 dici
1445 2573 1494 2604 ait
1511 2573 1616 2614 plani·

908 2623 996 2655 ciem
1023 2627 1127 2655 terrae
1154 2623 1322 2663 amplam:
1346 2631 1422 2663 qnae
1449 2622 1478 2653 si
1507 2621 1615 2656 fuerit

908 2673 1098 2714 angustior,
1118 2671 1237 2704 ‘area'
1264 2672 1471 2713 appellatur.
1525 2673 1615 2706 Vide

910 2724 1046 2755 Viti-nv.
1078 2731 1104 2754 ι.
1134 2725 1167 2754 7.
1199 2722 1345 2754 Tor-rent.
1407 2723 1555 2765 Campus,
1583 2728 1616 2756 et

908 2772 1009 2813 aree]
1036 2772 1185 2814 Carupus
1210 2771 1371 2810 Martius,
1393 2777 1429 2805 et
1453 2782 1555 2817 areae,
1577 2774 1614 2806 id

911 2828 978 2861 est,
993 2823 1080 2862 loca,
1093 2822 1129 2854 in
1145 2822 1266 2865 quibus
1282 2823 1379 2856 Rom.
1395 2823 1562 2864 juventus
1578 2833 1615 2858 se

913 2872 1111 2907 exercebat.
