1916 3262
614 258 676 289 nn
709 258 842 292 ARTE
876 257 1099 290 PouricA.
1468 252 1575 294 1271

130 355 336 410 Undique
357 353 529 397 collatis
545 354 767 403 membris,
790 358 840 394 ut
860 354 1044 407 turpiter
1064 358 1202 395 atrum

130 421 321 463 Desinat
339 422 382 462 in
403 421 568 474 piscem
590 419 744 468 mulier
761 419 955 460 formosa
975 433 1178 474 superne,

129 486 384 540 Spectatum
405 486 588 529 admissi
607 486 743 526 risum
765 486 962 536 teneatis,
984 486 1152 528 amici?
1552 487 1581 526 5

128 552 321 604 Credite,
343 553 540 603 Pisones,
561 553 637 594 isti
658 553 822 594 tabulae
842 552 934 593 fore
959 553 1122 594 librum

129 619 420 671 Persimilem,
441 621 582 674 cujus,
603 620 722 661 velut
745 620 849 673 aegri
871 621 1058 670 somnia,
1079 633 1205 662 vanae

129 685 364 740 Fiugentur
381 687 555 741 species
573 700 584 738 3
616 691 666 727 ut
685 699 769 728 nec
791 699 886 740 pes,
908 700 988 728 nec
1009 692 1147 740 caput
1166 687 1244 728 uni

128 752 358 795 Reddatur
375 754 542 795 formae.
601 753 637 803 ῚῘ
657 754 912 795 Pictoribus
934 759 1066 808 atque
1089 754 1234 808 poetis

128 818 358 870 Quidlibet
377 820 568 862 audendi
589 834 760 875 semper
780 821 864 863 fuit
885 834 1011 875 aequa
1031 825 1250 875 potestas.
1522 822 1577 863 10

127 885 163 935 51
177 886 369 942 Scimus,
390 893 436 928 et
455 888 567 929 hanc
587 889 763 929 veniam
785 889 1066 942 petimusque
1087 888 1331 942 damusque
1352 887 1574 929 vicissim:

127 952 213 995 Sed
235 966 322 994 non
343 957 390 995 ut
409 943 600 1008 placidis
622 954 781 996 coeant
799 955 1010 1005 immitia;
1041 968 1128 996 non
1149 959 1196 996 ut

127 1019 364 1074 Serpentes
385 1021 544 1062 avibus
564 1022 843 1074 geminentur,
863 1022 1048 1075 tigribus
1070 1023 1185 1075 agni.

127 1153 191 1185 bris
204 1154 277 1187 hinc
298 1159 331 1188 et
352 1156 426 1189 inde
446 1158 594 1198 collectis,
611 1158 686 1189 adeo
700 1161 735 1188 ut
749 1157 860 1189 mulier
873 1159 960 1189 viiltu
982 1159 1111 1198 pulchra
1132 1157 1307 1198 difformem
1330 1158 1426 1198 piscis
1446 1157 1577 1189 caudam

125 1196 247 1235 hbeat,
268 1207 310 1229 an
323 1200 487 1231 cachinnos
498 1200 638 1232 cohibere
652 1200 787 1241 possitis,
802 1211 819 1230 o
833 1200 938 1238 amici,
953 1202 992 1231 ad
1006 1201 1205 1239 spectandum
1225 1198 1423 1231 introducti?
1444 1210 1461 1230 o
1485 1199 1576 1230 Piso-

124 1247 193 1278 nes,
203 1241 320 1271 credite
329 1242 460 1272 similem
470 1243 541 1273 kuic
551 1243 667 1274 tabella
675 1242 750 1279 sore
763 1242 888 1280 librum,
897 1243 992 1280 curius,
1006 1243 1086 1274 sicut
1099 1243 1284 1281 «egrotantis
1295 1242 1459 1282 insomnia,
1469 1242 1577 1272 inanes

116 1279 233 1316 sormoe
243 1282 461 1324 conflabuntur
471 1295 485 1321 ;
498 1285 545 1316 ita
558 1288 595 1315 ut
609 1284 750 1325 necfim‘s
764 1294 819 1314 nec
830 1284 1018 1323 principium
1030 1286 1070 1315 ad
1085 1294 1180 1315 unum
1191 1285 1265 1324 quid
1279 1284 1447 1323 referatur.
1477 1282 1578 1322 Atqui

121 1322 293 1360 pictoribus
303 1328 336 1356 ct
348 1325 448 1365 po'e'eis
462 1327 667 1365 quodcumque
681 1326 773 1355 libuit
786 1334 903 1364 semper
917 1325 1012 1355 etiam
1028 1326 1130 1356 licuit.
1175 1326 1293 1356 Fateor
1300 1336 1314 1362 ;
1329 1329 1421 1364 atque
1435 1325 1515 1356 hane
1525 1324 1575 1354 in—

123 1365 460 1406 dulgentiampeeimua
473 1376 557 1407 aeque
572 1370 603 1398 et
617 1367 793 1406 largimur:
816 1375 923 1397 verum
943 1377 1002 1397 non
1023 1368 1098 1398 adeo
1117 1370 1152 1398 ut
1171 1377 1282 1407 aspera
1302 1367 1442 1403 vitilibus,
1458 1376 1577 1406 ungues

748 1471 863 1484 000‘00
870 1471 967 1486 '0000

123 1544 256 1578 anart.
271 1549 308 1578 et
325 1547 411 1579 Exc.
427 1547 508 1580 Sax.
530 1547 673 1579 inducere
693 1556 820 1588 pennas.
866 1547 981 1578 Benti.
999 1547 1031 1578 in
1049 1547 1143 1580 Nota
1159 1546 1250 1588 conj.
1272 1546 1417 1577 inducere
1429 1546 1577 1584 formas,-

124 1591 161 1619 et
174 1587 223 1619 ita
237 1589 348 1620 citant
360 1589 520 1628 Smetius‚
535 1590 697 1627 Biscioia,
713 1594 749 1621 et
765 1589 948 1631 Monbrnn,
965 1595 1055 1621 teste
1073 1589 1280 1627 Cuning.—3
1310 1589 1452 1628 Undique
1467 1588 1574 1619 collec-

122 1629 168 1661 tis
181 1630 282 1662 codd.
297 1630 364 1662 duo
381 1642 436 1671 ap.
451 1633 588 1663 Valart.
611 1636 668 1663 aut
690 1633 825 1672 turpiter
847 1632 982 1673 quidam
998 1631 1098 1663 codd.
1114 1642 1170 1672 ap.
1188 1631 1333 1663 eundem
1347 1641 1357 1670 ς
1381 1635 1417 1661 et
1432 1631 1497 1661 hoc
1514 1630 1572 1661 ad-

125 1671 215 1703 misit
236 1673 270 1704 in
297 1678 430 1705 textum
453 1674 578 1706 Sanad.
598 1684 639 1705 ex
666 1675 815 1712 ingenio.
862 1674 994 1705 Haller.
1016 1676 1195 1705 atram—4
1219 1673 1414 1704 Gronovius
1431 1672 1533 1703 Obss.
1550 1681 1574 1704 1.

125 1715 178 1745 18.
193 1715 280 1755 eonj-
299 1716 498 1756 pistrina—5
522 1715 747 1747 Marklandus
773 1716 871 1755 legit,
894 1716 1050 1751 teneatisz
1070 1715 1191 1751 Amice,
1204 1717 1256 1754 ἅμ’.
1275 1720 1311 1745 nt
1325 1714 1431 1746 Amici
1448 1712 1572 1744 refera-

125 1760 183 1787 tur
197 1756 239 1788 ad
256 1757 412 1794 Pimes,·
433 1758 482 1789 ita
496 1759 599 1788 etiam
617 1756 753 1789 Wakef.
771 1758 992 1798 Regelsberg.
1009 1762 1046 1787 et
1066 1756 1333 1788 Haberfeid.—7
1350 1755 1468 1787 Codex
1485 1754 1572 1787 Acii.

125 1797 225 1829 Statii
245 1798 353 1840 egris,
377 1799 466 1839 quod
492 1798 616 1830 refutat
639 1799 900 1830 Lambinus.—8
925 1799 1107 1838 Finguntur
1122 1799 1218 1830 Gott.
1240 1798 1337 1828 Harl.
1355 1800 1385 1829 1.
1401 1800 1433 1828 2.
1450 1800 1479 1828 3.
1494 1800 1527 1828 4.
1543 1800 1573 1829 7.

125 1838 356 1872 Schoenboru.
373 1843 403 1871 1.
421 1846 553 1880 septem
562 1842 662 1880 Tene,
679 1841 734 1871 alii
751 1850 805 1880 ap.
820 1841 953 1871 Valart.
971 1841 1050 1871 item
1069 1840 1147 1871 edd.
1160 1840 1234 1870 fere
1249 1849 1365 1870 omnes
1381 1839 1497 1870 saeculi
1514 1847 1574 1870 xv.

125 1880 207 1912 inde
222 1891 241 1912 n
256 1881 429 1922 Principe,
446 1883 584 1914 Veneti.
602 1885 695 1914 1509.
712 1885 805 1914 1514.
836 1883 991 1914 Britann.
1005 1885 1101 1914 1520.
1138 1883 1327 1921 Funguntur
1343 1882 1423 1912 Vat.
1436 1884 1467 1912 9.
1503 1882 1574 1912 An-

126 1923 226 1963 gelic.
237 1926 268 1955 8.
284 1924 441 1957 ValliceI.
455 1928 481 1956 1.
498 1924 640 1956 Medici.
653 1927 746 1956 1476.
763 1930 799 1956 et
813 1925 936 1956 Venet.
950 1927 1045 1956 1492.
1070 1925 1243 1963 signentur
1256 1924 1433 1955 Barberin.
1450 1926 1482 1955 2.
1496 1933 1516 1954 a
1531 1933 1574 1954 m.

126 1974 196 1996 sec.
235 1965 433 2006 Pinguentur
448 1967 553 1998 codex
570 1966 758 1998 d’Orveiile
774 1966 1014 2007 Goe‘tting.—9
1037 1967 1223 1998 Redduntur
1243 1966 1475 1997 Sciioenborn.
1494 1967 1525 1996 1.
1541 1968 1573 1996 4.

126 2006 318 2039 Heimstad.
340 2009 420 2041 Vnt.
433 2012 464 2040 9.
493 2009 681 2041 Cliisian.5.
713 2009 868 2049 Angeiic.
881 2011 911 2039 3.
941 2018 960 2039 a
976 2019 1019 2039 m.
1037 2018 1090 2048 pr.
1103 2014 1136 2039 et
1148 2009 1263 2039 Zarot.
1297 2008 1484 2039 Redduneur
1494 2008 1572 2039 Vat.

126 2049 282 2081 Romdl.
298 2050 479 2083 Reddentur
490 2050 681 2092 Angelic.3.
693 2061 712 2082 a
723 2061 766 2082 m.
778 2061 829 2092 pr.
853 2052 1016 2082 Reddatur
1025 2051 1110 2092 sing.
1122 2060 1212 2082 num.
1228 2050 1315 2091 stylo
1330 2049 1414 2082 Hor.
1430 2050 1464 2081 iu
1481 2056 1574 2081 cete-

782 2157 813 2189 N
820 2156 922 2189 OTAE

165 2234 185 2263 3
213 2231 499 2273 Undiquecollotis]
517 2233 736 2265 Diversorum
750 2234 821 2265 ani·
875 2233 981 2264 tiosus
1005 2231 1133 2272 extitit,
1156 2232 1297 2273 aliisque
1322 2231 1518 2263 muneribus
1540 2231 1574 2263 iu

124 2283 260 2315 mulium
277 2284 433 2315 membris
456 2293 581 2325 corpus
609 2294 709 2316 unum
726 2294 819 2316 mon·
875 2283 961 2323 Rep.
990 2283 1128 2323 egregie
1153 2281 1355 2323 perfunctus
1381 2287 1456 2313 est:
1482 2288 1576 2314 cete-

125 2336 269 2363 strosuui
282 2332 516 2366 conflantibus.
875 2341 946 2363 rum
961 2333 1134 2363 literarum
1147 2341 1186 2363 ac
1197 2331 1412 2363 literatorum
1423 2332 1574 2372 impense

131 2399 135 2406 ι
167 2384 189 2413 6
213 2382 356 2422 Pisones]
393 2383 524 2415 Horum
549 2383 677 2416 familia
703 2385 819 2416 Romae
875 2391 1003 2414 amaus·

126 2429 252 2462 dudum
279 2431 399 2462 nobilis
435 2442 476 2463 ac
508 2442 699 2465 numerosa.
744 2435 821 2466 Cal·
915 2435 935 2464 7
958 2433 1055 2472 AEgrvi
1081 2432 1216 2472 somnia]
1254 2432 1435 2473 Corruptis
1455 2432 1574 2463 morbo

125 2479 236 2520 purnii
266 2481 377 2511 vocati
405 2486 482 2512 sunt
513 2491 543 2512 a·
560 2483 667 2522 Calpo
698 2483 820 2515 Nnmae
875 2484 1152 2524 perturbatisque
1179 2482 1388 2521 humoribus,
1417 2481 1574 2513 cerebro-

125 2529 214 2565 fiiiot
246 2529 335 2561 uude
366 2534 504 2570 postea:
527 2535 536 2548 ⁶
548 2532 617 2563 Vos
641 2542 661 2563 ο
680 2533 820 2573 Pompi·
876 2542 941 2574 que
958 2533 1045 2564 male
1062 2531 1199 2570 affecto,
1215 2536 1415 2572 portentosa
1430 2531 1574 2571 gignun-

126 2581 190 2611 lius
227 2578 385 2620 sanguis:
430 2579 538 2610 Porro
564 2581 684 2612 scribit
711 2581 820 2613 Hora·
875 2587 932 2614 tur
945 2582 1121 2613 insomnia.

126 2629 194 2660 tius
220 2629 261 2659 ad
285 2633 418 2669 patrem
440 2633 476 2659 et
496 2627 539 2658 ad
561 2628 648 2659 filios
672 2630 824 2671 Pisones,
919 2634 959 2663 12
984 2631 1045 2662 Sed
1059 2639 1119 2661 non
1140 2633 1176 2660 ut
1197 2629 1344 2670 placidis]
1368 2628 1444 2660 Nec
1464 2628 1575 2669 pictor

124 2679 315 2720 praesertim
337 2687 418 2710 vero
441 2679 482 2709 ad
505 2678 585 2716 hos3
608 2688 747 2720 quorum
765 2690 825 2720 pa·
875 2691 939 2713 nee
955 2681 1060 2723 poeta
1084 2680 1187 2711 debet
1209 2678 1336 2719 fingere
1355 2689 1501 2722 unquam
1515 2689 1574 2710 na-

124 2734 179 2760 ter
206 2729 244 2760 L.
270 2728 351 2759 Piso
375 2728 502 2759 Consul
528 2737 604 2759 cum
629 2728 743 2759 Druso
767 2730 823 2760 Li·
843 2744 846 2747 >
877 2736 962 2763 turae
978 2730 1212 2772 repugnantia.

123 2778 212 2811 bone
229 2788 317 2810 anno
337 2778 381 2809 U.
396 2779 435 2811 C.
458 2780 532 2810 738.
575 2777 731 2819 Augusto
746 2789 821 2820 gra·
