1930 3204
391 257 500 299 1506

391 358 454 389 dus
468 362 529 389 est.
555 358 694 389 Torreut.
739 358 853 398 Hydra
878 362 957 389 secto
971 367 1071 398 corpo-

391 405 440 444 re]
462 405 581 446 Hydra
592 415 728 446 serpens
745 411 930 438 monstrosa
943 408 975 437 in
989 407 1071 438 Ler-

390 463 435 484 na
458 454 672 490 delitescens,
689 455 782 494 cujus
806 464 872 486 uno
898 455 1008 495 capite
1031 455 1072 484 ab

389 503 540 534 Hercule
563 503 722 537 abscisso,
747 507 874 542 septem
898 503 1008 533 subito
1023 512 1073 532 re-

390 552 630 583 nascebantur.
673 551 823 590 Firmior]
843 551 1075 591 Subintellige,

391 600 401 617 ‘
415 609 514 640 qnam
530 598 593 630 fuit
607 600 681 630 haec
697 609 776 639 gens
793 600 826 631 in
843 599 924 631 nos.'

431 650 473 678 62
500 648 664 678 Dolentem
689 648 798 689 crevit]
833 649 899 681 Qui
927 649 1074 686 dolebat,

393 705 429 726 se
444 695 486 726 ab
497 696 606 736 aliquo
620 696 718 728 vinci.
763 697 885 736 Crevit]
907 697 1073 737 Multipli-

391 750 468 777 cata
481 750 546 777 est.

431 797 472 825 63
496 796 671 826 Monstrum
684 795 876 835 summisere]
898 796 974 827 Non
1003 800 1075 826 tau-

391 852 446 873 ros
461 843 571 883 ignem
599 848 780 879 vomentes,
796 853 858 875 nec
880 844 1075 884 pervigilem

392 891 570 922 draconem
599 902 674 923 cnm
706 892 864 923 Lambino
900 892 1074 930 intelligo:

392 940 452 970 sed
464 941 647 979 terrigenas
660 941 746 981 illos,
759 941 813 980 qui
829 941 911 971 satis
924 939 1076 971 draconis

391 988 560 1026 dentibus,
585 993 651 1019 tam
678 989 811 1020 Colchis
832 998 929 1029 qnam
943 988 1077 1025 Thebis,

391 1040 524 1066 serente
550 1036 618 1067 illic
632 1037 769 1076 Jasone,
783 1037 836 1067 hic
853 1037 991 1072 Cadmo,
1008 1037 1077 1066 exi-

390 1085 482 1115 liere.
511 1085 635 1115 Pulcre
651 1094 729 1115 vero
751 1085 888 1115 verbum
910 1084 1078 1115 ‘summit-

395 1132 494 1164 tere’
517 1141 584 1163 rem
608 1134 713 1173 ipsam
736 1133 839 1164 veluti
862 1136 940 1163 ante
963 1134 1077 1164 oculos

390 1182 505 1221 ponit:
523 1181 570 1212 sic
583 1182 669 1212 enim
682 1182 818 1212 Lucret.
828 1182 837 1198 ‘
848 1181 923 1212 Tibi
934 1181 1078 1212 Daedala

391 1231 491 1262 tellus
505 1230 690 1261 Summittit
699 1228 826 1260 flores!
869 1229 955 1260 Item
973 1234 1078 1260 ‘sum-

391 1280 528 1311 mittere
552 1278 659 1317 vites,’
678 1281 687 1296 ‘
701 1278 861 1318 arbores,’
887 1279 896 1294 ‘
910 1277 1081 1318 pecudes:

394 1327 549 1358 inlocum
565 1327 829 1357 demortuarum.
853 1327 941 1357 Torr.
986 1327 1078 1357 Mon-

392 1379 526 1407 strumve
552 1375 741 1414 summisere]
766 1376 839 1405 Nec
865 1375 979 1406 Colchi
1008 1375 1078 1406 edi-

393 1423 517 1454 derunt
545 1423 650 1462 majus
682 1427 877 1460 monstrum,
907 1428 965 1453 ant
998 1424 1076 1454 urbs

393 1471 564 1510 Thebana,
589 1480 687 1511 quam
716 1476 793 1501 snut
830 1471 893 1510 ipsi
925 1471 1078 1502 Romani.

394 1519 481 1550 Haec
496 1524 548 1551 est
572 1520 666 1559 hujus
692 1520 755 1550 loci
779 1519 956 1550 sententia.
1001 1520 1078 1551 Non

394 1571 525 1598 tantum
557 1569 621 1598 duo
653 1567 814 1598 dracones
843 1577 885 1598 ex
921 1567 1078 1598 dentibus

393 1615 619 1647 disseminatis
656 1615 876 1654 pullularunt,
918 1620 1079 1655 qnantum

395 1672 476 1703 gens
492 1664 638 1703 Trojana
653 1673 694 1693 ex
711 1663 776 1693 suis
791 1663 927 1700 damnis,
945 1668 979 1694 et
996 1673 1080 1703 prae-

393 1711 447 1741 liis
472 1711 633 1742 adversis.
678 1710 858 1750 [Nonnulli
885 1720 939 1750 ap.
960 1710 1080 1746 Jaeck,

395 1759 656 1799 Monstrumqua]

436 1812 477 1840 64
502 1808 697 1839 Εσὴὶωιίωυε
714 1807 837 1847 Thebae]
860 1807 983 1839 Thebae
1005 1817 1082 1839 con-

396 1857 476 1889 ditae
494 1858 535 1888 ab
552 1858 699 1888 Echione
714 1857 829 1888 Cadmi
844 1866 978 1898 genere.

437 1911 477 1940 65
490 1908 608 1940 Mer-ses
617 1907 784 1947 profundo]
799 1907 926 1938 Noster
937 1916 962 1938 1·
975 1907 1082 1947 Epist.

397 1960 427 1989 1.
450 1957 603 1987 ‘Mersor
619 1956 774 1987 civilibus
790 1955 910 1986 undis.’
954 1956 1082 1987 Notan-

394 2005 541 2045 dumque
561 2005 646 2034 hanc
672 2005 725 2034 vel
750 2005 891 2035 similem
916 2004 1004 2044 apud
1027 2005 1081 2035 Li-

395 2053 483 2082 vium
517 2051 636 2082 referri
669 2051 843 2083 Annibalis
872 2053 1080 2086 sententiam,

395 2109 460 2130 non
492 2099 534 2130 de
558 2100 597 2130 C.
630 2099 772 2130 Claudio
801 2100 948 2136 Nerone,
978 2108 1076 2138 quem

395 2148 548 2179 celebrat
576 2147 630 2178 hic
664 2147 837 2187 Horatius,
874 2147 932 2177 sed
963 2147 1005 2176 de
1031 2148 1080 2178 M.

397 2195 537 2227 Claudio
567 2195 742 2233 Marcello,
769 2204 843 2226 cum
874 2194 959 2224 vidit
989 2194 1079 2224 illum

396 2245 516 2276 iterum
532 2249 718 2276 tentantem
742 2244 909 2276 fortunam
927 2245 1016 2283 belli,
1031 2254 1081 2275 se-

398 2303 461 2334 que
478 2298 693 2333 prementem.
712 2293 850 2323 Tor-rent.
884 2293 1003 2323 Merses
1011 2302 1081 2332 pro-

387 2342 504 2381 fundo]
539 2342 698 2374 Quamvis
730 2342 762 2371 in
790 2341 872 2372 mari
899 2342 1081 2372 Romanum

398 2401 543 2423 merses:
579 2401 598 2422 a
638 2391 739 2421 verbo
777 2391 937 2422 inusitato
974 2396 1082 2422 ‘mer-

398 2450 447 2478 so,
475 2438 533 2470 as!
579 2439 756 2479 Pulchrior]
780 2439 912 2470 Fortior
934 2440 1083 2480 emergit.

395 2489 519 2528 [Codd.
534 2498 588 2528 ap.
601 2488 723 2526 Jaeck‚
740 2489 898 2528 pulchrior
913 2489 1026 2529 exiet]

439 2541 481 2569 66
503 2538 646 2577 Luctere,
658 2539 755 2568 multu
775 2541 900 2577 proruet
913 2538 1082 2578 integrum]

397 2587 432 2618 Si
449 2588 587 2625 metere,
613 2591 648 2616 et
669 2595 808 2626 pugnes,
837 2587 907 2626 ipse
938 2590 1082 2625 proster-

399 2641 470 2673 net,
494 2640 530 2666 et
555 2635 685 2666 evincet
707 2641 740 2666 te
764 2637 889 2666 hostem
904 2635 1082 2675 integrum,

399 2682 433 2712 id
451 2687 514 2722 est,
528 2684 655 2714 bostem
667 2683 874 2722 incolumem,
886 2684 939 2714 cni
955 2684 1083 2714 exerci-

400 2733 452 2761 tus
477 2739 540 2761 uon
563 2733 607 2762 sit
636 2732 838 2764 imminutus.
882 2732 1004 2773 [Codd.
1029 2742 1082 2773 ap.

844 268 981 298 NOTAE
1014 266 1272 297 VARIORUM
1306 266 1356 295 ΙΝ

1121 356 1242 392 Jaeck,
1284 357 1423 391 Luctare,
1465 357 1612 396 Ductore,

1122 405 1267 445 Guelpb.
1285 406 1454 445 Lucteris]

1164 457 1203 484 67
1218 454 1382 493 Victorem]
1393 455 1458 487 Qui
1470 455 1566 494 paulo
1578 459 1656 486 ante
1665 456 1804 489 viceras.

1658 358 1800 392 Luctare.

1163 504 1204 532 68
1229 502 1415 540 Coniugibus
1439 502 1598 542 loquenda]
1634 503 1698 534 Vel
1727 513 1801 543 quas

1123 550 1267 581 victores
1283 552 1404 581 reversi
1417 551 1548 582 domum
1559 551 1717 582 uxoribus
1729 557 1803 583 nar·

1123 602 1208 629 rent.
1237 599 1292 630 Sic
1307 600 1394 630 enim
1410 599 1451 629 ad
1464 600 1617 640 Ulyssem
1630 609 1723 631 sunm
1738 601 1804 633 Pe·

1122 647 1261 687 nelope:
1300 652 1308 665 ¹
1326 649 1499 679 Narrantis
1532 649 1653 688 conjux
1679 649 1805 689 pendet

1124 695 1167 725 ab
1193 705 1250 726 ore
1280 696 1366 727 viri.’
1420 697 1608 735 Coniugibus
1646 697 1805 738 loquenda]

1125 743 1346 775 Praedicanda
1358 754 1377 775 a
1389 741 1594 785 conjugibus,
1605 745 1735 781 laetitia,
1747 745 1806 776 do-

1123 793 1206 832 lore,
1219 794 1271 824 vel
1286 793 1351 824 alio
1365 794 1519 825 muliebri
1536 792 1660 825 affectu
1676 803 1807 835 permo-

1125 841 1181 872 tis.

1167 891 1209 919 69
1232 890 1298 927 Ego
1309 889 1447 929 nuntios]
1469 891 1540 930 Ego
1551 889 1722 921 Hannibal
1733 890 1806 929 (oc-

1126 936 1194 967 ciso
1199 937 1270 976 jam
1286 937 1489 978 Asdrubale)
1505 939 1644 978 posthac
1658 939 1808 970 desinam

1127 985 1288 1025 superbos
1314 994 1460 1016 mearum
1485 986 1699 1018 victoriarum
1712 1008 1714 1010 v
1726 996 1808 1018 nun-

1128 1034 1192 1064 tios
1207 1034 1443 1073 Carthaginem
1456 1033 1602 1064 mittere.

1169 1085 1210 1113 70
1236 1083 1370 1123 Occidit,
1389 1082 1515 1122 occidit]
1535 1082 1619 1123 Spes
1642 1081 1746 1114 omnis
1761 1082 1809 1114 in-

1133 1131 1236 1162 tet-iit.

1169 1183 1210 1212 73
1235 1182 1307 1212 Non
1333 1180 1461 1222 efficient
1490 1181 1612 1221 manus]
1635 1181 1756 1212 Plures
1776 1184 1812 1211 et

1128 1230 1279 1260 meliores
1295 1230 1372 1260 libri
1387 1230 1511 1261 babent
1525 1229 1691 1271 perficient.
1724 1229 1812 1260 Snnt

1129 1283 1240 1310 autem
1257 1279 1391 1310 Horatii
1415 1279 1525 1317 verba,
1551 1289 1616 1310 non
1642 1279 1810 1310 Hanniba-

1129 1328 1190 1358 lis:
1212 1328 1299 1367 quod
1326 1333 1361 1359 et
1383 1329 1482 1368 prisci
1506 1329 1703 1368 interpretes
1718 1331 1810 1358 nota·

1129 1380 1218 1406 runt.
1265 1377 1402 1406 Claudioe
1424 1385 1504 1407 vero
1526 1385 1643 1415 manus,
1660 1376 1723 1406 boe.
1745 1379 1811 1413 est,

1130 1423 1284 1454 Nerones
1298 1423 1372 1463 ipsi,
1390 1424 1447 1463 qui
1469 1432 1531 1454 nec
1553 1423 1617 1454 sibi
1631 1423 1754 1462 desint,
1774 1428 1811 1453 et

1129 1471 1306 1511 propitium
1333 1471 1476 1502 habeant
1504 1471 1636 1503 Jovem.
1678 1471 1810 1502 Lambi-

1128 1528 1190 1549 nus
1211 1519 1282 1550 boec
1309 1529 1441 1560 quoque
1459 1520 1639 1551 Hannibali
1663 1520 1810 1551 tribuere

1129 1567 1273 1598 videtur.
1300 1568 1439 1599 Torrent.
1482 1569 1612 1609 Manus]
1628 1569 1728 1600 Vires
1742 1569 1810 1600 Ne-

1130 1626 1246 1647 ronum
1265 1616 1438 1656 perficient
1454 1618 1573 1650 omnia.

1171 1667 1211 1694 75
1238 1665 1330 1695 Curae
1344 1665 1486 1705 sagaces]
1507 1665 1682 1698 Industria
1698 1670 1735 1698 et
1749 1675 1808 1698 cu-

1130 1721 1166 1741 ra
1182 1721 1255 1742 cum
1271 1712 1410 1742 consilio
1425 1713 1616 1752 conjuncta.

1171 1763 1213 1790 76
1238 1761 1412 1799 Expediuut
1434 1760 1504 1800 per]
1535 1760 1744 1800 Expeditum
1762 1761 1811 1793 fa-

1130 1809 1225 1840 ciunt
1255 1818 1316 1848 per
1345 1808 1550 1840 subtilitates
1576 1809 1670 1848 belli,
1697 1819 1773 1850 qnae
1793 1819 1813 1840 a

1131 1858 1260 1890 Graecis
1305 1857 1549 1898 στρατηγήματα
1588 1858 1812 1889 nominantur.

1131 1906 1194 1937 Per
1219 1909 1311 1937 acuta
1335 1906 1419 1946 belli]
1445 1906 1485 1936 Id
1509 1910 1574 1942 est,
1596 1915 1656 1946 per
1671 1906 1814 1937 maxima

1130 1964 1270 1994 quaeque
1286 1954 1485 1985 discrimina.
1514 1954 1616 1985 Acuta
1629 1957 1741 1984 autem
1755 1953 1815 1983 bel·

1129 2002 1152 2032 li
1168 2002 1265 2040 dixit,
1283 2007 1318 2032 ut
1341 2003 1350 2019 ‘
1365 2002 1478 2033 subita
1500 2006 1536 2032 et
1561 2002 1693 2032 incerta
1709 1999 1812 2031 belli!

1129 2050 1260 2080 Bellum
1283 2054 1395 2080 antem
1411 2059 1520 2090 omne,
1541 2054 1680 2090 propter
1701 2048 1810 2078 varios

1129 2106 1240 2127 rerum
1264 2101 1416 2136 eventus,
1439 2107 1561 2136 anceps
1587 2095 1738 2136 inprimis
1759 2100 1810 2126 at-

1128 2154 1192 2184 que
1214 2144 1351 2175 arduum
1381 2149 1452 2175 est:
1486 2146 1615 2175 ineerta
1645 2144 1746 2183 enim,
1773 2148 1812 2175 ut

1127 2194 1231 2228 aiunt,
1247 2194 1369 2224 Martis
1391 2194 1473 2224 alea.
1516 2193 1581 2224 Sed
1603 2193 1675 2224 haec
1691 2193 1811 2229 omnia.

1129 2242 1249 2283 inquit,
1274 2242 1428 2273 Nerones
1452 2241 1552 2272 facile
1581 2241 1809 2282 superabunt:

1130 2299 1334 2331 quorumque
1349 2299 1430 2320 curoe
1443 2298 1577 2328 sagaces,
1587 2289 1649 2320 hoc
1658 2294 1723 2326 est,
1735 2299 1813 2329 pro-

1133 2339 1208 2370 vida
1224 2338 1324 2368 animi
1344 2338 1544 2375 sollicitudo,
1559 2336 1602 2367 ab
1617 2337 1704 2368 omni
1722 2338 1812 2377 ipsos

1131 2387 1321 2418 discrimine
1338 2386 1424 2417 tueri
1442 2385 1567 2426 poterit
1581 2389 1683 2426 atque
1697 2385 1813 2417 defen·

1130 2436 1223 2468 dere.
1278 2437 1362 2467 Nam
1393 2441 1486 2467 recte
1514 2435 1648 2466 Livius:
1682 2435 1812 2466 'Multa

1132 2497 1206 2527 quae
1232 2490 1348 2518 natura
1375 2486 1535 2526 impedita
1561 2489 1649 2522 sunt,
1674 2485 1811 2517 consilio

1131 2536 1306 2576 expediri!
1329 2536 1468 2566 Torrent-

1131 2586 1212 2617 One
1228 2594 1262 2616 v.
1283 2583 1501 2624 Προσευισι-υεή.
1527 2583 1584 2615 An
1599 2583 1809 2615 Aneuswnt.

1172 2635 1220 2665 Ut
1231 2634 1364 2665 tandem
1377 2634 1409 2663 in
1419 2633 1534 2664 urbem
1547 2633 1672 2664 redeat.
1694 2631 1807 2672 [Bam-

1172 2682 1266 2723 berg.
1296 2683 1483 2713 Proseutice.
1514 2681 1567 2714 Aa
1580 2682 1728 2713 Coesurem
1742 2677 1807 2708 Au-

1169 2736 1295 2771 gustum
1308 2732 1484 2773 absentem-J
