1916 3262
337 277 450 320 1308

800 287 842 323 Q.
875 281 1078 313 HoRA'rn
1112 282 1279 314 FLAGGI

337 379 628 428 Democritus,
648 379 760 418 bona
779 370 880 428 pa'rs
897 388 981 416 non
1002 385 1167 427 ungues
1185 387 1343 428 ponere
1364 378 1497 422 curat,

337 446 442 487 Non
461 446 661 495 barbam3
693 445 857 483 secreta
874 441 983 494 petit
1008 441 1129 490 loca3
1162 441 1314 481 balnea
1331 441 1454 480 vitat.

337 511 628 552 Nanciscetur
647 508 761 549 enim
780 507 966 560 pretium
985 517 1224 558 nomenque
1241 505 1402 558 po'ctae,

335 575 382 616 Si
402 577 537 617 tribus
556 573 778 625 Anticyris
799 576 932 625 caput
951 571 1192 612 insanabile
1211 583 1430 623 nunquam

1053 636 1092 677 Ο
1115 648 1194 688 ego
1212 636 1367 684 laevus,

333 641 518 682 Tonsori
539 639 694 680 Licino
714 637 994 678 commiserit.

1669 567 1782 612 300,

334 705 424 755 Qui
443 716 602 759 purgor
621 703 753 744 bilem
774 702 857 743 sub
877 703 995 744 verni
1016 701 1226 754 temporis
1246 700 1395 741 horam
1412 700 1422 740 !

333 769 437 812 Non
458 771 572 810 alius
592 769 756 809 faceret
775 768 951 810 meliora
970 767 1202 821 poemata3
1229 778 1375 806 verum

333 836 413 876 Nil
435 835 546 876 tanti
566 839 657 884 est;
687 844 787 885 ergo
807 833 962 885 fungar
979 834 1076 874 vice
1097 832 1220 881 cotis,
1241 836 1416 872 acutum

330 958 379 986 cet
392 955 430 986 ab
447 955 607 992 Helicone,
625 953 936 994 pleriquewnegligunt
950 963 1084 985 resecare
1097 961 1213 992 ungues
1224 955 1255 983 et
1277 951 1411 991 barbam,
1423 953 1564 993 secedunt
1578 951 1612 983 in
1626 952 1691 982 loca
1703 960 1752 982 re-

330 1000 425 1035 mota,
438 997 571 1035 fugiunt
586 996 702 1026 balnea.
746 995 873 1026 Etenim
887 998 1115 1035 consequentur,
1129 998 1164 1024 ut
1181 997 1304 1033 putant,
1323 994 1452 1033 proemia
1466 997 1497 1025 et
1511 994 1629 1024 laudem
1648 993 1750 1032 poeta·

330 1046 410 1076 rum,
425 1038 453 1068 ει·
467 1037 583 1068 tonsori
599 1037 706 1067 Licino
722 1038 905 1067 tondendum
924 1046 1078 1077 nunquam
1099 1035 1256 1076 proebeant
1270 1038 1359 1075 caput
1375 1035 1473 1066 tribus
1487 1034 1648 1074 Anti-cyris
1661 1033 1754 1063 mini-

328 1086 376 1108 me
390 1081 565 1110 cummium.
605 1078 706 1113 Quam
719 1086 775 1116 ego
789 1086 854 1108 sum
869 1087 977 1117 parum
990 1081 1110 1115 cnutus,
1125 1077 1178 1116 qui
1192 1077 1282 1107 bilem
1296 1085 1431 1116 expurgo
1443 1077 1566 1107 ineunte
1579 1084 1650 1105 vere
1659 1072 1674 1104 !
1707 1072 1755 1104 At

329 1127 416 1150 nemo
437 1121 578 1151 conderet
601 1119 727 1151 meliora
741 1120 896 1150 carmina.-
917 1121 969 1150 sed
993 1120 1048 1150 hoc
1071 1127 1131 1150 nam
1150 1118 1232 1149 tanti
1253 1121 1339 1158 puto.
1382 1118 1491 1158 Itaque
1510 1117 1635 1157 implebo
1649 1123 1756 1146 munus

930 1211 947 1223 0
951 1210 1043 1224 ‘0000
1046 1209 1119 1223 0000
1124 1210 1161 1222 ‘O

329 1275 362 1303 4.
389 1274 637 1306 melmin—299
658 1273 885 1306 Schoeuborn.
915 1277 945 1305 1.
973 1284 1082 1306 nomen
1106 1274 1414 1314 pretiumque.-soo
1436 1273 1598 1305 Anciveris
1624 1270 1759 1302 Hellen

328 1314 484 1345 Amiceris
496 1314 723 1346 Schoenborn.
739 1317 876 1346 1.—302
890 1315 954 1350 Qui
965 1325 1064 1355 purgo
1079 1321 1208 1354 septem
1224 1316 1322 1346 codd.
1343 1316 1432 1354 Feae,
1445 1315 1547 1355 aliqui
1564 1314 1648 1344 Mss.
1663 1312 1758 1342 Lam·

330 1355 411 1392 bini,
426 1356 492 1385 duo
508 1355 617 1385 Pulm.
631 1355 714 1386 edit.
730 1355 844 1386 Princ.
859 1356 955 1386 Med.
973 1359 1066 1387 1476.
1088 1356 1197 1386 Venn.
1215 1358 1308 1386 1478.
1327 1358 1420 1387 1479.
1443 1358 1537 1386 1481.
1551 1357 1645 1385 1483.
1662 1354 1754 1384 1486.

330 1398 425 1427 1490.
444 1398 536 1426 1492.
555 1398 648 1427 1495.
666 1399 759 1427 1514.
785 1397 899 1427 Lamb.
920 1397 1050 1437 Gryph.
1066 1398 1159 1426 1566.
1185 1395 1293 1426 Bond.
1323 1397 1487 1435 Desprez,
1507 1396 1670 1431 Bstteux,
1684 1394 1755 1424 Do-

329 1437 414 1476 rigb.
461 1437 524 1472 Qui
533 1446 648 1477 purgor
663 1437 802 1476 triginta
816 1437 915 1469 codd.
930 1447 984 1477 ap.
995 1438 1136 1468 eundem
1154 1437 1268 1475 Feam,
1281 1437 1430 1477 quinque
1457 1437 1566 1467 Pulm.
1583 1440 1652 1466 tres
1671 1435 1755 1465 Cru-

329 1479 411 1518 quii,
429 1478 555 1518 Acron,
578 1478 768 1517 Porphyrio
785 1479 818 1509 in
830 1478 913 1510 edit.
929 1481 1022 1511 1580.
1044 1479 1294 1510 Commentator-
1308 1478 1527 1518 eruquianus,
1541 1476 1647 1508 Aldus
1661 1477 1755 1506 1501.

330 1522 423 1550 1509.
447 1522 538 1550 1519.
561 1519 668 1551 Junta
691 1521 785 1550 1503.
807 1520 889 1551 edit.
914 1519 1023 1551 Venn.
1050 1522 1143 1550 1509.
1167 1522 1260 1550 1552.
1283 1521 1377 1551 1578.
1401 1519 1518 1550 Basill.
1541 1520 1635 1549 1527.
1660 1518 1756 1548 1531.

329 1560 423 1592 Giar.
435 1561 525 1592 Frib.
537 1563 631 1592 1536.
647 1561 746 1591 Dion.
758 1561 801 1591 ab
816 1561 938 1593 Harsio
951 1561 1058 1601 Lugd.
1068 1563 1163 1592 1638.
1175 1561 1301 1592 Luisin.
1317 1560 1362 1592 Η.
1377 1561 1494 1601 Stepb.
1511 1560 1640 1591 Muret.
1654 1558 1758 1597 Cruq.

330 1602 436 1632 chab.
455 1601 588 1631 Msreil.
612 1602 775 1640 Nunnius,
789 1603 837 1632 D.
852 1603 973 1634 Heius.
988 1603 1084 1634 Talb.
1107 1602 1190 1633 Dae.
1210 1602 1310 1634 Baxt.
1328 1602 1443 1632 Bentl.
1465 1609 1645 1641 anonymus
1662 1601 1755 1630 1713.

329 1642 414 1673 Cun.
429 1643 507 1672 San.
522 1642 628 1672 Merv.
641 1643 730 1673 Phil.
744 1643 848 1674 Gesu.
858 1644 1008 1684 Sandby,
1019 1644 1096 1674 Val.
1110 1643 1227 1674 Oberl.
1239 1642 1378 1682 Combe,
1390 1641 1519 1674 Wukef.
1529 1643 1636 1674 Wetz.
1648 1640 1756 1671 Zeun.

328 1683 475 1721 Schelle,
499 1682 602 1714 Kidd.
627 1683 766 1723 Bipont.
790 1684 870 1721 Fea,
895 1685 1014 1723 Bothe,
1035 1684 1158 1724 Jseek,
1181 1688 1217 1715 et
1247 1684 1398 1724 Doering.
1432 1684 1520 1715 verni
1536 1683 1591 1714 sub
1615 1681 1759 1721 temporis

329 1724 458 1754 Heller.
475 1724 619 1762 Cuning.
637 1728 672 1755 et
692 1725 815 1755 Sanad.
848 1725 925 1755 hora
938 1730 1015 1756 octo
1031 1725 1129 1756 codd.
1147 1725 1237 1763 Feae,
1252 1725 1366 1756 Zur-ot.
1383 1725 1521 1755 Venett.
1545 1726 1636 1755 1478.
1663 1723 1755 1753 1479.

330 1767 423 1796 1481.
439 1767 532 1796 1483.
556 1767 652 1796 1486.
674 1768 768 1796 1492.
786 1767 880 1796 1495.
900 1769 994 1796 1514.
1016 1771 1051 1796 et
1073 1766 1223 1797 Florent.
1244 1768 1338 1797 1482.
1370 1775 1455 1796 orum
1468 1766 1590 1796 venet.
1607 1765 1697 1796 1552.
1722 1763 1757 1793 in

329 1807 595 1847 margine—304
618 1807 714 1837 Vatt.
738 1808 767 1838 1.
784 1810 815 1839 5.
832 1809 864 1838 7.
886 1808 965 1839 Vat.
979 1807 1076 1838 Rom.
1093 1809 1124 1838 2.
1149 1817 1169 1838 a
1194 1817 1238 1839 m.
1265 1817 1315 1848 pr.
1337 1807 1417 1839 Vat.
1442 1807 1536 1838 Rom.
1552 1808 1583 1837 3.
1608 1810 1676 1837 tres
1702 1813 1757 1844 ap.

975 1912 1116 1945 NOTAE

328 1975 371 2006 de
388 1975 501 2006 Divin.
515 1975 525 1993 ‘
543 1974 658 2014 Negat
677 1974 749 2005 sine
765 1973 878 2007 furore
891 1976 1019 2007 Demo·

329 2023 433 2054 critus
462 2031 651 2063 quenquam
690 2021 824 2063 poetam
861 2032 1017 2063 magnum

1069 1974 1200 2016 species
1218 1979 1306 2006 erat.

1112 2024 1240 2056 Secreta
1264 2024 1342 2064 petie
1363 2023 1443 2063 loca]
1477 2022 1656 2054 Hominum
1679 2030 1757 2052 con·

329 2081 402 2103 esse
430 2070 553 2112 posse!
589 2072 633 2102 Et
658 2080 698 2102 u.
725 2070 768 2102 de
793 2071 893 2104 Orat.
917 2072 1018 2103 ‘Sine

327 2119 591 2152 inflammatione
602 2120 800 2160 animorum,
810 2125 846 2151 et
853 2120 925 2151 sine
937 2130 1018 2161 quo-

329 2169 404 2200 dam
427 2167 544 2200 afflatu
566 2168 660 2208 qussi
675 2166 820 2207 furoris;
843 2168 931 2209 quod
947 2172 983 2200 et
998 2178 1018 2199 s

329 2218 478 2249 Platone
493 2217 629 2258 scriptis
644 2217 798 2248 relictum
814 2216 954 2248 dicunt!

371 2265 535 2307 Helieone]
564 2265 598 2296 Is
622 2275 715 2296 mons
741 2266 884 2298 Boeotiae
909 2266 1018 2298 Musis

329 2325 437 2355 sacer,
452 2315 619 2346 Parnasso
635 2314 775 2346 vicinus.

370 2368 432 2396 297
455 2363 670 2403 Democritum]
688 2364 743 2395 De
759 2372 801 2395 eo
816 2363 1018 2405 Philo-opha

328 2423 354 2445 1.
369 2414 475 2454 Epist.
493 2416 544 2445 12.

373 2463 465 2494 Bona
483 2470 557 2502 pars
583 2471 642 2492 non
667 2470 783 2500 ungues
805 2470 928 2502 ponere,
946 2463 1014 2504 ξω]

329 2513 436 2546 Quasi
451 2521 531 2543 vero
546 2513 672 2543 cultum
688 2511 893 2543 exteriorem
911 2513 1017 2552 negli-

329 2561 452 2601 gendo,
466 2565 501 2592 et
516 2561 654 2592 insaniae
667 2561 816 2600 speciem
833 2570 902 2601 prae
918 2570 954 2592 se
968 2560 1016 2593 fe·

331 2612 448 2651 reudo,
464 2611 542 2642 boni
557 2610 668 2652 poetae
683 2609 828 2641 habendi
843 2610 920 2642 sint.

371 2663 434 2692 298
458 2661 532 2692 Non
557 2659 697 2700 barbam]
725 2659 920 2700 Philosophi
946 2659 1018 2702 qui-

330 2710 407 2740 dem
437 2709 571 2741 alebant
599 2709 757 2741 barbamz
792 2712 828 2740 et
856 2708 1017 2750 gravitati

331 2756 555 2789 tribuebatur.
598 2757 646 2790 At
671 2758 706 2790 in
725 2758 850 2790 ceteris
875 2758 1016 2791 insaniae

1070 2077 1223 2113 spectum
1239 2078 1274 2102 et
1287 2072 1562 2103 consuetudinem
1577 2070 1673 2110 fugit.

1111 2123 1175 2151 300
1199 2120 1310 2151 Tribus
1325 2118 1501 2160 Anticyris]
1525 2119 1576 2149 De
1592 2118 1756 2158 Anticyra

1069 2170 1176 2200 insula
1191 2177 1231 2200 ιι.
1246 2169 1318 2200 Sat.
1331 2171 1363 2200 3.
1374 2171 1427 2200 83.
1458 2168 1590 2199 Ibidem
1607 2167 1649 2199 de
1665 2168 1758 2199 Elle-

1071 2218 1154 2250 boro
1175 2219 1210 2249 in
1235 2227 1277 2249 ea
1298 2216 1494 2255 abundanti,
1508 2216 1595 2258 quod
1618 2216 1755 2248 insaniae

1070 2267 1268 2299 remedium.
1319 2265 1420 2299 Quod
1453 2269 1565 2296 autem
1598 2265 1756 2296 Horatius

1070 2320 1140 2347 tres
1157 2314 1338 2355 Anticyras
1353 2313 1449 2349 dicit,
1464 2323 1540 2345 cum
1560 2313 1642 2344 duas
1663 2313 1758 2345 Stra—

1069 2364 1114 2396 bo
1129 2367 1247 2404 ponat,
1261 2363 1394 2394 auxesis
1410 2367 1471 2394 est.
1704 2387 1707 2389 ,

1112 2416 1173 2444 801
1199 2411 1320 2452 Licino]
1350 2412 1385 2442 Is
1409 2410 1553 2452 Augusti
1581 2415 1697 2443 tonsor
1721 2416 1758 2443 et

1069 2462 1210 2496 libertus
1235 2461 1278 2492 ab
1294 2470 1335 2492 eo
1358 2460 1468 2492 factus
1488 2461 1643 2497 Senator,
1667 2461 1756 2502 quod

1069 2512 1267 2552 Pompeium
1283 2510 1422 2542 odisset.

1110 2563 1173 2592 302
1190 2560 1254 2595 Qui
1271 2568 1389 2599 purgor
1409 2557 1539 2599 [purgo]
1559 2557 1665 2599 bilem]
1687 2557 1758 2590 Per

1069 2620 1167 2651 quam
1183 2609 1349 2640 insaniens
1364 2608 1491 2648 optima
1509 2606 1665 2647 poEmsta
1677 2615 1755 2638 con-

1069 2659 1196 2690 derem.
1237 2656 1351 2688 Itonia
1377 2661 1441 2688 est.
1483 2655 1552 2688 Alii
1568 2663 1686 2696 purgor
1708 2654 1756 2685 le·

1070 2711 1154 2749 gunt
1169 2715 1359 2748 perperam.
1652 2724 1654 2726 -

1112 2758 1175 2788 304
1191 2755 1250 2787 Nil
1263 2753 1345 2786 tanti
1359 2752 1420 2793 est]
1444 2751 1544 2785 Absit
1557 2754 1596 2784 ut
1606 2748 1753 2785 ,insanire
