1930 3204
401 276 512 321 1634

401 379 497 416 sidia,
524 383 562 412 ut
585 381 754 420 eleganter
778 378 894 411 Celsus
918 379 966 411 ait
988 389 1015 412 1.
1031 382 1082 411 11.

402 429 596 470 Crudosque
610 430 762 460 humores
777 428 947 469 concoqui.
962 437 1028 460 non
1042 428 1086 460 ir·

401 478 496 510 ritari
519 478 643 509 debere
667 476 789 508 medici
810 482 955 509 monent.
998 477 1084 508 vide

400 527 509 567 Magii
533 527 609 557 Var.
633 527 728 557 Lect.
751 535 810 557 seu
832 526 977 558 Miscell.
992 535 1017 557 r.
1034 529 1085 559 11.

401 576 519 616 Lippis
544 583 624 606 vero
653 583 773 607 nocere
802 575 903 615 pilam
928 576 982 606 vel
1006 574 1085 606 inde

400 623 614 656 manifestum
630 629 694 664 est,
709 624 796 665 quod
810 633 850 655 eo
865 624 898 655 in
913 624 994 656 ludo
1007 633 1084 656 ocu-

398 673 440 703 lis
470 673 674 713 potissimum
705 673 921 704 laborandum
955 677 1019 713 est,
1047 677 1087 704 ut

400 723 528 762 vincas,
549 727 608 754 aut
627 721 772 763 peritum
788 726 821 753 te
837 723 978 753 lusorem
994 720 1087 753 exbi-

399 773 502 804 bens:
530 771 691 803 servanda
706 772 791 803 enim
807 776 987 811 momenta,
998 776 1033 802 et
1049 771 1085 802 in

401 829 514 851 omnes
527 824 639 860 partes
652 819 943 859 circumagendam
953 827 1085 859 corpus.

403 868 490 899 Tm.
533 868 641 908 Lippis
655 868 822 907 inimicum,
835 871 866 898 et
877 867 994 907 ludere]
1010 868 1085 907 Lip-

399 926 463 956 pus
478 922 553 948 erat
569 916 743 954 Horatius,
755 915 919 955 Virgilius
938 915 1085 947 κακοστό-

397 977 509 1004 naxos.
555 966 684 1006 crudis]
710 966 898 997 Vehemens
918 965 1084 997 exercita-

399 1015 447 1045 tio
463 1014 586 1045 cibaria
600 1015 688 1046 male
703 1013 967 1056 decoquentibus
983 1014 1085 1054 pluri·

398 1071 488 1094 mum
506 1066 618 1094 nocet.

439 1115 480 1143 50
503 1112 590 1143 Hinc
615 1112 685 1153 nos]
714 1111 744 1143 A
773 1111 887 1143 villula
914 1111 1084 1152 Capuam.

400 1162 521 1192 Cocceii
541 1161 668 1201 recipit]
689 1161 779 1192 Villa
800 1170 900 1202 quam
923 1160 1086 1191 Cocceius

397 1211 559 1242 condidit.
603 1211 790 1244 Plenissima
809 1210 898 1250 villa]
921 1210 1011 1241 Villa
1029 1219 1086 1240 co·

397 1259 594 1299 piosissima,
618 1269 693 1301 quae
716 1263 768 1291 est
796 1268 898 1299 supra
919 1267 1087 1299 cauponas

397 1306 529 1347 Claudi,
546 1307 661 1349 oppidi
677 1307 720 1339 ab
731 1307 843 1349 Appio
857 1306 998 1340 Claudio
1008 1315 1087 1339 con·

400 1356 479 1387 diti.

440 1408 479 1436 51
506 1405 619 1437 Claude
633 1405 797 1445 cauponas]
819 1405 875 1436 Sic
897 1403 1029 1445 quidem
1053 1403 1086 1434 in

396 1453 549 1484 omnibus
572 1454 654 1484 Mss.
673 1453 736 1484 nisi
753 1453 840 1494 qnod
856 1453 889 1483 in
904 1461 970 1482 uno
985 1458 1086 1492 atque

399 1503 505 1534 altero
519 1503 619 1534 Caudi
633 1506 821 1533 correctum
836 1500 984 1540 repperi,
999 1505 1037 1530 ut
1051 1500 1086 1530 in

401 1552 543 1591 vulgatis
569 1556 648 1583 ante
678 1550 794 1582 Lamb.
817 1549 988 1581 codicibus
1013 1547 1086 1578 fere

398 1601 532 1640 legitur.
582 1600 746 1630 Ceterum
773 1607 850 1629 cum
879 1597 1086 1628 animadver-

401 1653 510 1679 terem
535 1647 690 1688 antiquos
716 1655 848 1686 quoque
871 1646 1088 1684 interpretes,

403 1695 552 1736 quamvis
566 1703 633 1726 non
648 1694 698 1725 ita
711 1697 843 1725 certum
857 1693 902 1723 sit
919 1691 1031 1722 claudi
1045 1700 1087 1722 ne

400 1754 443 1776 an
465 1744 565 1775 Caudi
587 1743 740 1784 legerint,
753 1751 814 1783 pro
834 1740 957 1781 oppido
978 1746 1088 1771 tamen

401 1793 632 1833 interpretari,
647 1795 747 1833 atque
762 1791 846 1822 adeo
861 1790 894 1821 in
910 1789 1017 1820 veteri
1032 1798 1089 1820 co·

403 1841 480 1872 dice
495 1841 614 1874 Jacobi
631 1838 858 1872 Carondeletii
881 1838 1090 1878 adscriptum

405 1898 476 1921 esse
491 1900 500 1921 t
523 1891 532 1907 ‘
548 1890 612 1921 Vel
630 1889 752 1920 Caudi:
781 1887 942 1928 oppidum
956 1886 1026 1917 illic
1042 1886 1090 1917 sic

406 1938 546 1975 dictum,
555 1937 645 1969 unde
655 1937 752 1969 vallis
765 1936 926 1975 Caudina,
939 1939 974 1966 et
985 1934 1091 1966 furcae

407 1987 566 2018 Caudinae
581 1986 602 2025 ;'
624 1986 779 2018 dubitare
796 1985 897 2026 coepi,
923 1993 962 2015 ac
979 1992 1092 2014 recur-

405 2045 481 2066 rens
496 2036 538 2066 ad
560 2035 795 2075 mogi-aphes,
820 2033 983 2065 Caudium
1005 2032 1094 2063 inter

407 2084 555 2123 Capuam
575 2088 610 2114 et
630 2084 862 2113 Beneventum
885 2080 1033 2120 repperi,
1054 2085 1093 2111 ut

406 2141 448 2162 eo
459 2132 531 2171 ipso
547 2135 654 2162 tractu
670 2130 837 2161 Caudinos
850 2130 990 2169 populos
1002 2129 1092 2168 apud

406 2180 566 2211 Plinium.
610 2180 722 2212 Quare
736 2177 816 2208 nibil
832 2177 949 2208 dubito
966 2177 1044 2216 quin
1056 2182 1093 2208 et

406 2229 470 2259 hoc
486 2229 560 2259 loco
579 2228 678 2258 caudi
690 2227 866 2267 legendum
881 2226 936 2262 sit,
953 2231 988 2257 et
1003 2227 1092 2266 apud

407 2276 605 2307 Strabonem
627 2285 756 2316 quoque
776 2275 834 2306 lib.
856 2283 907 2306 vr.
930 2283 1093 2314 reponen-

410 2325 489 2355 dum
507 2325 516 2341 ‘
533 2323 695 2355 Caudium
707 2322 730 2361 ς’
749 2322 807 2353 ubi
828 2322 894 2353 iter
915 2322 1093 2353 Brundisio

408 2374 604 2412 Tarentum,
619 2373 697 2404 inde
712 2372 957 2410 Beneventum,
971 2375 1006 2401 et
1027 2372 1093 2402 Be-

407 2426 554 2453 nevento
576 2421 719 2452 Romnm
740 2420 915 2451 describit.
953 2419 1092 2451 Tor-rent.

410 2472 504 2503 Nunc
513 2471 592 2503 mihi
602 2470 722 2512 paucis]
745 2470 870 2502 Facete
894 2470 927 2501 in
954 2479 989 2501 re
1015 2469 1092 2500 ridi-

410 2521 488 2552 cula
503 2521 665 2552 Horatius
680 2520 814 2551 invocat
829 2519 954 2550 Musas.

451 2573 492 2601 52
515 2569 670 2601 Sarmenti
694 2567 822 2607 scmae]
860 2567 960 2599 Hunc
985 2567 1092 2608 ipsum

410 2619 603 2650 Sarmentum
613 2627 748 2650 scurram
759 2627 817 2648 sua
828 2617 906 2648 dum
920 2616 1001 2647 vixit
1013 2622 1094 2647 aeta-

410 2672 445 2698 te
466 2668 610 2699 nobilem
625 2671 873 2705 commemorat,
889 2670 925 2697 ut
939 2665 1093 2706 equidem

412 2716 578 2756 existimo,
592 2717 712 2749 Juven.
725 2715 795 2747 Sat.
810 2725 845 2747 v.
858 2716 867 2733 ‘
879 2715 914 2746 Si
926 2718 1023 2754 potes
1037 2714 1094 2744 illa

412 2762 495 2803 pati,
507 2772 579 2803 quae
594 2773 655 2795 nec
670 2764 863 2795 Sarmentus
878 2762 1007 2802 iniquas
1022 2761 1093 2792 Cae-

847 286 988 318 NOTAE
1019 286 1277 319 VAmoRUM
1311 287 1360 318 m

1132 380 1214 412 saris
1229 379 1270 412 ad
1283 388 1422 416 mensas,
1434 388 1497 412 nec
1513 379 1585 412 vilis
1597 379 1706 412 Galba
1719 382 1812 414 tulis-

1133 429 1210 461 set.'
1250 430 1295 461 Et
1310 429 1448 462 Quinct.
1462 437 1511 460 vr.
1529 432 1562 461 4.
1583 433 1592 447 ·
1604 429 1813 462 Sarmentum

1133 478 1282 518 Junium,
1310 478 1475 509 hominem
1510 478 1654 518 nigrum,
1682 483 1718 509 et
1746 486 1816 510 ma-

1134 535 1238 566 crum,
1260 531 1295 558 et
1320 527 1478 567 pandum,
1506 526 1644 558 fibulam
1670 525 1817 558 ferream

1133 574 1242 607 dixit.’
1254 575 1393 607 Tor-rent.
1414 575 1584 616 Sarmenti]
1592 574 1748 608 Jucuuda
1759 575 1816 606 ad-

1134 623 1267 655 modum
1296 624 1566 656 commemoratio
1594 625 1815 656 contentiosas

1134 672 1304 713 cujusdam
1319 679 1355 705 et
1371 673 1519 705 scurrilis
1534 673 1614 704 rixae
1635 674 1724 704 inter
1740 673 1820 705 Sar-

1133 726 1281 754 mentum
1309 727 1346 753 et
1374 723 1535 754 Messium
1563 723 1749 761 cicer-rum,
1775 722 1816 753 sd

1134 770 1373 803 sublevandum
1391 781 1465 803 cum
1484 772 1611 804 itineris
1631 772 1665 803 in
1681 772 1733 803 via
1756 775 1818 803 tae-

1134 817 1237 858 dium,
1252 825 1320 851 tum
1335 821 1490 853 lectionis
1501 821 1699 853 molestiam.
1723 822 1818 861 (ἔνιαι.

1134 867 1289 908 Messique
1304 869 1438 909 Cicer-ri]
1462 871 1514 902 De
1529 869 1652 901 Messio
1669 869 1819 908 Ciceno,

1135 921 1192 946 aut
1209 917 1349 955 Cicirro‚
1363 922 1404 948 ut
1424 927 1490 949 non
1512 927 1578 950 uno
1598 918 1631 949 iu
1647 918 1722 950 cod.
1737 918 1818 958 legi·

1135 967 1201 1002 tur,
1216 964 1273 1005 qui
1289 969 1325 996 et
1340 964 1413 1003 ipse
1426 974 1540 996 scurra
1556 970 1593 996 nt
1608 966 1727 1005 opinor
1739 966 1819 1005 fuit,

1134 1012 1215 1044 nihil
1229 1012 1387 1044 occurrit.
1429 1013 1543 1044 Messei
1564 1013 1702 1045 Tribun.
1723 1014 1768 1054 pl.
1783 1019 1819 1046 et

1134 1062 1190 1101 qui
1215 1062 1362 1103 Legatus
1387 1061 1491 1093 fuerit
1511 1061 1637 1093 mentio
1659 1061 1693 1093 in
1713 1061 1819 1104 Epist.

1135 1110 1178 1141 ad
1194 1109 1358 1143 Atticum.
1387 1111 1528 1142 Tor-rent.

1174 1163 1216 1191 53
1238 1160 1285 1190 Et
1299 1169 1357 1200 quo
1369 1162 1459 1200 patre
1472 1162 1565 1191 natus
1578 1158 1720 1200 uterque]
1743 1159 1819 1192 Quo

1136 1217 1259 1249 genere
1274 1213 1385 1240 natus.

1177 1259 1219 1288 54
1235 1257 1408 1289 Οοπιιιιεήι
1421 1256 1507 1297 lites]
1524 1256 1714 1297 Litigat-int.
1736 1257 1822 1288 Mes·

1135 1307 1162 1336 si
1183 1307 1299 1338 clarum
1325 1315 1423 1346 genus
1449 1305 1540 1346 Osci]
1575 1305 1658 1337 Osci
1685 1305 1820 1347 (populi

1136 1355 1246 1386 Italiae
1271 1354 1470 1396 turpissimi)
1496 1358 1595 1386 erant
1615 1354 1741 1386 clarum
1762 1363 1818 1393 ge-

1135 1413 1197 1434 nus
1209 1404 1334 1442 Messi;
1350 1403 1430 1434 satis
1443 1403 1577 1434 Ironice
1589 1402 1725 1433 dictum.
1749 1401 1822 1432 Cla-

1135 1461 1203 1483 rum
1215 1461 1312 1490 genus
1327 1451 1414 1490 Osci]
1435 1449 1575 1490 Εἶρωνεία
1595 1455 1661 1490 est,
1677 1449 1819 1490 perinde

1135 1509 1175 1531 ac
1186 1501 1212 1530 si
1229 1500 1272 1530 ab
1285 1499 1383 1530 Oscis
1400 1499 1478 1530 niliil
1493 1498 1623 1539 sperari
1639 1500 1751 1538 posset
1762 1497 1820 1528 bo-

1135 1549 1190 1579 ni:
1215 1548 1323 1579 Oscos
1342 1547 1429 1578 enirn
1452 1550 1530 1578 ante
1552 1547 1632 1578 elios
1647 1555 1761 1577 omnes
1776 1545 1820 1576 ob

1135 1597 1279 1638 linguam
1294 1602 1330 1627 et
1348 1605 1458 1627 mores
1472 1595 1549 1626 olim
1565 1594 1822 1627 detestabantur

1136 1645 1288 1677 Romani.
1317 1645 1457 1676 Tor-rent.

1177 1696 1218 1723 55
1249 1692 1405 1723 Sarmenti
1430 1690 1552 1722 domim
1576 1691 1680 1732 extat]
1714 1690 1821 1732 Atqui

1138 1741 1350 1773 Sarmentum
1365 1740 1490 1772 Caesari
1511 1739 1545 1770 in
1566 1739 1698 1771 deliciis
1719 1739 1823 1770 fuisse

1138 1798 1181 1820 ex
1200 1790 1294 1820 Plut.
1307 1788 1480 1820 discimus.
1522 1787 1577 1819 An
1593 1797 1674 1828 ergo
1688 1787 1823 1820 alterius

1138 1837 1304 1878 mancipio
1319 1837 1520 1868 abutebatur
1534 1836 1667 1868 Caesar?
1681 1835 1825 1868 Caesaris

1139 1892 1231 1919 certe
1248 1891 1349 1928 atque
1365 1888 1501 1918 alterius
1515 1887 1657 1919 dominae
1680 1897 1826 1920 commu·

1140 1937 1190 1968 nis
1204 1946 1276 1969 esse
1291 1937 1430 1968 libertus
1454 1938 1509 1968 vix
1535 1937 1659 1978 potuit.
1700 1937 1824 1978 Itaque

1141 1985 1340 2016 crediderim
1358 1985 1427 2026 jam
1442 1989 1542 2016 antea
1555 1985 1790 2016 manumissum
1805 1995 1826 2016 a

1141 2033 1275 2064 domina
1290 2034 1331 2064 sd
1347 2034 1514 2065 Caesarem
1530 2034 1679 2066 venisse:
1695 2038 1731 2066 et
1744 2033 1825 2065 alio·

1142 2081 1198 2121 qui
1213 2082 1381 2122 piaculum
1396 2091 1462 2113 non
1478 2083 1521 2113 sit
1535 2082 1617 2114 duos
1631 2083 1824 2114 Sarmentus

1140 2129 1279 2168 fingere,
1293 2139 1367 2169 quae
1383 2139 1457 2160 mea
1471 2138 1550 2160 sane
1564 2131 1677 2170 opinio
1688 2134 1744 2161 est
1756 2139 1767 2160 ε
1786 2134 1825 2160 ut

1140 2177 1225 2207 alter
1239 2185 1355 2207 scurra
1367 2175 1429 2206 sub
1439 2176 1572 2207 Caesare
1582 2176 1731 2207 fortassis
1741 2176 1824 2208 Dic-

1141 2229 1247 2255 tatore
1263 2223 1380 2262 fuerit,
1401 2224 1488 2255 alter
1503 2233 1591 2260 vero,
1605 2224 1647 2255 de
1663 2233 1727 2265 quo
1743 2225 1824 2256 Plu·

1141 2272 1299 2310 tarclius;
1321 2272 1377 2312 qui
1400 2279 1440 2302 an
1465 2276 1502 2304 et
1525 2272 1597 2312 ipse
1623 2272 1757 2304 tandem
1781 2283 1824 2304 ex

1142 2321 1286 2352 Caesaris
1315 2321 1445 2351 deliciis
1477 2329 1592 2352 scurra
1624 2321 1733 2353 factus
1768 2323 1824 2361 sit,

1141 2371 1264 2402 nescio.
1279 2371 1342 2402 hoc
1357 2371 1428 2402 scio
1449 2369 1536 2410 quod
1552 2371 1651 2402 talem
1667 2379 1731 2402 non
1745 2372 1826 2403 teti·

1143 2420 1246 2458 gisset
1261 2418 1434 2450 Horatius.
1452 2419 1540 2451 Torr.
1576 2419 1711 2451 Domina
1725 2419 1826 2459 exeat]

1142 2468 1233 2508 Ergo
1247 2468 1439 2498 Sarmentus
1448 2476 1563 2498 servus
1572 2471 1661 2507 erat,
1671 2472 1707 2499 et
1718 2468 1826 2499 adhuc

1143 2517 1198 2547 vix
1221 2516 1315 2548 liber.
1365 2515 1413 2547 Ab
1428 2515 1476 2547 his
1489 2515 1655 2554 maioribus
1667 2517 1746 2558 orti]
1767 2515 1823 2548 Ab

1142 2566 1306 2598 obscoenis
1321 2568 1358 2596 et
1371 2565 1522 2602 obscuris
1541 2565 1733 2605 parentibus
1748 2563 1823 2596 orti.

1183 2618 1225 2646 56
1248 2615 1341 2647 Prior
1355 2613 1549 2655 Sarmentus]
1561 2613 1764 2646 ‘sumemus
1776 2614 1823 2645 lo·

1142 2664 1269 2706 quitur,
1283 2663 1379 2702 Dico,
1393 2665 1458 2694 διο.

1184 2715 1224 2744 57
1249 2710 1405 2751 Equiferi
1419 2710 1546 2742 similem
1559 2711 1644 2752 dico]
1666 2707 1822 2742 Indomiti

1143 2765 1178 2793 et
1191 2760 1325 2801 grandis
1339 2760 1416 2801 equi
1431 2765 1466 2792 te
1479 2760 1620 2792 similem
1632 2759 1719 2790 dico.
