1916 3262
468 304 680 337 ΗοιιΑΤιι
715 301 986 333 camimum
1022 302 1129 339 ΜΒ,
1153 301 1226 330 ιιι.
1252 291 1297 331 3.

159 401 346 440 ιεοιιᾱίεεε,
389 410 428 432 ac
466 398 566 432 terris
602 394 859 429 commendatus

153 461 226 484 esse
258 450 480 483 credebatur.
520 458 586 490 qna
608 447 651 478 de
675 455 712 477 re
739 455 764 477 ι.
788 445 859 477 Od.

152 505 186 534 2.
211 502 354 534 Tor-reue.
397 498 603 539 Recumbeus]
629 495 860 528 Accumbens.

152 552 253 593 Vin-g.
280 552 291 571 ⁸
307 552 359 583 Tu
373 550 434 583 das
451 548 559 591 epulis
575 546 779 580 accumbere
794 546 859 578 Di·

157 602 261 637 vum!

198 656 240 686 12
265 653 427 695 Purpureo
455 651 547 692 bibit]
586 648 766 690 Augustus
798 657 858 680 ore

152 712 215 735 suo
240 712 340 735 roseo
367 708 403 734 et
428 701 568 744 pulchro
595 698 684 731 bibit
714 699 858 739 Nectar,

147 753 221 794 jam
237 752 337 784 divus
359 752 471 784 factus
494 750 680 782 etiamnum
705 749 740 780 in
763 752 859 780 terra

153 802 261 835 vivus.
293 802 478 843 Virgilius:
502 801 513 819 ‘
527 800 559 832 O
579 799 743 832 Meliboee
760 799 858 831 Deus

151 852 252 884 nobis
281 851 354 884 hoee
383 852 456 884 otia
480 849 587 884 fecit?
623 850 666 882 Id
689 854 756 889 est,
787 848 858 881 Au-

150 905 281 942 gustus.
333 901 484 935 Quidam
517 901 600 933 bibet
630 901 764 942 legunt,
797 898 858 932 sed

153 952 254 985 mele.

195 1004 236 1034 13
262 1002 336 1035 Hac
355 1002 402 1044 te]
426 1001 506 1034 Hac
527 1001 666 1033 virtutis
686 1000 754 1032 via.
788 1000 858 1032 Me·

150 1051 288 1092 rentem]
311 1053 363 1085 Te
384 1056 574 1084 merentem
601 1053 747 1083 honores
773 1051 858 1082 divi-

151 1110 226 1141 nos,
246 1102 315 1142 vel,
337 1108 540 1143 merentem,
561 1101 596 1133 id
621 1106 688 1143 est,
711 1101 858 1133 militan-

157 1154 240 1184 tem.

197 1204 239 1235 14
267 1201 386 1234 vexere
407 1203 523 1244 tigres]
548 1201 646 1233 Medi
667 1201 779 1241 tigrim
800 1210 860 1242 ap·

153 1251 287 1291 pellant
316 1252 488 1292 sagittam,
517 1251 607 1283 unde
634 1256 671 1283 et
695 1249 798 1282 fluvio
824 1255 861 1282 et

153 1301 304 1341 animali,
319 1302 364 1334 ob
380 1302 540 1334 eximiam
555 1310 680 1341 nempe
697 1301 860 1332 velocita-

151 1356 235 1391 tem,
267 1351 358 1383 idem
383 1361 506 1383 nomen
533 1351 669 1390 obtigit.
723 1350 860 1382 Animal

151 1406 247 1432 certe
273 1401 343 1432 Soli
368 1404 553 1440 sacratum,
569 1400 624 1431 vel
641 1399 685 1430 ob
710 1399 860 1439 pernici-

151 1453 277 1489 tatem,
301 1450 356 1482 vel
383 1449 474 1492 quod
498 1449 597 1481 simul
622 1454 725 1490 atque
751 1448 784 1480 in
808 1449 858 1480 lu-

151 1507 227 1531 cem
242 1498 372 1531 editum
386 1503 452 1539 est,
469 1498 555 1530 duos
570 1498 674 1539 pedes
688 1498 856 1530 orientem

152 1558 270 1581 versus
286 1554 449 1592 tanquam
463 1549 720 1582 adorabundum
734 1549 856 1581 sustol-

152 1600 226 1632 lere
239 1601 406 1632 creditur.
442 1600 541 1632 Idem
555 1605 670 1632 autem
686 1599 857 1638 Bacchus,

149 1650 206 1692 qui
219 1655 256 1683 et
265 1650 389 1691 Sol,in
407 1655 560 1682 veterum
580 1650 699 1682 sacris.
728 1650 857 1684 Quam-

149 1710 252 1743 quam
278 1702 416 1734 Baccho
443 1701 610 1742 peculiari
634 1701 763 1732 ratione
785 1701 856 1732 ani-

151 1751 222 1783 mal
246 1751 329 1783 illud
352 1760 486 1783 sacrum
509 1751 618 1782 videri
643 1754 778 1790 potest:
803 1751 858 1781 vel

151 1800 242 1842 quod
266 1801 350 1832 nihil
376 1806 445 1832 tam
475 1800 622 1839 varium,
647 1805 716 1830 tam
744 1799 859 1830 multi-

150 1850 247 1890 plex,
263 1859 303 1882 ac
319 1849 612 1891 subdolum‚quod
628 1858 696 1880 non
713 1848 858 1890 detegat

154 1899 326 1931 ebrietas:
351 1900 406 1930 vel
427 1898 518 1940 quod
543 1898 625 1930 nihil
651 1903 719 1929 tam
747 1896 859 1930 ferum

152 1952 256 1990 atque
278 1948 496 1988 indomitum,
517 1948 599 1990 quin
625 1948 753 1980 Bacchi
778 1958 859 1980 con-

153 1997 337 2030 suetudine
365 2002 599 2036 mansuescat,
630 2007 696 2029 non
719 2002 790 2030 tam
815 1998 859 2030 ob

154 2047 222 2079 vini
244 2057 352 2087 usum,
370 2058 469 2090 quam
492 2048 536 2080 ob
563 2049 740 2080 Musarum
767 2058 859 2080 com-

150 2097 301 2129 mercia:
326 2097 336 2116 ‘
350 2098 461 2130 Nemo
477 2099 568 2130 enim
583 2097 670 2129 adeo
682 2097 773 2130 ferus
790 2103 858 2138 est,

149 2153 191 2178 ut
205 2155 273 2179 non
287 2147 471 2179 mitescere
485 2148 607 2189 possit,
620 2148 657 2180 Si
671 2148 771 2180 modo
787 2149 858 2180 cul-

151 2201 241 2229 turoe
267 2197 457 2239 patientem
490 2198 686 2230 commodet
718 2197 859 2230 aurem!

155 2246 299 2280 Tor-rent.
325 2247 596 2289 Indocilijugum]
617 2248 770 2289 Tigrium
788 2249 858 2280 col-

152 2297 222 2328 lum
240 2303 363 2339 suapte
377 2303 499 2331 natura
524 2303 577 2330 est
591 2298 754 2340 indocile,
770 2299 858 2331 Bac-

154 2345 208 2390 cbi
225 2352 339 2379 tamen
347 2348 458 2389 jussui
473 2348 688 2390 obsequitur.

198 2400 238 2429 15
263 2397 435 2438 Quirinus]
471 2398 638 2430 Romulus
669 2399 776 2439 patris
807 2398 859 2430 sui

159 2447 266 2488 equis,
281 2446 316 2478 id
329 2451 396 2487 est,
406 2453 480 2478 arte
491 2447 631 2478 militari
643 2447 733 2489 fugit
745 2448 857 2480 Ache-

157 2501 270 2535 ronta,
292 2496 452 2536 paludem
467 2495 679 2536 infernalem,
693 2502 730 2529 et
746 2497 789 2529 ad
805 2507 858 2529 su-

159 2554 261 2587 peros
277 2546 397 2577 evasit.

201 2597 244 2627 16
264 2595 386 2626 Martis
407 2595 510 2636 equis]
535 2596 651 2636 Equus
676 2596 783 2628 Marti
808 2606 859 2627 sa-

158 2653 237 2677 cer:
261 2645 272 2662 ⁸
283 2643 383 2675 Bello
394 2643 402 2657 ¹
418 2653 541 2684 nempe
553 2648 729 2675 armantur
743 2644 753 2661 ‘
768 2645 860 2686 equi,

158 2695 284 2727 bellum
300 2693 375 2725 haec
391 2700 546 2725 armenta
561 2693 753 2725 minantur:

202 2746 242 2776 1⁷
270 2743 408 2776 Gratum
433 2744 589 2785 eloquuta]
629 2742 766 2775 Junone
789 2752 860 2776 rem

159 2799 293 2836 gratam
332 2794 407 2825 Diis
441 2802 558 2825 secum
593 2791 862 2825 deliberantibus

160 2845 334 2889 «loquuta,
351 2844 440 2887 quod
458 2848 592 2877 veteres
608 2843 802 2876 iuimicitias
818 2853 861 2876 ex

1497 291 1610 334 1437

911 394 1024 427 animo
1035 394 1108 434 jam
1131 393 1360 434 deposuisset.
1407 394 1611 427 Consiliunti-

908 443 981 485 bus]
1013 443 1109 474 Divis
1134 443 1311 474 consilium
1338 441 1544 473 habentibus
1569 445 1610 476 de

907 493 1108 535 recipiendo
1122 493 1266 525 Romulo
1278 492 1313 524 in
1328 501 1506 524 numerum
1523 492 1612 525 Deo-

909 554 998 577 rum.

952 596 993 626 18
1015 593 1113 634 Ilion,
1129 593 1232 635 Ilion]
1255 592 1352 630 ‚Hinc
1369 591 1493 633 incipit
1506 592 1613 626 Juno-

907 645 960 678 nis
987 645 1110 679 Oratio
1138 645 1172 676 in
1195 644 1349 676 divorum
1365 648 1457 676 coetu
1481 642 1613 684 habita,

907 707 1012 739 super
1028 697 1164 730 Romuli
1179 696 1451 729 consecratione.

950 751 992 780 19
1015 748 1140 780 Fatalis
1163 748 1358 792 incestusque
1376 746 1494 787 judex]
1527 745 1613 778 Per-

907 797 1043 831 erudite
1058 798 1224 830 Horatius
1234 797 1344 838 Trojae
1358 796 1528 828 excidium
1545 805 1613 827 non

908 849 1110 882 Graecornm
1127 848 1256 880 viribus
1273 847 1445 887 asscribit,
1461 846 1524 878 sed
1539 847 1612 878 uni-

907 909 946 931 us
976 898 1112 931 Paridis
1143 908 1221 931 cum
1254 897 1398 929 muliere
1427 896 1614 938 peregrina

908 949 1094 990 adulterio,
1123 949 1213 981 unde
1243 947 1494 980 atrocissimum
1529 947 1613 978 illud

907 999 1032 1031 bellum
1063 1003 1229 1030 exortum.
1272 999 1417 1030 Torreat.
1472 997 1613 1038 Fatalis]

908 1049 1079 1090 Exitialis,
1095 1055 1131 1081 et
1147 1048 1210 1081 fati
1225 1047 1375 1088 Troiani,
1397 1047 1432 1078 id
1453 1051 1520 1087 est,
1534 1057 1612 1088 per-

907 1099 1011 1131 niciei
1028 1104 1064 1131 et
1076 1098 1306 1131 subversionis
1327 1097 1485 1138 Trojanae
1508 1106 1614 1129 causa

908 1154 945 1180 et
960 1153 1091 1181 auctor.
1116 1149 1214 1188 Cruq.
1261 1147 1399 1188 Fatalis,
1420 1147 1614 1188 incestusque

897 1197 1017 1238 judex]
1041 1198 1141 1229 Paris
1165 1207 1186 1229 a
1211 1196 1291 1229 fatis
1316 1197 1417 1228 datus
1434 1196 1544 1237 judex
1569 1197 1613 1228 de

908 1258 1012 1280 aureo
1028 1249 1117 1280 malo
1132 1248 1260 1279 Veneri
1277 1247 1369 1279 dato.
1595 1286 1597 1288 Ι

951 1301 994 1330 20
1017 1299 1062 1328 Et
1079 1299 1206 1339 mulier]
1233 1298 1278 1329 Et
1295 1297 1431 1329 Helena
1449 1307 1468 1329 a
1484 1296 1612 1329 Paride

908 1352 1022 1387 rapta.

950 1399 990 1427 21
1018 1397 1072 1433 Ex
1093 1406 1151 1437 quo
1171 1396 1331 1438 destituit]
1358 1396 1411 1427 Ex
1435 1405 1501 1436 quo
1527 1398 1612 1426 tem-

907 1455 991 1487 pore
1015 1445 1213 1478 Laomedon
1234 1451 1335 1487 pater
1357 1445 1486 1477 Priami
1502 1444 1614 1476 desti-

907 1495 987 1536 tuit,
1003 1495 1035 1526 id
1052 1501 1118 1536 est,
1142 1495 1316 1527 fraudavit
1343 1494 1510 1536 promissa
1526 1503 1612 1526 mer-

907 1544 993 1577 cede
1008 1546 1117 1584 Deos,
1141 1545 1343 1587 Neptunum
1370 1554 1494 1586 nempe
1514 1549 1550 1577 et
1567 1545 1613 1576 Α-

908 1595 1080 1636 pollinem,
1115 1595 1174 1637 qui
1209 1595 1308 1628 Jovis
1339 1595 1436 1636 jussu
1470 1595 1614 1627 Laome·

906 1644 1004 1676 donti
1020 1655 1098 1676 suas
1115 1655 1238 1686 operas
1255 1645 1424 1684 locarant,
1440 1645 1482 1676 ad
1499 1654 1612 1676 muros

906 1695 1068 1736 Trojanos
1083 1695 1307 1726 extruendos.

950 1748 991 1777 23
1026 1745 1236 1785 Damnatum]
1273 1746 1468 1778 Glareanus
1498 1745 1614 1785 legen·

908 1795 988 1827 dum
1014 1804 1086 1826 esse
1113 1795 1293 1826 contendit
1318 1797 1508 1827 damnatam.
1525 1795 1614 1827 sicut

909 1853 960 1876 tv.
985 1844 1054 1876 Od.
1081 1847 1113 1876 9.
1150 1844 1227 1876 Non
1253 1846 1346 1876 semel
1378 1844 1459 1876 Ilios
1487 1848 1613 1877 vexata.

908 1895 1104 1927 Damnatum
1116 1895 1287 1936 Minerva]
1301 1894 1390 1926 Ilion
1403 1895 1484 1927 mibi
1499 1899 1535 1927 et
1547 1895 1613 1927 Mi-

909 1954 1024 1977 nervae
1053 1945 1250 1976 damnatum
1278 1950 1423 1986 propter
1455 1944 1612 1985 injuriam

909 1995 1006 2027 nobis
1022 1996 1152 2027 illatam
1175 1996 1208 2026 in
1226 1996 1316 2027 malo
1339 1995 1614 2035 pulchritudinis,

908 2045 1036 2078 Veneri
1066 2045 1158 2077 dato.
1204 2044 1369 2085 [Quidam
1402 2054 1458 2087 ap.
1488 2045 1613 2085 Jaeck,

907 2094 1115 2135 damnatum]

950 2145 993 2175 24
1015 2144 1104 2175 Duce
1117 2143 1338 2185 fraudulento]
1366 2145 1610 2178 Laomedonte.

950 2197 994 2226 26
1016 2195 1170 2227 Formosus
1194 2195 1318 2237 hospes]
1347 2196 1448 2228 Paris
1474 2196 1612 2228 infamis

907 2245 1031 2286 hospes
1050 2245 1207 2277 Helenae.

949 2297 992 2327 27
1015 2294 1166 2336 Perjura]
1192 2295 1340 2336 Perjura
1363 2300 1505 2338 propter
1527 2297 1613 2328 Lao-

908 2345 1077 2377 medontis
1093 2344 1259 2376 fraudem.

952 2398 994 2427 28
1018 2395 1185 2428 Hectoreis
1199 2395 1321 2436 opibus]
1341 2394 1502 2427 Hectoris
1519 2395 1613 2427 auxi-

909 2445 975 2476 liis.

950 2496 993 2525 29
1018 2494 1207 2534 Nosti-isque
1235 2495 1362 2525 ductum
1393 2493 1613 2532 seditionibus]

909 2544 1076 2576 Queritur
1099 2553 1142 2575 ea
1167 2545 1210 2575 de
1234 2554 1271 2575 re
1297 2544 1332 2574 in
1355 2543 1507 2574 Deorum
1532 2551 1613 2574 con-

910 2602 1006 2624 sessu
1022 2593 1097 2634 ipse
1112 2593 1249 2633 Jupiter
1265 2592 1356 2633 apud
1369 2593 1468 2632 Virg.
1485 2591 1560 2624 AEn.
1576 2601 1611 2624 x.

909 2645 918 2660 ‘
938 2643 1013 2675 Nec
1038 2647 1150 2674 vestra
1172 2643 1268 2683 capit
1294 2641 1467 2673 discordia
1488 2641 1614 2678 finem,'

910 2695 974 2725 &c-
1003 2693 1087 2724 Tum
1105 2691 1208 2724 Ovid.
1229 2691 1333 2724 Trist.
1351 2701 1376 2723 ι.
1409 2691 1420 2709 ‘
1438 2691 1613 2723 Mulciber

909 2743 944 2774 in
958 2743 1103 2783 Trojam,
1120 2751 1183 2782 pro
1204 2742 1310 2783 Troja
1333 2741 1447 2773 stabat
1461 2740 1586 2782 Apollo
1601 2754 1609 2773 :

910 2793 1020 2835 AEqua
1043 2794 1157 2826 Venus
1181 2793 1334 2832 Teucris,
1356 2793 1469 2824 Pallas
1494 2791 1611 2833 iniqua

910 2843 1000 2877 suit:
1029 2844 1095 2877 Et:
1111 2844 1121 2862 ‘
1134 2844 1236 2886 Saepe
1250 2848 1428 2886 premente
1442 2844 1530 2884 Deo,
1542 2842 1610 2875 sert
