1916 3262
386 285 499 327 1344

386 389 494 430 pisces
509 391 720 419 monstrosos.

429 441 470 470 19
493 437 676 476 Turgidum]
702 436 776 467 Non
801 435 950 477 improbo
970 436 1067 467 turbi-

386 489 475 518 dum.-
497 485 579 517 illud
595 486 767 526 orituram,
789 486 854 516 hoc
869 487 938 526 jam
962 490 1068 516 ortam

385 540 620 576 tempestatem
636 534 814 574 significat.
840 535 978 566 Torreat.

427 588 469 616 20
491 583 731 622 Acroceraunia]
755 584 832 614 Non
853 593 919 614 uno
940 585 971 614 in
996 584 1069 614 loco

833 297 973 326 No'rAE

387 644 514 665 summa
543 634 702 664 montium
729 643 747 663 a
777 632 906 664 Graecis
933 632 1071 673 κεραύνια

387 683 480 713 dicta
503 682 666 722 invenias,
687 682 775 722 quod
791 683 911 713 crebro
926 681 1070 713 fulmini-

387 734 450 764 bus
477 733 638 764 iciantur:
669 742 710 763 ea
736 737 847 763 tamen
874 733 966 772 Epiri
989 733 1071 772 juga

386 782 475 813 ultro
505 782 654 822 citroque
679 790 721 811 ex
748 781 850 812 Italia
876 787 911 812 et
939 781 1072 812 Graecia

387 829 619 868 navigantibus
638 827 811 859 notissima
825 828 941 867 fuere3
965 829 1072 859 media

387 877 618 917 nempe,inter
632 877 866 908 Hadriaticum
883 883 916 908 et
933 877 1072 908 Ionium.

391 926 530 957 Torrent.
573 925 814 965 Acroceraunia]
833 925 929 956 Alios
945 931 1073 956 montes

387 975 422 1005 iu
435 975 538 1015 Epiro
553 984 572 1005 a
585 973 722 1004 fulmine
734 984 823 1015 saepe
835 975 932 1014 ictos,
946 975 1074 1006 idcirco

387 1023 527 1054 infames
551 1028 689 1063 propter
704 1024 824 1055 erebra
839 1024 1013 1065 naufragia
1028 1025 1074 1056 ibi

389 1071 490 1103 facta.

430 1123 470 1151 21
494 1121 704 1160 Nequicquam
723 1122 822 1162 Deus]
847 1123 983 1152 Frustra
1010 1123 1075 1152 Dei

389 1169 603 1209 providentia
616 1170 810 1201 dissociavit
823 1175 930 1201 terras
947 1181 966 1201 a
980 1171 1075 1210 mari,

388 1218 415 1247 si
437 1217 586 1248 homines
608 1219 819 1249 nihilominus
842 1219 967 1250 audent
983 1220 1074 1250 navi-

391 1276 479 1306 gare·
521 1266 680 1306 Abscidit]
701 1268 888 1308 Separavit.

431 1319 473 1346 22
498 1317 617 1347 Oceano
631 1316 834 1354 dissociabili]
855 1317 911 1347 Sic
937 1317 979 1346 de
1008 1317 1073 1347 ele-

389 1365 512 1394 mentis
529 1364 631 1395 Ovid.
652 1366 661 1381 ‘
681 1365 868 1395 Dissociata
893 1365 974 1395 locis
996 1374 1074 1395 con·

391 1414 485 1446 cordi
529 1424 611 1454 pace
654 1414 796 1454 ligavit.’
861 1415 1074 1454 Dissociabili]

392 1465 502 1496 Quem
525 1473 662 1494 necesse
684 1468 756 1494 erat
777 1474 796 1494 a
822 1465 920 1495 terris
944 1465 1073 1496 secludi

391 1520 532 1553 propter
554 1513 696 1543 salutem
718 1513 898 1553 hominum,
922 1514 1074 1544 aliorum-

392 1570 456 1600 que
483 1561 710 1597 animantium,
735 1571 808 1602 quae
835 1563 908 1593 usui
935 1564 1074 1593 humano

391 1610 608 1641 inservientia
636 1616 735 1641 terrae
767 1611 889 1650 pabulo
923 1612 1073 1643 nutriun—

393 1663 459 1689 tur.
972 1666 1003 1689 0.

434 1709 474 1737 23
498 1706 622 1746 Impioe]
645 1707 744 1747 Impii
764 1708 911 1739 homines
933 1718 1008 1740 cum
1025 1718 1076 1739 ra-

393 1755 495 1795 tibus,
510 1757 566 1796 qui
589 1756 654 1786 Dei
670 1756 854 1795 consilium,
875 1756 908 1787 in
926 1757 1000 1796 lioc,
1015 1758 1078 1787 sci-

392 1805 476 1836 licet
504 1805 706 1845 navigando,
741 1805 895 1836 videntur
932 1811 1078 1837 contem-

393 1863 485 1884 nere.

436 1905 477 1933 24
499 1903 600 1943 Vada]
625 1903 712 1934 Loca
727 1903 760 1933 iu
777 1903 857 1934 mari
874 1903 1081 1944 periculosis-

394 1959 487 1981 sima.

437 2003 476 2030 25
509 1999 625 2030 Audax
653 2000 754 2030 omnia
786 2000 921 2039 perpeti]
957 2000 1080 2030 Ὅτιοΰν

395 2046 539 2085 πάσχειν,
565 2047 694 2086 quidvis
718 2057 818 2087 agere
842 2053 876 2078 et
897 2050 1079 2088 suscipere.

396 2096 490 2126 Dicit
516 2095 596 2126 nihil
626 2100 692 2125 tam
723 2105 796 2126 esse
822 2095 973 2136 arduum,
999 2097 1079 2127 nihil

397 2150 466 2174 tam
496 2144 728 2184 periculosum,
765 2145 852 2185 quod
892 2146 1080 2175 mortalium

397 2193 565 2233 cupiditas
595 2193 745 2223 inausum
776 2194 953 2233 relinquat,
980 2194 1079 2234 idque

398 2242 560 2282 exemplis
589 2241 775 2273 confirmat.
831 2242 946 2273 Audax
981 2243 1082 2272 omnia

394 2292 529 2332 perpeti]
552 2291 675 2322 Parata
692 2291 732 2322 ad
759 2293 909 2332 quamvis
925 2291 1080 2322 facinoris

398 2349 528 2381 poennm
546 2338 790 2380 perferendam.

442 2391 484 2419 26
506 2388 585 2418 Ruit
608 2397 664 2428 per
679 2390 806 2419 vetitum
824 2388 924 2429 nefas]
946 2388 1081 2428 Impetu

399 2436 519 2476 fertur,
542 2446 607 2468 non
630 2437 758 2468 ratione
783 2437 825 2468 ad
851 2447 903 2468 res
928 2438 1001 2478 lege
1026 2447 1081 2468 ve-

400 2486 493 2517 titas.

442 2537 483 2565 27
499 2534 600 2574 Iapeti
610 2534 721 2574 genus]
735 2534 956 2566 Prometheus
966 2534 1082 2575 Japeti

402 2583 500 2614 filius.

444 2635 485 2662 28
507 2632 630 2663 Fraude
649 2631 744 2671 mula]
776 2631 830 2663 An
856 2631 965 2672 aliqua
991 2630 1083 2662 fraus

402 2680 510 2711 bona?
555 2682 717 2720 Ulpianus
738 2689 818 2711 sane
839 2680 948 2711 Pand.
962 2680 1017 2711 lib.
1034 2689 1082 2711 ιν.

405 2728 446 2758 ad
477 2737 517 2758 ea
543 2728 703 2760 Praetoris
729 2728 848 2760 verba:
874 2732 882 2745 ‘
900 2729 983 2761 Quae
1007 2729 1084 2759 dolo

405 2777 491 2810 nialo
506 2776 596 2808 facta
611 2787 684 2808 esse
695 2777 861 2818 dicentur,
877 2777 918 2810 de
933 2777 1084 2818 liisjudi-

1007 296 1266 327 VARIORUM
1304 298 1352 328 ΙΝ

1116 387 1203 418 cium
1219 388 1329 419 dabo!
1357 393 1366 406 ‘
1378 388 1454 419 Non
1469 387 1554 423 fuit:
1571 388 1689 429 inquit,
1702 393 1711 408 ⁶
1722 398 1800 421 cun-

1118 441 1230 466 teutus
1245 436 1377 468 Proetor
1393 437 1503 468 dolum
1520 437 1651 476 dicere;
1673 439 1731 468 sed
1745 438 1802 468 ad·

1112 486 1200 526 jecit
1215 487 1356 526 malum3
1372 489 1526 528 quoniam
1543 492 1674 518 veteres
1690 487 1801 518 dolum

1118 535 1220 565 etiam
1238 534 1359 566 bonum
1376 536 1546 574 dicebant,
1561 541 1596 566 et
1621 544 1683 575 pro
1700 536 1802 566 soler·
1825 535 1829 539 ⁴

1119 583 1165 613 tia
1185 583 1246 614 hoc
1267 593 1387 615 nomen
1404 584 1638 624 accipiebant!
1662 585 1802 616 Torrent-

1123 631 1242 663 Fraude
1260 632 1354 671 mula]
1379 634 1492 664 Furto.
1537 632 1662 672 Intulit]
1687 633 1803 664 Homi-

1119 681 1215 712 nibus
1232 681 1415 714 distribuit.

1161 734 1202 761 30
1225 731 1414 763 Subductum
1426 733 1548 773 macies,
1565 732 1634 773 δῖα]
1656 733 1740 764 Post
1757 732 1805 772 ig·

1119 790 1194 811 nem
1223 790 1241 810 e
1267 781 1351 812 coelo
1374 781 1488 813 furtim
1512 782 1668 813 ablatum.
1717 783 1804 812 Nova

1110 829 1261 869 febrium]
1286 830 1441 862 inaudita
1455 832 1643 862 morborum
1657 830 1805 862 multitu-

1121 879 1164 908 do
1182 882 1306 909 terram
1322 880 1512 918 occupavit.

1162 929 1201 957 31
1225 926 1383 966 Incubuit]
1406 927 1594 967 occupavit
1611 932 1731 960 terras,
1747 926 1805 958 ob-

1121 976 1207 1006 sedit
1246 980 1346 1015 atque
1382 976 1561 1015 oppressit.
1620 974 1806 1006 Incubandi

1123 1025 1228 1055 verbo
1244 1023 1415 1063 aptissime
1431 1033 1506 1054 usus
1521 1028 1586 1062 est,
1608 1033 1672 1064 quo
1698 1023 1806 1062 pervi-

1123 1074 1215 1105 cacia
1232 1074 1382 1115 qnaedam
1398 1080 1432 1105 et
1447 1076 1532 1105 mira
1547 1074 1724 1105 assiduitas
1739 1074 1806 1112 sig-

1123 1123 1298 1154 nificatur:
1327 1129 1364 1154 ut
1390 1123 1477 1163 apud
1507 1124 1600 1162 Virg.
1634 1121 1807 1153 ‘defosso-

1123 1182 1190 1213 que
1219 1172 1355 1203 incubat
1381 1171 1490 1211 auro;'
1518 1177 1552 1202 et
1581 1171 1590 1188 ‘
1608 1171 1720 1202 Ponto
1741 1179 1807 1201 nox

1124 1222 1262 1252 incubat
1278 1221 1374 1252 atra!

1167 1273 1207 1301 32
1222 1270 1323 1300 Tarda
1332 1269 1510 1309 necessitas]
1523 1269 1715 1301 Necessitas
1727 1279 1811 1300 mor-

1126 1319 1181 1355 tis,
1210 1319 1300 1358 prius
1326 1319 1422 1349 tarda
1451 1324 1485 1349 et
1517 1324 1647 1349 matura
1674 1323 1810 1349 senecta

1125 1369 1302 1406 venientis,
1316 1368 1475 1398 celeravit
1491 1366 1642 1406 gradum,
1656 1371 1692 1397 et
1710 1367 1809 1397 citius

1129 1417 1278 1447 advenit.

1166 1468 1205 1496 34
1245 1465 1380 1496 Vacuum
1411 1465 1559 1495 Doedalus
1596 1463 1683 1503 aiiru]
1718 1462 1808 1493 Ae‘ra

1125 1520 1290 1554 apertum,
1315 1515 1367 1545 vel
1391 1515 1535 1552 inanem,
1557 1513 1598 1543 ab
1622 1512 1807 1543 hominibus

1124 1563 1382 1604 infrequentem.

1168 1615 1207 1643 35
1233 1613 1304 1643 Non
1322 1612 1438 1643 homini
1461 1611 1558 1652 datis]
1585 1611 1650 1642 Sed
1679 1611 1809 1650 avibus,

1126 1661 1245 1701 quibus
1261 1662 1428 1700 proprium
1443 1665 1496 1691 est
1513 1661 1634 1691 volare.

1168 1711 1210 1738 36
1231 1709 1405 1739 Acheronta
1421 1709 1593 1740 Herculeus
1605 1707 1705 1748 labor]
1727 1708 1812 1739 Her·

1128 1758 1220 1787 cules
1233 1767 1292 1797 per
1305 1758 1369 1788 vim
1382 1757 1556 1788 descendit
1571 1757 1611 1787 ad
1627 1756 1761 1790 inferos,
1774 1762 1811 1787 ut

1129 1805 1207 1836 inde
1223 1805 1406 1845 tricipitem
1422 1804 1604 1836 Cerberum
1618 1804 1661 1835 ad
1673 1813 1812 1844 superos

1130 1854 1356 1893 protraheret.

1172 1905 1212 1933 37
1234 1902 1375 1933 Arduum
1390 1903 1449 1943 est]
1470 1900 1615 1933 Difficile
1631 1906 1694 1932 est.

1172 1954 1212 1982 38
1237 1952 1352 1982 Coelum
1380 1952 1479 1991 ipsum
1505 1950 1651 1991 petimus]
1683 1950 1813 1982 Coeium

1129 2000 1237 2039 ipsum
1261 1998 1470 2037 affectamus,
1486 2006 1522 2028 nt
1545 2000 1622 2029 olim
1647 1999 1812 2039 Gigantes

1129 2055 1164 2079 et
1179 2048 1362 2079 Phaethon.
1407 2047 1566 2085 Stultitia]
1580 2047 1741 2078 Stultitiae
1760 2055 1814 2076 vo-

1129 2097 1280 2128 cabulum
1302 2105 1363 2135 pro
1386 2104 1584 2135 quoeunque
1609 2094 1731 2126 mentis
1758 2103 1810 2124 er-

1128 2154 1204 2175 rore
1225 2154 1263 2174 ac
1287 2144 1369 2174 vitio
1390 2143 1530 2183 accipio.
1575 2143 1700 2174 Sensus
1723 2142 1810 2175 enim

1128 2197 1198 2223 est:
1222 2192 1292 2223 Nos
1308 2193 1426 2222 coelum
1450 2191 1556 2230 ipsum
1579 2191 1749 2230 peccando
1766 2191 1811 2221 la-

1129 2249 1274 2279 cessere,
1302 2249 1341 2270 ac
1370 2240 1487 2272 Joveiu
1518 2249 1719 2280 provocare:
1755 2242 1811 2280 qui

1129 2299 1204 2320 cum
1219 2290 1379 2320 scelerum
1396 2289 1600 2328 justissimus
1618 2289 1740 2318 vindex
1755 2289 1811 2326 sit,

1129 2339 1201 2370 fieri
1223 2348 1288 2369 non
1312 2347 1422 2378 posse,
1445 2343 1482 2368 nt
1500 2337 1654 2377 impuniti
1679 2346 1811 2368 manea-

1129 2397 1214 2418 mus.
1244 2387 1359 2426 Culpae
1375 2387 1464 2416 enim
1481 2394 1610 2425 paenam
1627 2395 1696 2416 esse
1711 2386 1814 2416 comi·

1132 2443 1199 2468 tem
1223 2445 1359 2467 necesse
1382 2440 1445 2466 est.
1472 2435 1610 2466 Torreat.
1653 2434 1813 2474 Stultitia]

1131 2485 1200 2516 Per
1233 2482 1421 2518 stultitiam,
1456 2484 1543 2514 nude
1585 2489 1699 2515 nostra
1734 2483 1812 2514 vitia

1132 2538 1348 2565 enascuntur.

1173 2586 1215 2614 39
1236 2583 1302 2614 Per
1314 2585 1448 2612 nostrum
1462 2581 1571 2620 scelus]
1594 2580 1727 2612 Nostris
1745 2589 1812 2612 ma-

1131 2630 1248 2662 leficiis
1261 2635 1295 2661 et
1305 2630 1485 2662 sceleribus
1496 2630 1647 2661 videmur
1657 2628 1812 2670 quodam-

1133 2679 1232 2711 modo
1253 2680 1316 2710 vim
1338 2679 1418 2710 Jovi
1441 2677 1574 2717 afferre,
1595 2686 1735 2718 eumque
1755 2685 1811 2708 co-

1134 2738 1224 2769 gere,
1235 2734 1272 2760 ut
1288 2728 1420 2758 assidue
1430 2726 1555 2759 fulmen
1566 2727 1686 2757 habeat
1697 2727 1730 2756 in
1743 2735 1810 2756 ma-

1133 2778 1240 2809 nibus.
1263 2776 1398 2808 Lambin.
1451 2777 1514 2807 Per
1539 2778 1673 2807 nostrum
1700 2773 1809 2813 scelus]
