1930 3204
500 312 711 345 HoRA‘rn
743 312 1023 344 suasionum
1060 313 1158 344 mn.
1189 314 1219 344 1.
1250 303 1292 344 2.

167 407 373 442 erudelitate
403 407 595 440 amantibus
623 416 687 439 non
717 405 864 438 insolita.

165 461 244 491 dms.
273 458 394 490 Domo.
445 458 488 491 Iu
510 458 645 495 Fama,
674 454 788 497 Sylla]
821 455 862 486 In

169 509 296 541 Fausta
309 509 410 550 Syllae
421 508 542 540 nobilis
553 507 616 540 viri
629 506 710 538 fllia.
746 506 866 546 Gener,

166 560 238 602 hoe]
263 561 340 593 Non
367 569 475 602 gener
498 568 628 598 revera,
650 557 710 589 sed
733 557 783 589 ita
804 566 864 598 ap·

167 611 327 653 pellatus,
341 610 432 652 quod
455 610 558 651 Syllae
579 607 683 640 filiam
711 611 864 648 stupras-

170 666 236 694 set.

209 714 251 743 65
265 710 402 742 Nomine
414 708 574 750 deceptus]
589 707 689 739 Hanc
706 716 803 738 unam
820 706 864 738 ob

167 769 318 800 causam,
341 758 432 801 quod
457 758 580 791 nobilis
608 757 674 789 viri
702 756 805 789 filiam
829 761 866 788 et

165 814 354 841 matronam
371 812 564 849 appeteret.

207 861 250 891 67
266 859 422 891 Exclusa
429 858 523 899 sore]
538 858 678 890 Foribus
693 858 865 890 exclusus.

165 908 371 949 Longarenus
378 908 483 950 soret]
501 908 601 941 Alter
616 908 751 940 adulter
762 908 866 940 Villio

163 957 305 991 felicior.

207 1011 251 1041 68
273 1008 377 1049 Huic]
408 1009 523 1040 Villio.
576 1008 721 1040 Maeonis
750 1008 866 1049 verbis]

166 1058 269 1090 Muto
281 1059 468 1090 membrum
480 1058 578 1090 virile
591 1057 678 1099 apud
690 1059 870 1099 Lucilium,

167 1113 260 1140 teste
289 1108 412 1140 Festo:
457 1109 538 1140 binc
574 1113 628 1140 est
664 1109 867 1149 mutonium,

167 1158 353 1190 amuletum
379 1162 500 1190 eontra
526 1159 664 1190 invidiae
690 1158 867 1191 fascinum.

167 1206 326 1240 Arbitror
352 1214 449 1241 certe
478 1218 499 1240 e
527 1209 652 1241 Graeco
683 1209 867 1241 deductum

165 1267 245 1290 esse
285 1262 322 1290 et
361 1258 615 1299 metaphoricos
651 1259 762 1300 accipi
804 1269 868 1301 pro

167 1317 277 1349 pene:
313 1318 392 1341 nam
419 1308 509 1348 μύτις
536 1309 671 1348 μύτιδος,
705 1319 802 1342 nasus
831 1311 866 1343 in

166 1358 305 1390 marinis
322 1359 485 1400 piscibus.
503 1360 598 1400 Cruq.
643 1361 786 1392 Maeonis
799 1371 867 1392 ver-

166 1407 231 1448 bis]
259 1409 297 1440 Si
322 1419 366 1440 ex
388 1410 551 1441 mentulae
582 1409 706 1451 verbis,
736 1411 866 1442 animus

165 1459 378 1501 loqueretur.
421 1459 512 1491 Mala
525 1463 616 1491 tanto
628 1459 778 1502 videntis]
791 1461 865 1492 Ma-

165 1509 210 1548 la,
241 1518 318 1549 quae
348 1509 472 1540 Villius
497 1509 671 1541 sustinuit.
722 1510 866 1551 videnti]

163 1559 222 1591 Sic
244 1559 352 1591 nostri
375 1558 477 1590 codd.
493 1563 637 1599 septem,
653 1563 689 1590 et
706 1560 805 1599 bene,
827 1565 865 1591 ut

159 1610 230 1651 jam
245 1609 377 1641 videnti
394 1619 434 1641 ae
450 1610 610 1641 sentienti
626 1614 676 1641 tot
686 1610 776 1641 mala
790 1611 865 1641 haec

164 1659 296 1692 animus
312 1664 487 1700 suggerat.
531 1659 651 1692 Lamb.
666 1660 779 1700 priore
794 1660 866 1691 edi·

165 1710 259 1742 tione
271 1710 410 1742 videntis
424 1710 524 1750 legit,
536 1710 624 1742 sieut
638 1715 675 1741 et
685 1711 865 1751 Cruquius.

169 1759 317 1791 Tor-rent.

208 1811 253 1840 69
276 1807 363 1843 Quid
383 1807 432 1838 vis
457 1807 532 1847 tibi]
551 1808 683 1848 Lepida
699 1807 868 1848 Prosopo—

167 1857 270 1898 posis,
292 1865 360 1898 qua
382 1859 477 1887 muto
501 1855 642 1897 fingitur
657 1857 869 1898 interrogare

167 1904 323 1936 Villium.

210 1957 254 1986 7ο
275 1954 397 1993 Magno
420 1957 609 1994 prognatum
631 1955 774 1996 deposco]
800 1955 869 1986 No·

169 2003 274 2035 bilem
287 2010 491 2035 matronam.
536 2004 584 2045 [G
591 2005 756 2045 regorian.
770 2007 798 2036 1.
813 2015 867 2045 ap.

169 2054 284 2093 From,
303 2063 394 2094 posco
418 2055 457 2085 de
479 2056 611 2086 consule.
658 2054 814 2096 Angelic.
838 2058 868 2087 l.

168 2107 206 2134 et
230 2103 436 2143 Gregorian.
464 2107 496 2136 2.
525 2108 714 2145 prognatam
741 2105 868 2144 deposco

163 2155 256 2194 patre
272 2152 434 2193 puellam]

208 2205 250 2234 71
275 2201 379 2243 Stolo]
397 2202 494 2233 stola
510 2201 616 2233 vestis
631 2206 684 2232 est
698 2207 867 2233 matrona·

167 2261 254 2284 rum.
297 2252 376 2283 Meo
389 2251 499 2292 quum]
522 2252 635 2285 Quum
651 2251 814 2284 incendor
829 2253 867 2284 li·

166 2299 294 2332 bidiue.
339 2300 438 2341 [Vat.
455 2301 568 2332 Palae.
582 2303 614 2332 3.
630 2311 698 2332 mea
711 2301 813 2342 dum]

209 2352 253 2382 72
270 2349 358 2387 Quia
380 2349 592 2390 responderet]
620 2350 711 2382 Quid
728 2360 868 2390 respon-

169 2398 270 2431 deret
306 2399 454 2430 Villius?
513 2400 634 2438 Magno
668 2403 758 2440 putre
793 2404 870 2432 nato

167 2450 269 2489 puella
293 2449 356 2488 est]
379 2449 468 2480 Haec
498 2448 620 2479 nobilis
645 2449 760 2489 puella
785 2459 870 2490 prae-

170 2497 314 2530 ferenda
329 2502 383 2528 est
399 2496 581 2528 libertinae.

213 2549 255 2580 73
270 2547 318 2578 At
332 2549 446 2587 qum-10
461 2546 587 2577 meliora
600 2546 717 2587 mmet]
737 2547 871 2579 Natura

172 2596 240 2628 suis
261 2595 382 2636 opibus
397 2599 570 2635 contenta,
585 2602 715 2637 quanto
730 2598 872 2629 meliora

171 2650 288 2678 monet
302 2654 401 2686 quam
422 2648 471 2684 tu,
486 2654 506 2676 o
521 2645 622 2677 Villi?
668 2647 870 2689 Pugnantia]

172 2696 260 2727 'I'uae
274 2694 425 2735 opinioni
442 2695 626 2726 contraria.

215 2748 258 2777 74
281 2744 394 2785 Recte]
414 2743 452 2776 Si
477 2747 515 2774 tu
540 2745 624 2777 velis
644 2755 719 2778 cum
741 2747 870 2779 ratione

174 2805 302 2828 vivere.

214 2850 273 2891 [⁷5
297 2849 377 2880 Vat.
395 2852 428 2881 7.
450 2853 483 2885 ot
499 2848 587 2890 nom]

1503 303 1615 344 1603

956 409 999 438 76
1023 408 1088 439 Tuo
1102 407 1194 448 vitio]
1214 407 1283 438 Suo
1298 404 1431 437 laborat
1454 405 1536 437 vitio
1559 409 1615 448 qui

915 457 1014 488 rebus
1031 457 1156 488 oblatis
1172 466 1192 487 a
1208 460 1332 487 natura
1348 465 1414 487 non
1439 461 1534 488 recte
1551 459 1616 488 uti-

914 511 981 541 tur,
1013 515 1124 537 rerum
1154 506 1237 537 vitio
1265 505 1413 546 laborat,
1438 506 1536 546 cujus
1559 515 1617 538 ue-

914 556 1066 588 cessitati
1084 556 1209 597 aliquid
1227 556 1334 588 deest.
1359 557 1503 588 Tor-rent.
1550 557 1619 589 'nm

912 606 992 638 vitio
1018 616 1160 638 rerumne
1179 606 1315 646 labores]
1338 606 1432 638 Nihil
1449 606 1616 640 iuteresse

914 661 1015 698 putas
1046 657 1168 688 vitiosa
1198 656 1401 698 cupiditate,
1430 666 1473 687 an
1504 666 1617 689 rerum

915 707 1057 748 penuria
1073 706 1231 738 labores?

956 758 1015 799 [77
1039 757 1121 788 Vat.
1137 759 1168 788 7.
1190 757 1274 787 Vat.
1288 757 1384 787 Rom.
1401 760 1434 787 5.
1452 766 1470 787 a
1486 766 1532 788 m.
1548 766 1617 789 sec.

915 806 1067 848 aliusque
1084 806 1194 838 codex
1209 816 1264 847 ap.
1280 806 1411 837 Valart.
1433 806 1550 846 putea]

956 859 999 888 78
1021 857 1187 887 Macrones
1210 855 1374 896 sector-ier]
1398 856 1490 887 Libri
1520 866 1625 897 paene

915 915 1049 938 munes:
1074 906 1188 938 secturi
1203 909 1372 937 matronas.
1421 906 1481 937 Est
1501 911 1617 937 autem

908 956 997 997 juris
1018 957 1172 987 verbum.
1217 956 1385 996 Ulpianus
1408 956 1467 988 lib.
1486 965 1547 989 xv.
1574 956 1617 988 de

915 1007 1056 1050 Injuriis
1081 1012 1117 1039 et
1137 1008 1290 1039 Famosis
1315 1007 1459 1039 libellis:
1483 1008 1494 1025 ⁴
1512 1007 1616 1039 Aliud

916 1064 970 1088 est
981 1058 1157 1098 appellare
1169 1057 1177 1071 ’
1191 1057 1394 1098 (matronam
1410 1057 1544 1088 scilicet
1559 1062 1619 1088 aut

917 1106 1214 1147 virginem)‘aliud
1224 1106 1405 1137 adsectati.
1430 1105 1619 1147 Appellare

917 1163 984 1199 est,
1008 1157 1134 1189 blanda
1158 1157 1312 1188 oratione
1329 1156 1468 1187 alterius
1487 1156 1618 1196 pudici-

917 1208 997 1239 tiam
1016 1211 1207 1246 attentare3
1230 1207 1429 1238 adsectatnr
1451 1207 1509 1248 qui
1535 1207 1619 1238 taci-

918 1262 972 1289 tns
1013 1256 1212 1299 frequenter
1259 1257 1436 1298 sequitur:
1483 1257 1620 1288 assidua

917 1308 1006 1338 enim
1036 1307 1226 1339 adsectatio
1252 1307 1347 1348 quasi
1374 1306 1507 1347 praebet
1535 1317 1620 1340 non·

917 1358 1042 1388 nullam
1059 1356 1254 1388 infamiam!
1274 1357 1417 1387 Torrent.
1467 1357 1559 1387 Unde
1572 1357 1620 1388 la·

915 1405 1016 1446 boris]
1040 1405 1070 1437 A
1091 1405 1212 1447 quibus
1238 1405 1413 1445 matronis,
1436 1405 1470 1436 id
1486 1409 1552 1442 est,
1575 1415 1628 1449 ex,

916 1455 1008 1487 coitu
1033 1465 1110 1487 cum
1133 1460 1300 1487 matrona.
1346 1455 1482 1496 [Desine
1503 1455 1626 1487 sectori

915 1508 1075 1535 matronas
1089 1503 1189 1535 codd.
1206 1514 1261 1544 ap.
1273 1505 1385 1537 Jaeck
1403 1509 1439 1536 et
1457 1505 1590 1546 Feam.]

958 1556 1000 1585 79
1025 1555 1127 1590 Quam
1156 1564 1196 1585 ex
1225 1553 1274 1594 re]
1306 1554 1390 1585 Plus
1414 1554 1622 1586 incommodi

915 1608 969 1636 est
985 1614 1028 1636 ex
1046 1604 1225 1645 adulterio,
1241 1614 1342 1646 quam
1365 1614 1406 1636 ex
1429 1614 1466 1635 re
1490 1603 1621 1636 facien·

916 1654 969 1685 dae
987 1655 1157 1686 utilitatis.

958 1706 1001 1735 80
1022 1705 1087 1734 Nec
1102 1704 1202 1742 magis
1216 1703 1287 1734 huic
1300 1703 1398 1743 iuter]
1418 1703 1494 1735 Nec
1509 1703 1620 1734 femur
1654 1708 1663 1711 “

917 1753 1023 1791 magis
1041 1758 1194 1783 tenerum
1211 1758 1265 1783 est
1285 1753 1364 1784 huic
1380 1758 1543 1784 matronae
1560 1762 1620 1783 no.

918 1801 990 1841 bili,
1007 1811 1106 1843 quam
1124 1806 1263 1843 togatae.

961 1854 997 1882 81
1018 1851 1072 1882 Sit
1087 1852 1159 1883 licet
1173 1853 1229 1882 hoc
1243 1850 1440 1891 Choerinthe]
1453 1851 1625 1892 Apostro-

920 1899 985 1939 phe
1008 1901 1051 1931 ad
1078 1901 1309 1932 Cliaeriuthum
1327 1911 1471 1942 puerum
1494 1901 1621 1934 formo.-

919 1960 992 1981 sum
1009 1955 1043 1982 et
1060 1952 1199 1991 gemmis
1215 1956 1385 1983 ornatum.
1423 1951 1620 1992 Char-inme]

919 2001 1005 2031 Mss.
1036 2005 1095 2032 aut
1122 2001 1260 2037 cerinte.
1286 2005 1346 2032 aut
1375 2001 1534 2041 Cher-inte,
1561 2003 1620 2033 ba.

918 2050 1014 2082 bent.
1058 2051 1123 2082 Sed
1155 2060 1272 2091 parum
1299 2048 1418 2081 refert.
1472 2051 1623 2083 Cerinthe

918 2101 1026 2140 magis
1050 2101 1190 2132 arridet.
1235 2101 1312 2132 Fuit
1343 2106 1457 2131 autem
1489 2101 1622 2132 adoles-

917 2159 997 2180 cens
1021 2150 1104 2180 mire
1125 2149 1291 2181 formosus
1315 2158 1354 2180 ac
1375 2154 1554 2190 venustus,
1576 2150 1620 2182 ob

916 2197 951 2228 id
965 2197 1130 2238 Sulpiciae
1146 2197 1195 2229 illi
1211 2198 1417 2229 carissimus.
1439 2197 1525 2229 Cum
1537 2207 1620 2239 ergo

918 2247 1007 2279 ultro
1032 2258 1052 2279 a
1077 2249 1238 2280 matronis
1262 2252 1495 2289 appeteretur,
1516 2253 1620 2291 atque

916 2298 947 2329 ei
963 2306 1038 2329 sese
1056 2298 1293 2337 venditarem3
1316 2298 1404 2330 bene
1421 2307 1483 2339 per
1498 2307 1621 2339 paren-

917 2347 1027 2378 thesin
1044 2347 1085 2378 ad
1103 2348 1302 2379 Cerinthnm
1327 2348 1525 2388 digrediens
1549 2348 1619 2379 Ho-

918 2401 981 2425 rat.
1025 2395 1104 2426 Hoc
1121 2396 1196 2435 tibi,
1210 2397 1333 2437 inquit,
1347 2397 1547 2437 permissum
1563 2398 1620 2435 sit,

917 2445 981 2476 hoc
999 2446 1186 2485 peculiare,
1201 2451 1239 2477 ut
1254 2447 1346 2477 inter
1359 2456 1564 2486 gemmarum
1582 2452 1620 2478 et

919 2495 1080 2526 unionum
1097 2494 1248 2535 fulgores
1263 2506 1339 2526 cum
1357 2497 1519 2527 matronis
1534 2495 1621 2526 deli-v

918 2545 988 2576 cias
1004 2543 1125 2575 facias.
1170 2544 1239 2576 Alii
1259 2546 1306 2575 sic
1323 2546 1617 2585 interpretantur:

921 2595 1230 2635 Gemmato‚quam
1256 2595 1424 2631 inornato,
1448 2603 1515 2625 non
1542 2603 1618 2626 esse

919 2645 1099 2676 delicatius
1129 2643 1249 2676 femur.
1306 2643 1370 2676 Vel
1401 2645 1479 2676 hinc
1509 2643 1619 2676 femur

919 2696 984 2727 boe
1004 2701 1096 2727 tuum
1121 2705 1188 2727 non
1211 2699 1264 2726 est
1288 2695 1451 2734 tenerius,
1466 2695 1555 2736 quod
1572 2696 1620 2727 sit

920 2752 1122 2787 gemmatum
1147 2750 1183 2778 et
1204 2746 1384 2777 unionibus
1407 2745 1619 2780 distinctum,-

902 2791 999 2828 'vid.
1014 2796 1161 2828 Turneb.
1179 2805 1233 2828 xi.
1250 2799 1303 2828 28.
1353 2796 1462 2834 ssiam,
1479 2798 1619 2829 tenerum

854 2864 857 2867 <
919 2847 980 2889 est]
1005 2847 1101 2878 Licet
1122 2848 1184 2879 hoc
1200 2847 1242 2879 sit
1259 2852 1366 2883 tuum,
1383 2855 1506 2887 nempe
1523 2846 1615 2878 unio÷
