1930 3204
465 307 672 342 noRA‘ru
703 306 977 339 camimum
1011 309 1106 340 mn.
1138 309 1201 339 ιν.
1231 299 1302 341 12.

158 401 257 434 uibus
273 411 316 434 ex
340 402 456 442 Qvidii
483 403 568 435 Met.
591 410 643 433 vr.
670 399 854 432 Pandionis

157 453 300 485 filiarum
315 459 352 486 et
365 453 468 486 Terei
483 452 612 492 fabula,
636 461 702 493 qua
727 451 798 492 ipse
821 451 855 482 in

148 504 330 546 Upupam,
360 504 493 536 illarum
529 504 635 535 altera
663 501 696 532 in
735 501 854 533 Lusci·

157 553 261 593 niam,
284 555 391 586 altera
431 553 465 585 in
500 551 739 590 uin-udinem,
763 550 854 583 filius

157 603 232 644 Itys
247 604 281 635 in
298 604 514 644 minianum,
537 607 609 639 aut,
631 612 707 644 quae
730 611 855 643 pauco-

158 663 232 685 rum
257 654 370 696 opinio
393 659 458 694 est,
484 654 518 686 in
543 653 745 686 Carduelem
775 662 855 685 con-

159 704 248 736 versi
274 704 564 739 traduntur-stne
591 703 773 734 hirundine
801 703 854 735 hic

157 753 337 786 Horatium
353 754 445 796 loqui
459 762 558 786 nemo
573 753 774 793 negaverit;
798 762 854 784 ve·

156 804 202 835 ris
222 804 311 836 enim
335 804 519 836 adventum
535 803 608 835 avis
623 803 681 834 illa
695 803 853 834 nuntiat:

157 863 233 894 quas
244 863 322 885 vero
330 859 529 895 sequuntur,
538 853 676 894 proprie
690 852 732 884 ad
750 854 854 892 Prog-

154 911 232 935 ηοω
247 907 420 944 spectant.
465 902 552 935 Haec
583 903 673 935 enim
702 907 739 934 et
764 902 855 944 quod

153 953 306 985 Barbaro
320 948 486 997 nupserit,
513 958 548 986 et
565 954 655 996 quod
678 952 854 985 infandum

153 1003 235 1035 illud
250 1005 363 1036 scelus
383 1004 561 1045 struxerit,
583 1003 854 1044 Cecropidarum

153 1052 279 1085 nomini
305 1057 474 1086 aeternum
504 1053 727 1094 opprobrium
764 1052 854 1085 intu-

154 1103 209 1135 lit.

196 1156 218 1185 6
240 1153 359 1193 Infelix
369 1153 454 1195 anis]
464 1153 638 1194 Hirundo,
650 1154 728 1185 olim
746 1153 855 1194 Prog-

154 1212 198 1234 ne
220 1203 407 1235 Pandionis
423 1203 514 1244 regis
531 1202 752 1235 Atheniensis
775 1202 856 1243 filia,

154 1251 317 1284 flebiliter
333 1253 412 1294 Ityn
427 1252 532 1284 filium
544 1261 684 1294 gemeus
699 1262 718 1283 a
745 1261 783 1283 se
805 1252 855 1283 in-

155 1301 355 1341 terfectum,
372 1303 447 1343 jam
461 1302 576 1333 nidum
594 1302 705 1342 ponit.
744 1302 855 1333 Cem-

150 1352 214 1392 pioe
234 1351 358 1392 domn]
388 1351 505 1383 Codex
534 1350 779 1382 Laurentianus
797 1352 856 1382 Ce-

152 1401 288 1442 mpii«
298 1401 394 1441 legit.
422 1400 574 1440 Cecrops
589 1405 704 1430 autem
718 1399 854 1430 natione

153 1450 345 1491 AEgypfins,
355 1450 397 1482 ad
412 1449 558 1481 Acteum
575 1459 636 1481 seu
652 1449 855 1488 Acteonem‚

152 1500 187 1531 in
202 1500 339 1539 Aetam,
356 1509 432 1541 quae
444 1504 523 1541 post
540 1499 657 1532 Attica
673 1500 768 1531 dicta
783 1505 848 1541 est,

153 1550 316 1589 veniens;
338 1549 410 1581 filia
435 1550 510 1591 ejus
532 1560 639 1581 uxore
662 1551 778 1590 ducta,
793 1559 853 1591 op-

152 1600 268 1641 pidum
284 1610 304 1632 a
331 1610 368 1632 se
393 1601 583 1641 appellavit
605 1600 855 1642 ‘Cecropiam‚'

153 1649 397 1692 ubi,utinquit
407 1650 498 1682 Plin.
514 1659 582 1682 vn.
606 1653 661 1682 56.
687 1660 777 1683 nime
799 1656 853 1683 est

153 1709 216 1734 arx
233 1699 389 1733 Athenis.
410 1700 422 1718 ‘
436 1701 640 1742 Cecropiam
650 1700 660 1714 '
675 1711 758 1742 ergo
774 1701 785 1719 ‘
794 1701 852 1733 do·

153 1749 270 1789 mum‚’
289 1750 379 1791 quod
404 1755 502 1782 recte
526 1755 642 1782 monet
658 1749 853 1789 Lambinus,

154 1806 221 1829 non
243 1807 307 1839 pro
322 1799 430 1839 stirpe
447 1799 624 1838 Cecropis,
638 1798 698 1830 sed
723 1799 854 1839 simpli·

154 1846 242 1878 citer
255 1856 318 1887 pro
339 1856 457 1887 regno,
479 1847 568 1888 quod
587 1846 744 1879 fundavit
767 1848 854 1889 ipse,

156 1895 374 1936 accipiemus.
410 1896 500 1928 Tan-r.
546 1896 704 1938 cecropiae
732 1897 856 1938 domus]

156 1945 311 1977 Familiae
327 1954 444 1986 regum
461 1945 719 1979 Atheniensium
731 1957 854 1989 perpe·

157 2000 217 2026 tua
252 1993 406 2035 infamia,
442 2000 586 2037 propter
611 1996 789 2029 immanem
819 1999 853 2030 in

155 2053 252 2076 suum
278 2043 383 2076 filium
408 2045 658 2078 crudelitatem.
703 2047 854 2089 Cecrops

153 2093 224 2126 dux
239 2097 311 2126 erat
331 2094 604 2131 Atheniensium,
624 2095 714 2127 unde
734 2096 852 2130 domus

154 2143 333 2184 Cecropia,
350 2153 412 2185 pro
427 2143 554 2176 familia
568 2145 780 2177 Atheniensi.

195 2196 216 2226 8
239 2193 364 2234 Regum
386 2197 433 2226 est
457 2195 523 2226 ulta
543 2194 702 2236 libidines]
726 2195 852 2228 Infelix

152 2244 243 2286 qnod
258 2244 364 2277 Terei
380 2245 492 2277 mariti
517 2246 568 2277 sui
586 2245 762 2278 barbaram
778 2247 851 2279 libi-

153 2294 268 2327 dinem
283 2294 318 2327 in
337 2294 526 2328 Philomela
538 2297 793 2337 constupranda
804 2299 852 2329 ul-

154 2348 192 2376 ta
203 2348 256 2376 est
267 2345 366 2382 male,
379 2345 414 2376 id
429 2349 494 2385 est,
508 2345 703 2386 parricidio.
717 2347 853 2387 [Mark-

154 2392 244 2424 land.
260 2403 316 2434 ap.
331 2393 456 2429 Jaeck,
471 2394 623 2426 Threcum
636 2395 711 2436 est]

196 2444 220 2473 9
232 2442 349 2474 Dicunt
359 2443 394 2474 in
406 2445 511 2474 tenero
523 2444 666 2483 gramine
671 2445 852 2486 pinguium]

157 2490 322 2523 Pastor-es
341 2491 560 2524 modulantur
574 2494 725 2526 carmina
739 2494 773 2526 in
794 2494 853 2527 ho·

156 2549 271 2572 norem
283 2540 411 2573 Panos.

201 2593 236 2622 11
263 2590 377 2631 Deam,
399 2591 452 2623 cui
462 2592 568 2633 μου]
584 2593 773 2624 Delectant
787 2593 854 2624 Pa-

157 2649 200 2671 na
220 2639 346 2671 fistulae
372 2641 595 2673 inventorem.
642 2641 742 2681 Nigri
764 2643 855 2674 colles

156 2689 321 2730 Arcadia]
359 2689 413 2722 Ita
443 2699 469 2723 1.
500 2690 568 2723 od.
593 2692 646 2723 21.
701 2692 711 2709 ‘
729 2691 855 2731 Nigr-as

156 2739 356 2781 Erymanthi
370 2740 482 2781 sylvas
493 2743 501 2756 ’
516 2740 614 2773 dixit.
647 2739 757 2781 Atqui
770 2741 854 2782 Ery-

157 2791 311 2821 manthus
326 2799 420 2823 mons
434 2790 592 2823 Arcadiae
608 2795 683 2822 est:
707 2800 784 2822 nam
807 2792 854 2823 lo-

157 2840 272 2882 quitur
301 2840 357 2872 hic
387 2840 430 2872 de
453 2840 595 2873 collibus
618 2840 787 2883 sylvisque
811 2841 854 2873 ad

1490 301 1603 343 1523

906 402 1111 441 pascendum
1129 401 1274 434 idoneis.
1294 404 1382 436 Tm.
1426 404 1529 444 Nigri
1544 408 1603 436 col-

904 453 948 483 les
961 452 1126 494 Arcadiae]
1151 454 1263 485 Colles
1279 452 1426 492 feraces,
1441 454 1520 494 quia
1537 458 1605 485 ter-

905 512 943 533 ra
971 502 1067 542 nigra
1087 503 1268 534 frumentis
1299 507 1351 535 est
1382 503 1525 544 optima.
1551 506 1604 535 vel

904 552 994 592 nigri
1023 552 1140 591 colles,
1170 551 1204 583 id
1233 558 1299 589 est,
1326 553 1429 584 colles
1455 552 1606 584 umbrosi

905 606 1046 643 propter
1061 602 1184 643 sylvas.

948 654 987 683 13
1010 651 1182 684 Adduxere
1205 653 1293 684 sitim
1306 656 1443 694 tempora
1465 653 1602 695 Vir-gili]

905 703 937 736 0
950 703 1086 744 Virgili,
1109 705 1184 735 haee
1201 710 1370 745 tempora,
1387 706 1420 738 id
1439 711 1503 744 est,
1517 708 1606 738 veris

905 753 1096 793 amoenitas,
1108 759 1144 785 et
1157 753 1244 785 aiii-is
1257 756 1445 796 temperies
1460 756 1608 788 suadent

904 803 1070 842 laetitiam,
1095 810 1129 834 et
1154 804 1304 836 invitant
1320 805 1361 836 ad
1379 805 1604 847 voluptatem.

903 852 1066 893 [Adrexere
1078 853 1244 894 Guelph.]

948 907 988 935 15
1010 904 1049 935 Si
1062 903 1176 944 gestia]
1200 904 1235 936 Si
1263 904 1484 938 vehementer
1509 906 1607 947 cupis

904 951 1017 984 vinum
1033 954 1194 985 Calenum
1208 954 1338 986 bibere.
1382 956 1538 988 Juvenum
1553 966 1608 988 no·

905 1002 1026 1043 biliam]
1041 1003 1093 1034 Ad
1105 1005 1223 1036 Caium
1237 1009 1270 1035 et
1282 1005 1423 1036 Lucium
1437 1006 1606 1047 caesara,

905 1053 1051 1092 Augusti
1063 1054 1164 1093 filios,
1182 1053 1308 1086 referre
1320 1055 1450 1087 malim:
1467 1055 1500 1086 hi
1518 1056 1609 1086 enim

905 1107 914 1120 ¹
931 1104 1103 1144 principes
1128 1104 1321 1144 juventutis
1336 1104 1345 1116 '
1381 1104 1464 1136 dicti
1495 1104 1608 1144 fuere,

906 1153 990 1184 utin
1008 1152 1153 1193 Augusti
1174 1154 1317 1184 nummis
1335 1154 1461 1194 legitur
1478 1165 1485 1185 :
1510 1155 1551 1187 C.
1569 1155 1610 1187 L.

906 1202 1078 1234 cassinas
1104 1202 1263 1234 Avensa-1
1301 1203 1340 1235 F.
1372 1203 1454 1235 COS.
1480 1203 1609 1236 Desm-

905 1252 1038 1285 Pmuc.
1054 1261 1208 1285 Juvnu‘r.
1252 1253 1318 1284 Vel
1337 1253 1542 1294 simpliciter
1564 1254 1608 1286 de

906 1304 1058 1335 Romana
1077 1305 1262 1344 juventute
1287 1304 1432 1346 intelligi
1455 1305 1610 1345 poterit;

905 1353 970 1384 nisi
985 1352 1076 1384 forte
1092 1354 1272 1394 Virgilium
1288 1363 1356 1384 una
1371 1364 1447 1385 cum
1464 1355 1611 1386 Caesari-

905 1401 968 1432 bus
983 1401 1255 1443 Neronibusque
1271 1403 1313 1433 ad
1326 1412 1457 1434 caenam
1470 1403 1609 1435 invitet.

907 1451 1054 1483 Torrent.
1113 1453 1273 1483 Juvenum
1313 1453 1463 1484 nobilium
1499 1454 1610 1494 cliens]

907 1502 1040 1533 Claudii
1071 1507 1108 1534 et
1134 1503 1242 1534 Drusi
1277 1503 1509 1544 privignorum
1539 1503 1610 1535 Au·

904 1552 1009 1591 gusti.

948 1603 992 1633 16
1017 1602 1129 1633 Nan-do
1155 1602 1229 1633 vinu
1257 1601 1425 1643 merebere]
1455 1603 1610 1644 Propter

905 1657 1119 1692 unguentum
1136 1661 1179 1683 ex
1202 1651 1323 1683 Nardo
1340 1661 1402 1692 per
1418 1657 1452 1683 te
1469 1653 1610 1684 allatum

904 1705 940 1731 tu
950 1701 1098 1741 accipies
1110 1711 1130 1732 a
1141 1710 1194 1732 me
1205 1701 1319 1732 vinum
1331 1701 1507 1733 Calenum.
1518 1701 1610 1733 Vide

903 1759 929 1781 1.
947 1750 1015 1782 Od.
1027 1753 1080 1782 31.

948 1801 988 1830 17
1014 1799 1123 1831 Nar-di
1135 1809 1250 1840 paruus
1265 1799 1366 1841 onyx]
1379 1800 1504 1832 Vinum
1523 1810 1606 1842 prae-

905 1849 1151 1880 stantissimum
1168 1850 1321 1881 convivis
1348 1850 1570 1891 praebiturus,
1590 1861 1610 1882 a

905 1897 1052 1938 Virgilio
1070 1898 1220 1930 vicissim
1235 1899 1416 1930 collectam
1434 1899 1506 1931 sive
1520 1909 1610 1941 sym-

904 1948 1015 1980 bolam
1043 1949 1162 1989 exigit.
1208 1949 1347 1981 Coeuam
1374 1959 1457 1991 ergo
1478 1951 1611 1982 collati-

906 2007 981 2029 vam
1006 1998 1158 2030 instituit
1180 1999 1358 2038 Horatius,
1374 2005 1411 2031 et
1426 1999 1547 2032 cadum
1563 2000 1612 2031 in·

905 2052 1037 2088 tegrum
1055 2048 1123 2079 vini
1136 2048 1270 2089 optimi,
1282 2049 1406 2089 exiguo
1419 2050 1519 2081 nardi
1534 2059 1609 2081 vas-

903 2098 982 2129 culo
996 2098 1075 2130 elici
1093 2108 1193 2140 posse
1209 2099 1268 2131 ait.
1315 2100 1412 2140 Onyx
1439 2109 1522 2140 ergo
1547 2108 1609 2140 pro

905 2149 1043 2180 vasculo
1057 2149 1099 2179 ad
1130 2153 1304 2189 unguenta
1330 2158 1372 2180 ex
1401 2150 1533 2190 onyche
1561 2150 1609 2181 la-

904 2197 985 2238 pide
1011 2197 1173 2230 coni'ecto
1199 2198 1378 2240 accipitur.
1423 2200 1492 2233 Qui
1517 2199 1605 2241 lapis

903 2247 945 2278 ab
962 2248 1081 2288 unguis
1103 2248 1238 2279 humani
1255 2249 1482 2282 similitudine
1497 2250 1531 2281 in
1547 2260 1608 2282 no—

902 2298 1002 2330 minis
1014 2308 1150 2340 quoque
1166 2299 1365 2332 societatem
1379 2301 1486 2337 venit,
1496 2300 1606 2332 dictus

903 2348 1006 2379 etiam
1031 2353 1040 2366 ⁸
1057 2348 1300 2380 alabastrites!
1345 2349 1453 2380 Initio
1469 2349 1607 2390 quidem

903 2395 1022 2434 rarior,
1033 2401 1111 2435 post
1127 2397 1360 2427 invalescente
1386 2398 1480 2438 luxu,
1506 2398 1608 2429 etiam

903 2444 937 2476 in
963 2445 1137 2476 columnas
1166 2455 1207 2477 ac
1231 2447 1425 2486 pavimenta
1456 2447 1606 2479 transiit.

903 2494 948 2526 Et
960 2494 1117 2535 quoniam
1134 2495 1144 2511 ‘
1155 2494 1313 2534 onychis’
1326 2495 1518 2536 praecipnus
1527 2495 1608 2526 olim

902 2543 946 2574 ad
971 2548 1143 2583 unguenta
1172 2552 1264 2580 usus,
1294 2544 1372 2576 hinc
1402 2543 1547 2582 factum,
1570 2549 1607 2575 ut

904 2593 1132 2634 quodcunque
1146 2593 1318 2624 vasculum
1331 2592 1606 2633 unguentarium,

903 2644 1007 2675 etiarn
1023 2643 1162 2674 alterius
1177 2643 1347 2682 materiae,
1370 2652 1454 2683 onyx
1479 2642 1608 2675 dicere-

903 2697 968 2725 tur.
1010 2692 1099 2724 Vide
1116 2692 1204 2723 Plin.
1218 2700 1349 2723 xxxvr.
1363 2695 1394 2724 7.
1410 2697 1445 2724 et
1458 2701 1607 2725 xxxvrr.

903 2746 936 2774 6.
954 2743 1096 2775 Torreat.
1142 2742 1239 2783 Onyx
1261 2742 1364 2774 eliciet
1389 2741 1514 2782 cadum]
1537 2743 1606 2775 Pa-

904 2801 979 2824 rum
1010 2792 1175 2832 unguenti
1203 2792 1345 2823 multum
1378 2793 1447 2824 vini
1477 2793 1607 2825 eliciet.

908 2843 1004 2884 Onyx
1018 2843 1072 2875 liic
1088 2841 1258 2883 significat
1275 2842 1448 2874 vasculum
1463 2852 1507 2874 ex
1523 2852 1606 2887 ony-
