1916 3262
377 286 490 328 1304
843 299 884 336 q.
915 297 1120 328 HORA'ru
1155 299 1324 330 nnAccr

379 389 486 430 Non
503 391 670 431 laudem
688 388 837 430 merui.
896 388 993 430 Vos
1013 390 1280 443 exemplaria
1299 390 1457 434 Graeca

378 454 606 497 Nocturna
625 462 794 496 versate
814 467 960 504 mauu,
982 459 1150 497 versate
1171 457 1335 499 diurna.

375 517 435 561 At
455 522 587 562 vestri
605 522 756 574 proavi
777 520 1008 561 Plautinos
1029 526 1073 561 et
1091 533 1289 564 numeros
1312 526 1355 563 et

376 585 632 628 Laudavere
651 587 763 627 sales
780 599 791 637 ;
820 586 999 627 nimium
1017 587 1230 639 patienter
1247 592 1493 641 utrumque,

374 650 447 692 Ne
467 651 606 692 dicam
626 651 771 700 stulte,
791 651 954 701 mirati3
985 652 1024 691 si
1043 651 1174 692 modo
1195 662 1275 703 ego
1295 657 1341 693 et
1359 665 1441 694 vos

376 716 550 756 Scimus
571 717 826 757 inurbanum
847 716 995 770 lepido
1015 729 1223 769 seponere
1238 716 1368 767 dicto,

376 781 727 835 Legitimumque
747 794 903 823 sonum
923 783 1074 835 digitis
1095 783 1306 824 callemus
1326 787 1370 825 et
1388 796 1503 824 aure.

374 849 576 900 Ignotum
589 849 764 901 tragicae
786 861 922 902 genus
941 849 1163 890 invenisse
1184 848 1401 891 Camoenae

1709 522 1794 564 270

1712 851 1796 892 275

371 975 490 1015 culpam
511 977 649 1017 effugere
673 979 806 1019 quidem,
828 980 881 1011 sed
903 989 962 1010 non
984 981 1101 1011 laudem
1121 989 1268 1012 mertoero.
1310 980 1430 1019 Itaque,
1445 978 1642 1018 Pisone⁸‚‹12·e
1655 980 1798 1017 nocteque

371 1017 488 1057 scripta
505 1020 683 1051 Groecorum
694 1021 836 1052 evolvite.
883 1021 995 1052 Verum
1010 1022 1138 1060 majores
1149 1021 1248 1052 nostri
1267 1024 1296 1051 el
1308 1031 1446 1052 numeros
1467 1025 1499 1052 et
1515 1021 1601 1059 joco·
1618 1020 1724 1051 Plauti·
1743 1027 1798 1065 ap:

367 1059 598 1095 probaverunt.-
618 1065 700 1092 certe
723 1066 866 1101 utrosque
882 1063 1014 1100 facilius
1027 1073 1116 1103 quam
1134 1073 1194 1102 par
1209 1066 1265 1101 est,
1279 1072 1317 1093 ne
1340 1062 1438 1094 dicam
1451 1063 1561 1093 stolide
1581 1060 1728 1092 admirati
1735 1070 1748 1096 ;
1769 1068 1798 1089 st

370 1099 491 1136 quidem
512 1111 567 1139 ego
588 1105 619 1132 et
640 1112 692 1133 vos
711 1103 848 1133 novimus
861 1103 1030 1140 infacetum
1054 1114 1220 1135 sermonem
1239 1114 1259 1135 a
1283 1107 1408 1135 venusto
1418 1104 1621 1142 distinguere,
1635 1105 1667 1132 et
1681 1103 1798 1132 rectum

371 1142 523 1172 modulum
536 1143 683 1174 sentimus
695 1144 806 1182 digitis
819 1147 910 1184 atque
930 1146 1064 1176 auribus.
1112 1146 1238 1185 Thespis
1259 1146 1406 1186 reperisse
1420 1145 1528 1183 fertur
1550 1143 1691 1183 Tragicoe
1703 1149 1797 1173 mum

969 1235 1206 1248 ‘emm

370 1297 432 1326 267
456 1295 534 1327 vat.
552 1297 647 1328 Rom.
659 1300 691 1329 7.
713 1302 748 1329 et
765 1299 841 1330 Vat.
863 1300 974 1331 Palat.
989 1303 1021 1331 4.
1038 1303 1264 1340 captus.—268
1288 1300 1365 1332 Vat.
1386 1301 1482 1332 Rom.
1504 1302 1536 1331 7.
1559 1309 1612 1331 πει·
1626 1299 1797 1331 laudem.—

369 1339 433 1367 269
455 1337 534 1368 Vat.
550 1341 600 1369 19.
615 1343 645 1369 et
660 1344 778 1370 versate
792 1342 1022 1371 diarum—270
1043 1343 1053 1359 ⁸
1067 1342 1113 1373 At
1127 1342 1226 1372 nostri
1244 1343 1332 1373 Vatt.
1348 1345 1378 1373 7.
1393 1345 1424 1373 9.
1446 1342 1526 1372 vat.
1542 1341 1636 1372 Rom.
1652 1343 1683 1372 7.
1698 1342 1729 1370 9.
1745 1340 1798 1370 10.

373 1379 424 1407 11.
448 1377 594 1409 Cbisian.
609 1382 639 1411 6.
655 1381 834 1414 Barberin.
845 1384 878 1412 2.
896 1390 978 1411 unns
993 1382 1104 1413 Pulm.
1128 1382 1235 1413 Aldus
1254 1385 1346 1413 1501.
1364 1385 1457 1413 1509.
1474 1384 1567 1412 1519.
1581 1381 1689 1413 Junta
1702 1381 1796 1411 1⁵03.

370 1417 488 1449 Basili.
503 1422 596 1451 1527.
615 1423 708 1451 1531.
733 1422 833 1453 Dion.
851 1422 894 1453 ab
911 1422 1034 1454 Harsio
1050 1422 1160 1462 Lugd.
1177 1426 1270 1454 1538.
1293 1423 1339 1454 H.
1356 1423 1474 1462 steph.
1491 1423 1615 1453 Muret.
1632 1422 1797 1461 Desprez,

372 1459 625 1492 Boudxralbot.
641 1462 727 1494 Dae.
743 1463 874 1494 Valart.
891 1464 1028 1502 Dorigli.
1045 1468 1080 1495 et
1096 1465 1192 1495 venia
1209 1463 1378 1503 indignus,
1394 1463 1539 1501 Schelle,
1553 1462 1608 1503 qui
1628 1463 1732 1493 multa
1749 1461 1798 1492 cf-

371 1499 453 1531 futit
469 1501 584 1542 inepta
599 1509 718 1534 contra
731 1503 948 1535 Remmium?
973 1505 1045 1536 Fen.
1087 1504 1134 1536 At
1146 1507 1242 1536 vestri
1261 1506 1354 1536 Vatt.
1372 1507 1402 1536 l.
1419 1507 1449 1536 2.
1463 1507 1494 1536 3.
1508 1507 1541 1536 4.
1561 1507 1593 1535 8.
1609 1506 1661 1534 17.
1677 1505 1728 1534 18.
1743 1505 1796 1535 19.

370 1544 423 1573 21.
446 1542 540 1574 Vatt.
555 1545 650 1575 Rom.
662 1548 691 1576 2.
709 1547 740 1576 3.
755 1549 786 1576 5.
801 1549 833 1577 6.
849 1548 880 1576 8.
902 1546 996 1578 Vatt.
1011 1547 1124 1578 Palat.
1138 1549 1168 1578 1.
1184 1550 1215 1578 3.
1228 1549 1259 1578 4.
1284 1547 1359 1578 Vat.
1377 1546 1538 1578 Ottobon.
1552 1548 1583 1577 2.
1607 1545 1754 1576 chisian.
1766 1546 1800 1575 1.

371 1582 530 1623 Angelic.
548 1587 577 1616 1.
595 1589 626 1617 3.
642 1585 819 1619 Barberin.
835 1590 865 1618 1.
889 1587 1043 1618 vallicel.
1061 1590 1089 1619 1.
1101 1591 1132 1619 8.
1155 1597 1268 1619 omnes
1290 1587 1457 1626 Lambini,
1472 1587 1568 1619 Harl.
1583 1588 1613 1619 l.
1627 1589 1658 1617 2.
1674 1588 1705 1618 3.
1719 1587 1752 1616 4.
1766 1587 1798 1616 6.

368 1626 400 1655 7.
423 1634 534 1656 omnes
551 1627 699 1667 Cmqnii,
714 1637 774 1658 sex
797 1629 988 1664 Pulmanni,
1004 1628 1130 1668 Acron,
1151 1630 1403 1661 Commentator
1419 1628 1572 1669 Cruquii‚
1587 1632 1739 1658 notatum
1755 1635 1799 1657 ex

370 1665 447 1696 cod.
463 1667 495 1695 in
511 1676 570 1696 ora
584 1666 660 1698 ΑΜ.
676 1671 769 1699 1509.
784 1670 944 1700 Bibliotli.
962 1670 1141 1701 Barberin.
1157 1671 1269 1701 Zarot.
1283 1677 1318 1701 et
1333 1671 1472 1701 Venett.
1488 1671 1581 1701 1478.
1593 1670 1688 1700 1479.
1700 1670 1795 1699 1481.

371 1708 465 1736 1486.
482 1709 576 1739 1490.
592 1710 685 1740 1492.
702 1712 795 1741 1495.
812 1713 905 1741 1514.
920 1713 1013 1741 1546.
1029 1711 1157 1742 Probat
1173 1711 1214 1742 P.
1231 1712 1349 1742 Victor
1365 1719 1424 1742 xv.
1438 1714 1490 1742 13.
1505 1716 1539 1741 et
1556 1710 1611 1741 alii
1624 1709 1800 1749 innumeri,

369 1751 408 1777 ut
423 1748 466 1778 sit
483 1749 630 1788 vulgata.
674 1750 683 1767 ‘
698 1751 796 1781 Hanc
811 1752 987 1782 lectionem
1004 1751 1114 1783 firmat
1129 1757 1317 1783 contextus.
1359 1752 1468 1782 Venia
1484 1751 1608 1782 dicitur
1628 1751 1709 1783 data
1725 1749 1792 1782 Ro-

368 1789 475 1819 manis
490 1789 610 1830 poetis,
627 1792 812 1831 praesertim
830 1792 963 1830 Plauto,
979 1802 998 1823 a
1013 1793 1143 1832 proavis
1159 1793 1331 1829 Pisonum,
1348 1802 1469 1833 nempe
1483 1792 1676 1823 aRomanis.
1698 1792 1791 1824 Quo-

369 1831 469 1861 modo
485 1831 662 1871 Hotatius,
679 1834 736 1873 qui
754 1833 920 1864 Romanus
936 1843 1002 1864 non
1027 1839 1113 1874 erat,
1139 1834 1308 1875 etiamque
1323 1834 1511 1872 libanium,
1533 1833 1599 1864 huc
1613 1842 1689 1864 suos
1705 1842 1800 1873 proa-

373 1879 430 1902 vos
448 1874 620 1912 appellare
637 1880 771 1914 poterat
784 1874 808 1905 Ρ
830 1875 907 1906 fea.
953 1875 998 1906 Et
1012 1877 1109 1907 vestri
1123 1877 1202 1907 Vat.
1219 1877 1315 1908 Rom.
1329 1878 1465 1907 4.-271
1489 1874 1632 1915 Cuning.
1647 1878 1799 1914 utrosque.

369 1915 475 1944 ——272
499 1915 566 1947 Nec
589 1916 688 1947 dicam
709 1916 938 1948 Schoenbom.
972 1918 999 1948 1.
1044 1917 1117 1948 Non
1137 1918 1236 1948 dicam
1258 1918 1336 1948 Vat.
1366 1916 1476 1948 Palat.
1501 1919 1533 1948 4.
1567 1925 1652 1947 unus
1678 1915 1799 1947 Achill.

369 1953 482 1994 Statii,
506 1963 540 1986 et
564 1957 616 1988 ed.
639 1957 868 1989 Sanam—2⁷3
891 1958 1012 1989 Scimus
1025 1959 1140 1990 urbano
1163 1960 1294 1990 Heller.
1331 1959 1447 1990 dictum
1471 1957 1619 1990 chisian.
1638 1960 1670 1989 6.
1692 1961 1728 1988 et
1751 1957 1800 1988 ita

369 2002 521 2027 notatum
537 2007 579 2028 ex
595 1997 670 2029 cod.
688 1999 720 2029 in
737 2009 796 2030 ora
812 1997 890 2031 Ald.
906 2002 998 2030 1519.
1014 2001 1047 2031 in
1070 2000 1230 2032 Bibliotli.
1252 2000 1516 2039 Augaia—2⁷4
1537 1999 1668 2031 Heller.
1687 1997 1799 2037 digito.

1008 2093 1150 2125 No'rAE

369 2160 412 2190 ga
425 2151 510 2182 bene
531 2151 611 2191 feci,
625 2158 684 2184 aut
708 2155 859 2186 consului
884 2154 1056 2194 fideliter3

369 2200 448 2231 Non
475 2201 590 2232 videor
613 2203 774 2234 meruisse
800 2203 942 2242 laudem,
957 2205 1058 2244 culpa

369 2249 518 2282 caruisse
540 2251 706 2282 arbitror!
750 2253 816 2286 Qui
839 2257 986 2284 erratum
1009 2253 1057 2284 vi-

370 2302 434 2338 tat,
463 2299 551 2339 quod
581 2299 694 2340 debet,
722 2309 788 2332 non
817 2301 894 2333 ideo
922 2302 1055 2334 laudem

368 2353 540 2387 meretur3
573 2349 633 2380 sed
660 2350 717 2390 qui
746 2351 928 2390 ingeniose,
954 2356 1056 2392 recte,

370 2395 551 2429 artificiose
566 2398 692 2434 scribit.
708 2399 734 2430 is
751 2400 916 2431 laudatur.

411 2447 473 2477 270
498 2446 660 2477 Plautinos
683 2451 714 2478 et
741 2457 882 2479 numeror
904 2452 936 2480 et
963 2449 1057 2490 sales]

368 2494 520 2526 Donatus
547 2495 579 2526 in
609 2496 732 2527 Pramo
757 2501 855 2528 notat
883 2502 919 2528 et
947 2499 1056 2540 carpit

368 2551 521 2574 numeros
552 2544 741 2576 inconditos
775 2550 810 2577 et
848 2548 1058 2587 peregrinos,

368 2592 449 2624 item
473 2594 559 2625 sales
574 2593 749 2634 frigidulos
771 2595 939 2627 interdum
955 2601 1055 2638 atque

367 2643 468 2673 ctiam
493 2643 661 2683 scurriles,
679 2646 742 2676 ἀΰ.
772 2645 808 2677 8.
831 2645 1054 2686 Hieronymus

368 2689 511 2731 Apolog.
540 2692 574 2723 in
601 2692 723 2724 Ruffiu.
754 2692 764 2710 ‘
781 2694 976 2726 Plautinum
1006 2705 1058 2727 sa-

367 2739 434 2770 lem
445 2739 454 2753 '
468 2740 563 2781 dicit,
580 2751 642 2781 pro
658 2742 802 2773 scurrili.
840 2743 993 2775 Laudant
1009 2748 1058 2775 ta-

368 2796 446 2820 men
462 2788 582 2821 Ciccro
602 2789 702 2823 Offic.
723 2800 747 2822 1.
768 2791 924 2825 Macrob.
942 2793 1060 2826 Satur-

1109 2155 1174 2186 nal.
1192 2163 1234 2186 11.
1252 2157 1281 2185 1.
1297 2153 1387 2185 Geli.
1401 2162 1457 2184 ιιι.
1474 2156 1506 2185 3.
1527 2152 1617 2184 Vide
1631 2161 1673 2184 ιι.
1686 2152 1798 2193 Epist.

1108 2213 1134 2236 1.
1150 2206 1204 2235 58.
1225 2204 1311 2234 Item
1328 2213 1379 2234 vs.
1396 2206 1468 2236 170.

1149 2256 1212 2285 274
1234 2252 1361 2293 Digiti-«1
1382 2256 1412 2284 et
1437 2251 1526 2292 aure]
1558 2250 1724 2284 Vei-snum
1750 2252 1798 2284 di-

1108 2303 1310 2334 mensionem
1327 2302 1442 2342 digitis
1457 2301 1585 2333 faciunt
1607 2309 1724 2343 parurn
1739 2311 1798 2333 ex-

1108 2353 1254 2388 ercitati,
1273 2352 1400 2384 aurium
1425 2361 1503 2382 vcro
1521 2351 1684 2392 judicium
1704 2351 1799 2383 adhi-

1107 2401 1189 2433 bent
1207 2402 1398 2441 peritiores.

1149 2452 1211 2481 275
1235 2450 1376 2488 Tragicoe
1394 2458 1493 2489 genus
1514 2449 1677 2490 invenisne]
1700 2449 1799 2482 Libet

1109 2499 1208 2530 altius
1235 2505 1389 2539 repetere
1418 2498 1582 2538 originem
1610 2497 1797 2538 Tragoediae

1108 2557 1147 2579 arc
1161 2548 1361 2579 dramatum.
1406 2546 1558 2578 Bacchus
1576 2545 1721 2578 Icarium
1737 2546 1798 2578 do-

1107 2602 1225 2629 cuerat
1241 2597 1394 2637 plantare
1409 2596 1507 2627 vites.
1550 2596 1618 2627 Hic
1633 2595 1666 2626 in
1681 2594 1798 2628 Attico

1109 2655 1188 2686 agro
1224 2646 1351 2677 hircum
1384 2645 1497 2676 vineas
1534 2644 1794 2685 depopulantem

1108 2695 1242 2726 Baccho
1269 2693 1442 2735 mactavit,
1458 2693 1650 2725 convocatis
1675 2691 1718 2724 ad
1742 2698 1795 2722 sa·

1110 2743 1275 2776 orificium
1291 2743 1422 2782 vicinis,
1437 2743 1492 2784 qui
1508 2742 1638 2774 choreis
1657 2745 1694 2772 et
1716 2746 1795 2771 can-

1110 2793 1225 2825 tilenis
1241 2792 1310 2824 Dei
1325 2791 1452 2825 laetitiae
1470 2789 1596 2822 datoris
1613 2787 1794 2820 vindictam
