1916 3262
350 273 459 316 1238
813 283 856 319 q.
892 280 1096 310 nouA'ru
1128 281 1298 312 nacci

352 376 563 417 Evaluere
579 388 744 424 sonum,
764 374 948 415 referunt
967 387 1089 428 quem
1110 379 1259 416 nostra
1277 376 1471 416 theatra'l

351 441 599 493 Garganum
619 441 778 493 mugire
795 446 922 492 putes
941 453 1103 489 nemuS‚
1123 445 1198 481 aut
1215 453 1330 481 mare
1349 438 1567 482 Tuscum:

349 506 492 546 Tanto
513 519 608 546 cum
630 506 806 558 strepitu
827 505 919 546 ludi
940 510 1204 558 spectantur,
1221 509 1264 547 et
1282 510 1407 556 artes,

353 570 618 623 Divitiaeque
637 571 898 623 peregrinae3
927 571 1083 624 quibus
1102 571 1260 611 oblitus
1281 575 1400 612 actor

352 635 463 677 Cum
484 637 602 676 stetit
621 636 663 676 in
683 649 827 685 scena,
843 637 1058 677 concurrit
1078 635 1258 676 dextera
1274 636 1412 677 laevae.
1676 635 1761 676 205

353 701 480 742 Dixit
499 701 639 742 adhuc
661 701 858 754 aliquid?
904 701 939 750 ἹῘ
963 701 1038 742 Nil
1059 714 1177 742 sane.
1225 700 1261 748 ἹῘ
1283 701 1398 751 Quid
1419 702 1564 755 placet
1582 713 1682 753 ergo
1696 701 1716 740 ‘l

355 764 391 813 ῚῘ
407 766 529 806 Lana
547 766 779 807 Tarentino
797 767 934 808 violas
952 767 1123 807 imitata
1142 779 1322 808 veneno.

353 830 422 871 Ac
441 843 495 871 ne
514 831 623 871 forte
644 835 770 883 putes
791 845 875 882 me,
893 845 993 886 quae
1011 833 1154 873 facere
1170 833 1265 886 ipse
1283 845 1490 880 recusem,

355 963 415 985 vox
427 960 527 995 posset
541 965 682 996 superare
696 967 832 988 mter-mur
843 958 920 997 quod
934 957 1064 989 reddunt
1079 957 1201 988 theatra
1215 961 1318 989 ποιέω
1327 957 1343 990 :1
1363 958 1467 989 credas
1481 956 1608 988 stridere
1624 953 1768 992 Gargani

355 997 455 1035 sylvas
467 999 514 1028 vel
533 998 696 1028 Etruscum
719 1008 820 1030 mare.-
843 1003 930 1030 tanto
951 1009 1018 1030 cum
1029 999 1161 1038 strepitu
1180 1003 1355 1038 spectantur
1367 999 1442 1038 ludi,
1456 997 1676 1039 artificiumsst
1697 1003 1768 1043 (ψει

355 1038 495 1074 exoh'coe,
516 1039 622 1078 quibua
643 1049 710 1070 cum
729 1042 932 1071 circumdatus
948 1041 1056 1071 histrio
1074 1039 1178 1080 prodit
1192 1041 1226 1071 in
1247 1041 1410 1080 theatrum,
1429 1041 1540 1071 dextra
1553 1038 1768 1082 simion-‹esuq-

352 1077 453 1114 gitur.
497 1079 550 1110 An
564 1080 710 1117 veroJ'am
735 1081 891 1120 quidpiam
916 1083 1031 1112 locutus
1044 1085 1110 1112 est?
1131 1082 1223 1112 Nihil
1244 1082 1385 1122 profecto.
1428 1081 1546 1120 Ecquid
1558 1079 1658 1117 igitur
1670 1077 1769 1108 admi·

354 1123 464 1150 rantur
477 1123 490 1149 .⁷
511 1120 654 1151 Parmam
679 1122 845 1153 Tarentino
859 1132 944 1153 succo
957 1123 1054 1153 violas
1065 1123 1248 1154 imitantem.
1291 1124 1340 1154 Ne
1353 1132 1422 1154 vero
1437 1120 1598 1153 arbitreris
1617 1128 1664 1150 me
1678 1125 1768 1159 parce

945 1214 986 1226 u
987 1214 1081 1227 00000
1082 1213 1179 1227 “m

356 1273 510 1302 ‹im—202
536 1273 702 1312 Garganus
724 1274 952 1308 Schoenborn.
977 1280 1007 1309 8.
1052 1287 1135 1308 mare
1155 1287 1270 1308 soevum
1291 1277 1370 1307 Vat.
1394 1277 1548 1307 ish—2⁰4
1570 1272 1667 1305 Harl.
1686 1273 1721 1303 2.
1739 1273 1771 1302 4.

355 1313 582 1343 Schoenborn.
598 1317 628 1343 3.
651 1315 745 1344 Vatt.
759 1319 790 1347 5.
803 1319 852 1346 16.
870 1319 920 1347 19.
936 1320 988 1348 24.
1012 1319 1088 1348 Vat.
1103 1319 1197 1348 Rom.
1211 1321 1239 1348 1.
1263 1318 1356 1348 Vstt.
1370 1317 1481 1348 Palat.
1499 1319 1527 1347 l.
1541 1318 1572 1346 6.
1595 1312 1772 1346 Barberin.

358 1356 388 1383 1.
417 1357 452 1383 et
470 1354 617 1384 Vallicel.
635 1357 665 1385 1.
685 1355 797 1386 oblitus
818 1360 1039 1388 auctoru—205
1065 1358 1212 1388 Constitit
1231 1367 1313 1387 unus
1334 1357 1440 1387 codex
1461 1355 1772 1387 Bersmanni.-206

360 1393 454 1424 Nihil
478 1404 551 1425 sane
565 1395 743 1436 Bamberg.
780 1398 833 1428 Nil
851 1399 950 1437 placet
962 1408 1035 1438 ergo
1053 1398 1280 1429 Schoenborn.
1300 1400 1434 1428 2.-207
1456 1397 1554 1428 Laena
1576 1395 1710 1426 Mar-cil.
1735 1398 1771 1425 et

357 1435 480 1466 Mat-kl.
497 1436 538 1466 ad
559 1436 645 1467 Stat.
663 1437 754 1476 Sylv.
767 1447 808 1469 rr.
824 1442 854 1469 3.
869 1448 901 1478 p.
916 1442 988 1470 101.
1010 1440 1089 1470 inde
1104 1438 1237 1470 Wakef.
1271 1439 1431 1470 Terentino
1445 1438 1626 1477 Bamberg.
1640 1437 1772 1467 ueneno?

358 1478 427 1507 tres
442 1476 540 1508 codd.
558 1477 752 1510 Feae.—208
773 1480 927 1512 Vallicel.
945 1483 974 1511 1.
987 1480 1181 1518 Annesorte.
1213 1480 1309 1511 Harl.
1323 1482 1355 1511 Δ.
1371 1481 1415 1511 Et
1428 1479 1670 1518 nefaria—209
1684 1477 1770 1508 Dum

1000 1573 1139 1605 NOTAE

358 1630 521 1662 Proverb.
545 1633 692 1664 Narrare
715 1635 827 1673 surdo,
851 1636 901 1666 vel
923 1635 1038 1673 asiuo;

357 1677 392 1707 id
408 1685 471 1714 est,
485 1679 592 1710 oleum
605 1685 640 1712 et
655 1690 790 1722 operam
809 1684 962 1723 perdere.
993 1684 1039 1714 A·

358 1725 445 1765 tello]
480 1727 672 1760 Plebeculae
699 1731 830 1763 stolidae
858 1737 893 1764 et
922 1737 1039 1763 contu-

358 1784 457 1806 macr.

405 1825 482 1860 Quae
494 1828 667 1866 pervincere
675 1838 770 1868 voces,
779 1830 847 1870 ξω]
862 1828 945 1863 Quis
957 1828 1041 1860 adeo

358 1874 484 1904 vocalis
512 1875 642 1913 histrio,
668 1878 877 1918 quantumvis
905 1883 1043 1909 conten·

360 1921 469 1958 deret,
485 1923 518 1954 in
534 1934 634 1956 scena
657 1931 769 1966 posset
788 1927 895 1958 audiri
913 1931 1041 1958 tantum

359 1969 447 2000 inter
470 1972 646 2012 strepitum
673 1974 903 2005 tumultuantis
926 1975 1043 2015 populi

360 2023 395 2050 et
411 2020 640 2054 vociferantis.

401 2070 462 2099 201
487 2070 638 2107 Referunt
665 2082 750 2111 quem
772 2075 876 2103 nostra
905 2072 1041 2112 theatra]

359 2117 414 2149 Ob
429 2117 586 2150 reflexam
603 2120 694 2152 echo.
720 2121 808 2152 Vide
824 2130 850 2152 1.
866 2121 931 2152 Od.
946 2124 998 2152 20.

401 2169 464 2198 202
497 2168 691 2209 Garganum]
726 2169 859 2210 Apuliae
884 2176 1041 2210 montem,

359 2215 401 2246 de
417 2225 482 2256 quo
498 2225 537 2248 11.
553 2217 620 2249 Od.
635 2221 667 2250 9.

400 2264 530 2304 Magire
561 2267 679 2307 nemus]
716 2268 834 2299 Ventis
869 2268 1040 2299 maritimis

358 2325 565 2356 percussum.
607 2319 713 2359 Mare]
748 2320 901 2351 Stridens
925 2324 960 2351 et
989 2328 1040 2350 re-

359 2375 492 2406 sonans,
514 2365 638 2398 Austro
659 2367 774 2408 flante,
793 2367 951 2401 fluctibus
973 2368 1040 2400 col-

357 2414 439 2446 lisis.

402 2464 494 2496 Mare
526 2465 668 2507 Tuscum]
694 2467 792 2498 Mare
819 2465 982 2506 Inferum,
1005 2472 1041 2498 et

358 2514 599 2554 Timr-rhenum,
613 2516 655 2546 de
671 2525 736 2556 quo
751 2525 777 2547 1.
791 2515 858 2547 od.
875 2518 923 2548 ll.

342 2593 345 2597 .
402 2566 465 2594 203
487 2562 598 2603 Artes]
621 2564 766 2596 Habitus
781 2564 948 2596 histrionis
965 2565 1044 2596 arti-

359 2609 512 2643 ficiosus:
537 2617 717 2653 apparatus
740 2613 881 2645 vestium
898 2614 1044 2654 peregri-

361 2658 411 2688 nis
423 2660 542 2698 opibus
557 2667 591 2692 et
607 2662 746 2694 artificio
761 2663 967 2702 conspicuus.

403 2709 464 2736 205
504 2710 668 2741 Concurrit
693 2712 820 2741 dextera
849 2712 947 2751 loevoe]
981 2711 1045 2742 Vel

361 2754 559 2787 mirabunda
585 2757 680 2796 plebs
696 2758 833 2796 junctas
851 2768 965 2791 manus
981 2760 1044 2791 tol-

1089 1636 1141 1674 lit,
1163 1635 1215 1666 vel
1240 1633 1430 1675 approbans
1455 1630 1602 1673 percutit
1626 1633 1662 1662 et
1683 1638 1772 1661 corn-

1115 1683 1209 1715 lodit.

1092 1693 1113 1724 p
1134 1734 1197 1762 206
1220 1731 1318 1761 Dixit
1330 1730 1428 1760 adhuc
1441 1728 1572 1769 aliquid]
1595 1729 1679 1759 Tum
1693 1736 1772 1758 vero

1091 1781 1212 1820 hospes
1227 1789 1377 1820 quaerere
1399 1780 1524 1819 possit:
1548 1777 1636 1808 unde
1659 1777 1774 1818 populi

1093 1830 1279 1868 admiratio,
1294 1838 1369 1860 cum
1394 1827 1475 1858 nibil
1496 1827 1604 1858 adhuc
1629 1834 1775 1867 pronun·

1093 1879 1188 1911 tiarit
1202 1878 1315 1910 actor?
1351 1876 1382 1908 Ο
1398 1876 1592 1908 stultitiam!
1615 1874 1656 1906 ad
1673 1874 1775 1907 vesti-

1094 1933 1279 1960 mentorum
1294 1926 1455 1967 fulgorem
1472 1926 1679 1967 percellitur,
1701 1934 1774 1966 ges-

1093 1979 1147 2016 tit,
1162 1977 1293 2008 exultat
1309 1977 1422 2006 insana
1438 1975 1542 2015 plebs.

1134 2027 1195 2055 207
1225 2024 1312 2054 Lana
1342 2022 1507 2053 Tarentino
1529 2022 1626 2052 violas
1651 2020 1774 2052 imitata

1092 2072 1218 2112 veneno]
1240 2071 1351 2103 Vestis
1371 2079 1390 2101 e
1413 2071 1488 2100 lana
1503 2069 1643 2100 violacei
1654 2068 1778 2100 coloris

1094 2122 1199 2153 tincta
1227 2119 1317 2160 apud
1345 2119 1545 2149 Tarentum:
1584 2126 1659 2157 quae
1695 2117 1774 2149 urbs

1093 2175 1163 2202 tum
1180 2171 1253 2200 lana
1275 2177 1350 2199 cum
1374 2175 1520 2208 purpura
1542 2165 1707 2206 exquisita
1721 2174 1773 2196 ce-

1093 2220 1254 2251 lebratur.
1289 2217 1378 2247 Plin.
1407 2224 1488 2247 vm.
1518 2217 1570 2246 48.
1623 2213 1775 2253 ‘Lauae,'

1094 2268 1214 2309 inquit,
1226 2267 1236 2283 ‘
1248 2267 1339 2297 circa
1353 2265 1534 2296 Tarentum
1549 2272 1707 2294 summam
1717 2272 1776 2294 no-

1091 2317 1255 2348 bilitatem
1265 2312 1411 2346 habent)
1435 2312 1532 2343 Idem
1545 2319 1595 2343 rx.
1607 2313 1660 2342 39.
1675 2310 1774 2342 ‘Vio-

1091 2367 1186 2398 lacea
1213 2373 1360 2406 purpura
1389 2361 1537 2402 vigebat.
1565 2360 1662 2401 eujus
1689 2359 1775 2392 libra

1092 2415 1238 2448 denariis
1263 2419 1397 2445 centum
1413 2411 1569 2442 venibat:
1593 2419 1657 2442 uec
1671 2410 1776 2441 multo

1091 2471 1166 2507 post
1189 2464 1290 2495 rubra
1309 2459 1513 2494 'ruentium’
1545 2458 1634 2491 Vide
1649 2463 1684 2491 et
1699 2467 1776 2492 xxi.

1089 2518 1120 2548 6.
1132 2518 1168 2546 et
1181 2516 1213 2545 8.

1134 2565 1196 2594 208
1219 2560 1266 2592 Ac
1276 2559 1399 2597 nefor-te
1410 2561 1509 2598 putes,
1521 2557 1588 2598 &fc-J
1609 2556 1774 2588 Removet

1095 2621 1114 2643 a
1136 2621 1172 2642 se
1197 2608 1359 2640 Horatius
1381 2606 1603 2647 suspicionem
1625 2604 1774 2637 inviden-

1095 2662 1163 2693 tiae.
1192 2660 1246 2691 Ne
1263 2663 1371 2698 putes,
1387 2665 1406 2687 o
1421 2655 1585 2696 Auguste,
1607 2663 1660 2685 me
1679 2653 1774 2684 dero-

1094 2719 1175 2750 gare
1196 2707 1327 2739 laudem
1359 2703 1466 2745 poe'tis
1497 2701 1708 2740 Dramaticis,
1733 2710 1774 2732 eo

1096 2756 1184 2799 quod
1211 2754 1360 2786 dramata
1389 2760 1452 2782 non
1479 2749 1644 2782 scribam:
1673 2746 1774 2789 profi-
