1916 3262
690 273 753 304 na
785 272 918 303 ARTE
953 273 1177 304 ΡοΕἰῚοΛ.
1552 264 1664 307 1305

207 367 395 419 Dicitur,
413 372 456 411 et
472 368 678 422 plaustris
699 367 876 408 vexisse
895 365 1107 420 po'efflata
1126 365 1338 422 ThespiS,

206 434 324 485 Quae
347 440 555 478 canerent
573 439 835 488 agerentque
853 435 1050 488 peruncti
1071 434 1260 476 faecibus
1291 446 1386 475 ora.

204 501 315 542 Post
333 501 445 543 hunc
465 514 666 555 personae
688 501 913 555 pallaeque
934 503 1126 555 repertor
1145 501 1347 543 honestae

205 567 444 622 AEschylus
463 573 508 610 et
526 569 714 611 modicis
734 569 940 611 instravit
957 568 1135 623 pulpita
1157 569 1305 622 tignis,

202 697 302 727 genus
322 690 528 730 incognitum,
553 694 584 723 et
606 691 762 732 carpentis
783 691 1009 724 circumtulisse
1032 692 1185 732 carmina,
1200 702 1268 733 quoe
1291 694 1455 724 cantarent
1478 695 1666 732 agerentque

203 730 329 763 matun(
334 732 480 765 habentes
486 733 570 772 sa'ce
583 734 724 767 oblitum.
770 735 851 766 Post
866 744 934 766 eum
948 734 1115 776 AEachylus
1129 735 1271 766 inventor
1285 735 1381 766 lareae
1396 738 1426 767 et
1435 735 1523 767 stoloe
1534 735 1666 774 decorae,

811 817 1049 830 OWNOMO

201 871 310 902 -276
332 870 479 912 Cuniug.
508 873 598 913 conj.
613 876 748 905 vectam
772 884 829 915 per
855 874 1111 907 Remum—277
1138 874 1202 911 Qui
1225 877 1373 906 canerent
1399 878 1519 905 contra
1546 881 1664 904 omnes

201 911 304 944 codd.
322 913 546 947 Betim—2⁷8
568 916 800 950 Schoeuborn.
826 920 855 948 1.
881 918 974 958 palla
991 919 1310 958 personaeque—279
1332 917 1508 958 AEsthyuus
1534 915 1667 969 Heller.

865 1002 897 1034 N
902 1002 1006 1034 OTAE

200 1059 432 1094 celebrarunt.
485 1062 660 1104 Religiose
687 1064 771 1096 illud
800 1064 904 1096 etiam

202 1111 384 1152 quotannis
396 1112 644 1146 vindemiarum
660 1119 815 1156 tempore
830 1115 905 1148 fieri

202 1162 335 1202 placuit
351 1167 423 1194 tum
439 1163 473 1195 in
496 1167 605 1206 pagis,
621 1170 692 1198 tum
711 1167 854 1199 subinde
870 1168 905 1198 in

202 1211 355 1244 urbibus.
377 1213 462 1244 Mox
474 1220 655 1255 coeperunt
671 1216 821 1248 scribere
833 1225 906 1248 cer-

202 1261 302 1294 tatim
329 1262 442 1303 poetas
466 1264 658 1306 Τραγῳδίαν,
686 1266 721 1298 id
742 1272 808 1307 est,
834 1276 907 1299 car·

200 1320 279 1343 men
295 1311 394 1352 hirci,
405 1314 459 1345 vel
471 1313 516 1346 de
532 1315 626 1348 hirco
640 1327 650 1347 ι
667 1316 758 1357 quod
771 1325 790 1348 a
804 1317 909 1348 choro

200 1360 433 1394 decantatum.
466 1362 594 1394 Postea
614 1364 681 1395 illis
703 1364 908 1396 carminibus

201 1410 345 1442 Baccho
360 1411 466 1442 sacris
481 1412 625 1451 inserta,
640 1413 771 1453 addita,
784 1413 908 1445 substi-

198 1462 276 1490 tuta
301 1463 338 1491 et
359 1459 512 1501 quaedam
533 1461 598 1492 alia
618 1461 778 1494 fuerunt:
802 1466 906 1504 atque

199 1508 304 1542 etiam
323 1509 451 1550 dialogi
477 1510 568 1543 inter
591 1512 677 1544 duos
700 1518 759 1545 aut
779 1513 905 1553 plures.

198 1558 362 1601 Hiucque
372 1564 488 1592 natum
502 1561 621 1595 drama
636 1567 709 1595 tum
723 1563 905 1605 comicum,

199 1614 270 1642 tum
280 1609 474 1651 'ri-agicum,
486 1615 557 1643 tum
570 1611 778 1654 Satyricum.
803 1613 904 1647 Quod

198 1658 243 1699 ad
271 1659 486 1692 inventorem
516 1666 668 1702 spectat,
698 1658 795 1694 cert‘e
823 1668 905 1696 ante

196 1709 361 1751 Thespim
378 1709 520 1742 fuerunt
542 1710 730 1744 Dramatici
753 1713 906 1744 rudiores

199 1757 336 1800 quidem
350 1769 359 1790 :
399 1760 434 1790 at
465 1760 523 1790 ille
550 1761 745 1794 nominatur
773 1768 905 1804 auctor,

200 1807 359 1851 quoniam
373 1817 475 1840 unum
491 1808 651 1841 Actorem
664 1810 821 1851 induxit3
838 1814 908 1853 qui,

201 1857 282 1889 dum
293 1856 417 1888 chorus
427 1858 554 1890 Bacchi
565 1859 684 1891 laudes
691 1870 816 1892 canens
827 1871 907 1903 pau·

201 1907 308 1939 lulum
320 1907 618 1948 interquiesceret‚
630 1909 740 1941 herois
751 1914 812 1942 aut
822 1920 908 1942 sum·

201 1956 247 1991 rui
263 1956 450 1998 cujuspiam
466 1957 530 1989 viri
545 1957 677 1999 insigne
700 1959 840 2002 aliquod
855 1958 905 1991 fa·

201 2007 299 2039 cinus
321 2007 473 2039 carmine
496 2008 706 2042 celebrabat.
749 2009 829 2042 Alia
855 2010 906 2042 in-

200 2065 304 2097 super
332 2062 534 2088 ornamenta
566 2057 752 2101 subjunxit,
783 2059 906 2102 quibus

199 2105 381 2147 Tragoedia
397 2106 565 2138 illustrata
581 2114 647 2140 est.

238 2157 304 2188 2⁷6
323 2155 471 2197 Dicitur]
493 2157 640 2190 Scilicet
657 2168 711 2191 res
726 2168 796 2192 uon
807 2165 906 2194 extra

198 2207 467 2239 controversiam
483 2213 548 2241 est.
571 2210 698 2251 Scalig.
716 2211 818 2244 Ροὲι.
832 2220 855 2245 r.
871 2215 905 2244 6.

198 2257 247 2295 sic
270 2257 397 2289 habet:
422 2259 432 2276 ‘
450 2258 518 2291 Qui
542 2259 669 2300 primus
689 2261 907 2302 Tragoediam

198 2306 353 2346 dedssrito'
363 2308 453 2340 haud
470 2308 520 2341 ita
533 2319 594 2351 pro
608 2318 787 2352 comperto
802 2313 907 2346 habe—

199 2361 269 2390 tur.
305 2357 397 2389 Satis
412 2364 549 2392 constat
565 2360 664 2401 illud,
680 2371 701 2392 a
715 2362 842 2404 Thespi
858 2364 906 2395 ni-

202 2405 361 2444 tidiorem
377 2407 515 2443 factam.
536 2411 594 2451 qui
615 2412 764 2450 pensiles
787 2423 907 2446 scenas

201 2455 236 2488 in
263 2456 424 2497 plaustris
453 2458 656 2501 circumegit
670 2472 678 2491 ι
706 2462 908 2505 addiditque

201 2505 303 2538 nudis
317 2506 432 2538 oribus
446 2506 567 2540 faecem
581 2519 641 2549 pro
658 2513 830 2551 persona!

243 2555 408 2586 Plaustris
422 2557 546 2588 vexisse
558 2558 718 2601 po'e'muta]
741 2562 843 2594 Circa
857 2564 907 2595 vi·

202 2614 262 2637 cos
275 2605 420 2646 Thespis
435 2605 562 2647 aliique
587 2608 748 2647 plaustris
765 2612 858 2643 vecti
873 2614 906 2644 iu

199 2655 338 2688 obvium
351 2664 518 2696 quemque
529 2662 714 2689 scommata
721 2658 737 2699 j
746 2660 908 2695 actabaut

201 2710 239 2741 et
261 2705 350 2737 salsa
379 2705 546 2738 convicia.
589 2705 765 2740 Plutarch.
790 2709 823 2740 in
847 2710 907 2742 So·

200 2756 292 2795 lone.
318 2755 411 2788 Hinc
432 2755 600 2788 Proverb.
617 2755 627 2774 ‘
646 2756 676 2788 E
692 2758 846 2799 plaustro
859 2760 908 2792 lo·

201 2809 282 2851 quu’

1001 1065 1147 1108 Thespis]
1174 1065 1398 1098 Atheniensis
1413 1065 1470 1097 ille
1487 1064 1591 1106 poeta
1603 1065 1666 1097 So-

953 1116 1046 1147 ·louis
1062 1119 1218 1157 tempore
1232 1115 1361 1157 floruit,
1374 1119 1454 1147 ante
1469 1115 1666 1156 AEschylum

960 1165 1037 1206 plus
1052 1165 1247 1206 sexaginta,
1259 1170 1340 1197 ante
1353 1164 1557 1205 Sophoclem
1571 1169 1667 1196 octo-

959 1215 1056 1256 giuta
1073 1215 1214 1247 circiter
1229 1215 1338 1248 annis.
1375 1214 1525 1256 Thespis
1541 1214 1667 1246 Prota—

960 1265 1128 1306 gonistam
1145 1274 1206 1297 seu
1221 1265 1420 1298 histrionem
1438 1264 1573 1296 induxit
1587 1274 1666 1296 cum

961 1315 1154 1356 Coryphaeo
1176 1320 1235 1347 aut
1257 1315 1324 1346 alio
1339 1314 1501 1356 quopiam
1518 1323 1538 1345 e
1554 1313 1667 1346 Choro

958 1364 1169 1405 loquentem.
1218 1364 1398 1405 AEsehylus
1425 1363 1550 1394 deinde
1581 1364 1667 1396 alte·

959 1422 1032 1444 rum
1063 1422 1124 1444 seu
1156 1413 1486 1454 Deuteragonistam
1516 1412 1666 1446 addidit.

957 1462 1116 1504 Denique
1130 1463 1319 1504 Sophocles
1346 1463 1451 1494 tertio
1466 1464 1537 1493 sive
1553 1462 1668 1494 Trita-

959 1513 1093 1553 genista
1118 1513 1283 1554 adjuncto
1306 1511 1524 1553 Tragoediam
1554 1511 1667 1554 perse·

960 1561 1021 1594 cit.

1001 1614 1064 1644 2⁷⁸1
1079 1612 1376 1652 Perunctisaecibus
1386 1611 1457 1654 ora]
1468 1611 1554 1644 Ideo
1562 1612 1668 1644 Thes·

960 1662 1014 1703 pis
1038 1663 1163 1705 aliique
1186 1664 1283 1696 vultu
1307 1673 1457 1703 cerussa,
1479 1662 1533 1693 vel
1551 1662 1670 1702 minio,

959 1712 1015 1748 vel
1045 1711 1132 1744 faece
1162 1719 1329 1753 peruncto
1363 1712 1519 1744 dicteriis
1549 1711 1667 1744 obvios

961 1771 1111 1802 quosque
1134 1762 1367 1799 incessebant,
1391 1766 1430 1793 ut
1449 1762 1669 1794 imitarentur

961 1810 1114 1842 Silenum
1135 1810 1375 1850 rubicundum,
1388 1811 1600 1852 Satyrosque
1617 1810 1668 1843 di-

962 1869 1063 1892 caces
1079 1860 1209 1893 Bacchi
1226 1862 1338 1894 socios
1353 1866 1390 1893 et
1404 1861 1590 1894 ministros.
1620 1862 1668 1893 11-

962 1910 1014 1941 los
1031 1909 1280 1951 Aristophanes
1302 1909 1547 1952 τρνγοδαίμονας
1568 1920 1668 1944 voca·

960 1958 1035 1998 bat,
1051 1959 1142 1992 Gall.
1158 1961 1213 1992 des
1227 1960 1346 1993 dt'aeibles
1360 1961 1549 1994 barbofiinez
1561 1963 1600 1993 de
1613 1961 1667 1994 lie.

959 2008 1042 2040 vini
1057 2018 1100 2040 an
1114 2009 1181 2040 olei
1193 2008 1336 2042 faecihus
1352 2011 1531 2052 tingerent
1547 2021 1584 2043 se
1598 2011 1668 2042 his·

959 2059 1103 2098 triones,
1127 2059 1323 2102 disceptant
1347 2059 1450 2093 fatali
1479 2070 1574 2093 more
1605 2070 1667 2092 suo

959 2107 1197 2149 Grammatici,
1218 2114 1254 2141 et
1269 2119 1377 2151 nugas
1400 2110 1500 2151 nugis
1520 2109 1667 2150 addunt,

957 2157 1068 2200 inquit
1081 2159 1236 2200 Scaliger
1253 2161 1356 2201 paulo
1372 2164 1453 2192 ante
1470 2160 1610 2192 citatus.

1002 2211 1068 2240 278
1103 2209 1268 2251 Persona]
1313 2210 1367 2243 Ne
1395 2214 1667 2252 agnoscerentur

959 2258 1155 2293 histriones.

1002 2308 1122 2349 Pauoe]
1142 2310 1228 2344 Quae
1252 2310 1295 2342 ad
1320 2310 1427 2352 pedes
1449 2311 1534 2343 imos
1557 2320 1666 2353 usque

961 2360 1118 2397 demissa,
1131 2366 1168 2393 et
1182 2362 1306 2393 Latina
1322 2362 1524 2402 dicebatur3
1541 2362 1584 2394 ad
1598 2362 1667 2394 dis-

961 2410 1092 2442 crimen
1111 2411 1212 2452 palloe
1230 2411 1389 2452 Gallicae,
1401 2422 1476 2453 quae
1494 2412 1641 2444 brevior.

1003 2462 1068 2492 279
1090 2460 1271 2502 Aia-hylus]
1293 2461 1394 2492 Domi
1417 2461 1540 2492 nobilis
1557 2460 1666 2492 Poeta

961 2511 1028 2542 iste
1049 2519 1119 2542 non
1142 2511 1318 2544 militando
1342 2511 1449 2552 magis
1464 2520 1565 2552 quam
1583 2511 1665 2542 scri-

963 2560 1076 2592 hendo
1092 2569 1174 2592 acer
1189 2565 1225 2592 et
1240 2561 1351 2592 audax
1366 2560 1446 2591 fuit.
1488 2559 1529 2591 In
1551 2559 1666 2592 Mara·

962 2609 1077 2641 thonia
1103 2618 1217 2650 pugna
1246 2618 1314 2641 non
1344 2609 1495 2640 ultimam
1525 2609 1663 2642 laudem

961 2659 1063 2691 tulit:
1097 2658 1184 2690 adeo
1211 2658 1328 2699 bibax,
1355 2662 1393 2689 ut
1418 2657 1605 2699 Sophocles
1630 2659 1664 2691 ei

962 2709 1142 2750 objiceret,
1164 2717 1232 2739 non
1252 2708 1362 2749 ipsum
1385 2707 1444 2739 sed
1461 2708 1574 2741 vinum
1593 2714 1662 2740 tra·

961 2757 1148 2799 goediarum
1166 2757 1239 2798 ejus
1256 2767 1330 2789 esse
1353 2761 1541 2790 auctorem.
1586 2758 1662 2792 Has

962 2808 1042 2840 dum
1053 2806 1220 2840 scriberet
1231 2805 1380 2849 ταυρηδὸν
1394 2805 1540 2850 ἔρβλεπε,
1551 2809 1661 2852 inquit
