<?xml version="1.0" encoding="UTF-8"?>
<!DOCTYPE html PUBLIC "-//W3C//DTD XHTML 1.0 Transitional//EN"
    "http://www.w3.org/TR/xhtml1/DTD/xhtml1-transitional.dtd">
<html xmlns="http://www.w3.org/1999/xhtml" xml:lang="en" lang="en">
 <head>
  <title>
</title>
<meta http-equiv="Content-Type" content="text/html;charset=utf-8" />
  <meta name='ocr-system' content='tesseract 3.04.00' />
  <meta name='ocr-capabilities' content='ocr_page ocr_carea ocr_par ocr_line ocrx_word'/>
</head>
<body>
  <div class='ocr_page' id='page_1' title='image "./operazeune03horauoft/operazeune03horauoft_0356.png"; bbox 0 0 1930 3204; ppageno 0'>
   <div class='ocr_carea' id='block_1_1' title="bbox 348 280 461 323">
    <p class='ocr_par' dir='ltr' id='par_1_1' title="bbox 348 280 461 323">
     <span class='ocr_line' id='line_1_1' title="bbox 348 280 461 323; baseline 0.018 -2"><span class='ocrx_word' id='word_1_1' title='bbox 348 280 461 323; x_wconf 79' lang='lat'>1502</span> 
     </span>
    </p>
   </div>
   <div class='ocr_carea' id='block_1_2' title="bbox 340 381 1035 2751">
    <p class='ocr_par' dir='ltr' id='par_1_2' title="bbox 346 381 1032 715">
     <span class='ocr_line' id='line_1_2' title="bbox 349 381 1032 424; baseline 0.003 -12"><span class='ocrx_word' id='word_1_2' title='bbox 349 391 450 422; x_wconf 90' lang='lat' dir='ltr'>mum,</span> <span class='ocrx_word' id='word_1_3' title='bbox 463 381 696 423; x_wconf 77' lang='lat' dir='ltr'>intelligimus3</span> <span class='ocrx_word' id='word_1_4' title='bbox 719 382 775 424; x_wconf 88' lang='lat' dir='ltr'>qui</span> <span class='ocrx_word' id='word_1_5' title='bbox 794 383 944 422; x_wconf 77' lang='lat' dir='ltr'>augustis</span> <span class='ocrx_word' id='word_1_6' title='bbox 959 382 1032 414; x_wconf 74' lang='lat' dir='ltr'>fau-</span> 
     </span>
     <span class='ocr_line' id='line_1_3' title="bbox 349 431 1031 471; baseline 0.001 -9"><span class='ocrx_word' id='word_1_7' title='bbox 349 431 553 470; x_wconf 76' lang='lat' dir='ltr'>cibus,inter</span> <span class='ocrx_word' id='word_1_8' title='bbox 568 431 632 462; x_wconf 80' lang='lat' dir='ltr'>duo</span> <span class='ocrx_word' id='word_1_9' title='bbox 645 431 749 462; x_wconf 81' lang='lat' dir='ltr'>maria</span> <span class='ocrx_word' id='word_1_10' title='bbox 764 431 912 471; x_wconf 74' lang='lat' dir='ltr'>AEgaeum</span> <span class='ocrx_word' id='word_1_11' title='bbox 929 439 961 463; x_wconf 85' lang='lat' dir='ltr'>et</span> <span class='ocrx_word' id='word_1_12' title='bbox 978 431 1031 463; x_wconf 87' lang='lat' dir='ltr'>Io-</span> 
     </span>
     <span class='ocr_line' id='line_1_4' title="bbox 346 479 1032 521; baseline 0.003 -11"><span class='ocrx_word' id='word_1_13' title='bbox 346 479 449 517; x_wconf 74' lang='lat' dir='ltr'>uim,</span> <span class='ocrx_word' id='word_1_14' title='bbox 483 480 644 511; x_wconf 83' lang='lat' dir='ltr'>Achaiam</span> <span class='ocrx_word' id='word_1_15' title='bbox 680 480 816 511; x_wconf 83' lang='lat' dir='ltr'>Helladi</span> <span class='ocrx_word' id='word_1_16' title='bbox 847 481 1032 521; x_wconf 85' lang='lat' dir='ltr'>conjungit.</span> 
     </span>
     <span class='ocr_line' id='line_1_5' title="bbox 346 527 1032 561; baseline 0 -2"><span class='ocrx_word' id='word_1_17' title='bbox 346 527 447 560; x_wconf 84' lang='lat' dir='ltr'><strong>Unde</strong></span> <span class='ocrx_word' id='word_1_18' title='bbox 483 533 493 547; x_wconf 80' lang='lat'>‘</span> <span class='ocrx_word' id='word_1_19' title='bbox 510 529 650 559; x_wconf 79' lang='lat' dir='ltr'>Isthmia</span> <span class='ocrx_word' id='word_1_20' title='bbox 686 529 871 559; x_wconf 85' lang='lat' dir='ltr'>certamina</span> <span class='ocrx_word' id='word_1_21' title='bbox 886 528 895 543; x_wconf 92' lang='lat'>&#39;</span> <span class='ocrx_word' id='word_1_22' title='bbox 929 529 1032 561; x_wconf 81' lang='lat' dir='ltr'>dicta.</span> 
     </span>
     <span class='ocr_line' id='line_1_6' title="bbox 350 576 1032 618; baseline 0.003 -11"><span class='ocrx_word' id='word_1_23' title='bbox 350 577 439 608; x_wconf 82' lang='lat' dir='ltr'>Tor-r.</span> <span class='ocrx_word' id='word_1_24' title='bbox 482 576 644 616; x_wconf 79' lang='lat' dir='ltr'>Isthmius]</span> <span class='ocrx_word' id='word_1_25' title='bbox 667 577 778 608; x_wconf 88' lang='lat' dir='ltr'>Labor</span> <span class='ocrx_word' id='word_1_26' title='bbox 801 582 976 618; x_wconf 85' lang='lat' dir='ltr'>susceptus</span> <span class='ocrx_word' id='word_1_27' title='bbox 998 579 1032 610; x_wconf 91' lang='lat' dir='ltr'>in</span> 
     </span>
     <span class='ocr_line' id='line_1_7' title="bbox 347 627 1030 668; baseline 0.004 -11"><span class='ocrx_word' id='word_1_28' title='bbox 347 627 433 658; x_wconf 89' lang='lat' dir='ltr'>ludis</span> <span class='ocrx_word' id='word_1_29' title='bbox 457 627 604 657; x_wconf 79' lang='lat' dir='ltr'>Isthmiis</span> <span class='ocrx_word' id='word_1_30' title='bbox 628 636 648 657; x_wconf 85' lang='lat' dir='ltr'>a</span> <span class='ocrx_word' id='word_1_31' title='bbox 665 627 809 668; x_wconf 83' lang='lat' dir='ltr'>Sysipho</span> <span class='ocrx_word' id='word_1_32' title='bbox 824 628 858 658; x_wconf 88' lang='lat' dir='ltr'>iu</span> <span class='ocrx_word' id='word_1_33' title='bbox 873 627 1030 660; x_wconf 82' lang='lat' dir='ltr'><strong>honorem</strong></span> 
     </span>
     <span class='ocr_line' id='line_1_8' title="bbox 348 675 697 715; baseline 0 -9"><span class='ocrx_word' id='word_1_34' title='bbox 348 675 500 715; x_wconf 79' lang='lat' dir='ltr'>Neptuni</span> <span class='ocrx_word' id='word_1_35' title='bbox 523 675 697 710; x_wconf 75' lang='lat' dir='ltr'>institutis.</span> 
     </span>
    </p>

    <p class='ocr_par' dir='ltr' id='par_1_3' title="bbox 346 724 1032 1008">
     <span class='ocr_line' id='line_1_9' title="bbox 387 724 1030 766; baseline 0 -10"><span class='ocrx_word' id='word_1_36' title='bbox 387 728 408 756; x_wconf 79' lang='lat'>4</span> <span class='ocrx_word' id='word_1_37' title='bbox 432 724 587 764; x_wconf 77' lang='lat' dir='ltr'>clarabit]</span> <span class='ocrx_word' id='word_1_38' title='bbox 625 724 799 756; x_wconf 83' lang='lat' dir='ltr'>‘Clarare’</span> <span class='ocrx_word' id='word_1_39' title='bbox 830 734 890 766; x_wconf 89' lang='lat' dir='ltr'>pro</span> <span class='ocrx_word' id='word_1_40' title='bbox 917 724 1030 756; x_wconf 87' lang='lat' dir='ltr'>decla-</span> 
     </span>
     <span class='ocr_line' id='line_1_10' title="bbox 346 773 1030 812; baseline 0.001 -9"><span class='ocrx_word' id='word_1_41' title='bbox 346 781 422 803; x_wconf 82' lang='lat' dir='ltr'>rare</span> <span class='ocrx_word' id='word_1_42' title='bbox 447 773 554 811; x_wconf 88' lang='lat' dir='ltr'>dixit;</span> <span class='ocrx_word' id='word_1_43' title='bbox 577 781 659 803; x_wconf 88' lang='lat' dir='ltr'>voce</span> <span class='ocrx_word' id='word_1_44' title='bbox 679 773 767 803; x_wconf 84' lang='lat' dir='ltr'>enim</span> <span class='ocrx_word' id='word_1_45' title='bbox 785 774 949 812; x_wconf 88' lang='lat' dir='ltr'>praeconis</span> <span class='ocrx_word' id='word_1_46' title='bbox 964 774 1030 804; x_wconf 88' lang='lat' dir='ltr'>vic-</span> 
     </span>
     <span class='ocr_line' id='line_1_11' title="bbox 347 821 1030 853; baseline 0 -1"><span class='ocrx_word' id='word_1_47' title='bbox 347 826 454 852; x_wconf 88' lang='lat' dir='ltr'>torum</span> <span class='ocrx_word' id='word_1_48' title='bbox 465 821 598 852; x_wconf 87' lang='lat' dir='ltr'>nomina</span> <span class='ocrx_word' id='word_1_49' title='bbox 607 821 875 852; x_wconf 79' lang='lat' dir='ltr'>declarabantur.</span> <span class='ocrx_word' id='word_1_50' title='bbox 898 823 1030 853; x_wconf 85' lang='lat' dir='ltr'>Lucret.</span> 
     </span>
     <span class='ocr_line' id='line_1_12' title="bbox 346 870 1032 910; baseline 0.001 -10"><span class='ocrx_word' id='word_1_51' title='bbox 346 870 406 901; x_wconf 88' lang='lat' dir='ltr'>lib.</span> <span class='ocrx_word' id='word_1_52' title='bbox 422 879 471 900; x_wconf 83' lang='lat' dir='ltr'>rv-</span> <span class='ocrx_word' id='word_1_53' title='bbox 485 870 572 902; x_wconf 84' lang='lat' dir='ltr'>Torr.</span> <span class='ocrx_word' id='word_1_54' title='bbox 617 870 756 901; x_wconf 73' lang='lat' dir='ltr'>Clau-abit</span> <span class='ocrx_word' id='word_1_55' title='bbox 778 871 929 910; x_wconf 80' lang='lat' dir='ltr'><strong><em>pugilem]</em></strong></span> <span class='ocrx_word' id='word_1_56' title='bbox 955 871 1032 901; x_wconf 85' lang='lat' dir='ltr'>Cla-</span> 
     </span>
     <span class='ocr_line' id='line_1_13' title="bbox 346 918 1031 959; baseline 0.001 -10"><span class='ocrx_word' id='word_1_57' title='bbox 346 928 419 950; x_wconf 87' lang='lat' dir='ltr'>rum</span> <span class='ocrx_word' id='word_1_58' title='bbox 434 918 538 950; x_wconf 87' lang='lat' dir='ltr'>faciet</span> <span class='ocrx_word' id='word_1_59' title='bbox 555 920 712 959; x_wconf 79' lang='lat' dir='ltr'>pugilem.</span> <span class='ocrx_word' id='word_1_60' title='bbox 757 919 921 958; x_wconf 79' lang='lat' dir='ltr'>[Declarat</span> <span class='ocrx_word' id='word_1_61' title='bbox 938 921 1031 959; x_wconf 81' lang='lat' dir='ltr'>pugi-</span> 
     </span>
     <span class='ocr_line' id='line_1_14' title="bbox 348 968 859 1008; baseline 0.002 -10"><span class='ocrx_word' id='word_1_62' title='bbox 348 969 406 999; x_wconf 83' lang='lat' dir='ltr'>lem</span> <span class='ocrx_word' id='word_1_63' title='bbox 424 978 508 998; x_wconf 89' lang='lat' dir='ltr'>unus</span> <span class='ocrx_word' id='word_1_64' title='bbox 523 968 633 999; x_wconf 86' lang='lat' dir='ltr'>Vand.</span> <span class='ocrx_word' id='word_1_65' title='bbox 650 978 705 1008; x_wconf 83' lang='lat' dir='ltr'>ap.</span> <span class='ocrx_word' id='word_1_66' title='bbox 722 968 859 1008; x_wconf 64' lang='lat' dir='ltr'>Bothe]</span> 
     </span>
    </p>

    <p class='ocr_par' dir='ltr' id='par_1_4' title="bbox 346 1017 1034 1397">
     <span class='ocr_line' id='line_1_15' title="bbox 389 1017 1031 1058; baseline 0.002 -12"><span class='ocrx_word' id='word_1_67' title='bbox 389 1020 407 1046; x_wconf 88' lang='lat'><strong>6</strong></span> <span class='ocrx_word' id='word_1_68' title='bbox 433 1017 535 1047; x_wconf 82' lang='lat' dir='ltr'>curru</span> <span class='ocrx_word' id='word_1_69' title='bbox 547 1017 696 1058; x_wconf 78' lang='lat' dir='ltr'>Achaico]</span> <span class='ocrx_word' id='word_1_70' title='bbox 717 1017 757 1048; x_wconf 92' lang='lat' dir='ltr'>Id</span> <span class='ocrx_word' id='word_1_71' title='bbox 775 1022 836 1057; x_wconf 85' lang='lat' dir='ltr'>est,</span> <span class='ocrx_word' id='word_1_72' title='bbox 853 1017 909 1057; x_wconf 89' lang='lat' dir='ltr'>qui</span> <span class='ocrx_word' id='word_1_73' title='bbox 933 1026 1031 1048; x_wconf 90' lang='lat' dir='ltr'>curru</span> 
     </span>
     <span class='ocr_line' id='line_1_16' title="bbox 347 1064 1031 1104; baseline 0 -9"><span class='ocrx_word' id='word_1_74' title='bbox 347 1065 381 1095; x_wconf 87' lang='lat' dir='ltr'>in</span> <span class='ocrx_word' id='word_1_75' title='bbox 398 1064 545 1095; x_wconf 82' lang='lat' dir='ltr'>Isthmiis</span> <span class='ocrx_word' id='word_1_76' title='bbox 560 1066 694 1096; x_wconf 89' lang='lat' dir='ltr'>vicerit.</span> <span class='ocrx_word' id='word_1_77' title='bbox 728 1065 863 1096; x_wconf 80' lang='lat' dir='ltr'>Achaico</span> <span class='ocrx_word' id='word_1_78' title='bbox 877 1066 961 1096; x_wconf 86' lang='lat' dir='ltr'>enim</span> <span class='ocrx_word' id='word_1_79' title='bbox 973 1075 1031 1104; x_wconf 91' lang='lat' dir='ltr'>pro</span> 
     </span>
     <span class='ocr_line' id='line_1_17' title="bbox 346 1114 1033 1155; baseline -0.001 -10"><span class='ocrx_word' id='word_1_80' title='bbox 346 1116 356 1132; x_wconf 90' lang='lat'>‘</span> <span class='ocrx_word' id='word_1_81' title='bbox 367 1114 506 1146; x_wconf 85' lang='lat' dir='ltr'>Isthmio</span> <span class='ocrx_word' id='word_1_82' title='bbox 519 1115 526 1127; x_wconf 87' lang='lat'><em>&#39;</em></span> <span class='ocrx_word' id='word_1_83' title='bbox 539 1115 638 1146; x_wconf 83' lang='lat' dir='ltr'>dixit.</span> <span class='ocrx_word' id='word_1_84' title='bbox 666 1116 711 1146; x_wconf 91' lang='lat' dir='ltr'>Et</span> <span class='ocrx_word' id='word_1_85' title='bbox 724 1115 885 1146; x_wconf 86' lang='lat' dir='ltr'>hactenus</span> <span class='ocrx_word' id='word_1_86' title='bbox 899 1114 1033 1155; x_wconf 89' lang='lat' dir='ltr'>quidem</span> 
     </span>
     <span class='ocr_line' id='line_1_18' title="bbox 347 1163 1034 1203; baseline -0.001 -9"><span class='ocrx_word' id='word_1_87' title='bbox 347 1163 391 1194; x_wconf 88' lang='lat' dir='ltr'>de</span> <span class='ocrx_word' id='word_1_88' title='bbox 417 1172 544 1194; x_wconf 80' lang='lat' dir='ltr'>summa</span> <span class='ocrx_word' id='word_1_89' title='bbox 564 1163 652 1203; x_wconf 85' lang='lat' dir='ltr'>apud</span> <span class='ocrx_word' id='word_1_90' title='bbox 675 1163 813 1194; x_wconf 82' lang='lat' dir='ltr'>Graecos</span> <span class='ocrx_word' id='word_1_91' title='bbox 843 1164 969 1203; x_wconf 77' lang='lat' dir='ltr'>gloria3</span> <span class='ocrx_word' id='word_1_92' title='bbox 986 1173 1034 1193; x_wconf 88' lang='lat' dir='ltr'>se-</span> 
     </span>
     <span class='ocr_line' id='line_1_19' title="bbox 349 1211 1034 1252; baseline 0.001 -10"><span class='ocrx_word' id='word_1_93' title='bbox 349 1211 463 1252; x_wconf 89' lang='lat' dir='ltr'>quitur</span> <span class='ocrx_word' id='word_1_94' title='bbox 485 1212 642 1252; x_wconf 87' lang='lat' dir='ltr'>proprius</span> <span class='ocrx_word' id='word_1_95' title='bbox 670 1212 892 1243; x_wconf 84' lang='lat' dir='ltr'>Romanorum</span> <span class='ocrx_word' id='word_1_96' title='bbox 916 1212 1034 1250; x_wconf 90' lang='lat' dir='ltr'>honor,</span> 
     </span>
     <span class='ocr_line' id='line_1_20' title="bbox 347 1260 1032 1302; baseline 0.001 -11"><span class='ocrx_word' id='word_1_97' title='bbox 347 1260 491 1291; x_wconf 87' lang='lat' dir='ltr'>devictis</span> <span class='ocrx_word' id='word_1_98' title='bbox 516 1261 665 1292; x_wconf 80' lang='lat' dir='ltr'>hostibus</span> <span class='ocrx_word' id='word_1_99' title='bbox 690 1261 920 1302; x_wconf 72' lang='lat' dir='ltr'>triumphasse.</span> <span class='ocrx_word' id='word_1_100' title='bbox 946 1262 1032 1292; x_wconf 85' lang='lat' dir='ltr'>Torr.</span> 
     </span>
     <span class='ocr_line' id='line_1_21' title="bbox 349 1308 1032 1349; baseline 0.001 -9"><span class='ocrx_word' id='word_1_101' title='bbox 349 1309 453 1340; x_wconf 78' lang='lat' dir='ltr'>Curru</span> <span class='ocrx_word' id='word_1_102' title='bbox 471 1308 575 1347; x_wconf 77' lang='lat' dir='ltr'>ducet]</span> <span class='ocrx_word' id='word_1_103' title='bbox 599 1309 708 1340; x_wconf 86' lang='lat' dir='ltr'>Curru</span> <span class='ocrx_word' id='word_1_104' title='bbox 724 1309 858 1349; x_wconf 65' lang='lat' dir='ltr'>Graeco,</span> <span class='ocrx_word' id='word_1_105' title='bbox 868 1310 921 1340; x_wconf 88' lang='lat' dir='ltr'>vel</span> <span class='ocrx_word' id='word_1_106' title='bbox 937 1310 1032 1349; x_wconf 92' lang='lat' dir='ltr'>Eleo,</span> 
     </span>
     <span class='ocr_line' id='line_1_22' title="bbox 347 1356 871 1397; baseline 0.006 -10"><span class='ocrx_word' id='word_1_107' title='bbox 347 1357 382 1387; x_wconf 91' lang='lat' dir='ltr'>id</span> <span class='ocrx_word' id='word_1_108' title='bbox 397 1361 460 1395; x_wconf 90' lang='lat' dir='ltr'>est,</span> <span class='ocrx_word' id='word_1_109' title='bbox 474 1356 659 1397; x_wconf 70' lang='lat' dir='ltr'>quadrigati</span> <span class='ocrx_word' id='word_1_110' title='bbox 674 1359 871 1390; x_wconf 84' lang='lat' dir='ltr'>certamine.</span> 
     </span>
    </p>

    <p class='ocr_par' dir='ltr' id='par_1_5' title="bbox 346 1406 1032 1738">
     <span class='ocr_line' id='line_1_23' title="bbox 389 1406 1031 1448; baseline 0.003 -12"><span class='ocrx_word' id='word_1_111' title='bbox 389 1409 410 1436; x_wconf 85' lang='grc'>6</span> <span class='ocrx_word' id='word_1_112' title='bbox 433 1406 540 1446; x_wconf 83' lang='lat' dir='ltr'><strong><em>Neque</em></strong></span> <span class='ocrx_word' id='word_1_113' title='bbox 553 1416 601 1437; x_wconf 75' lang='lat' dir='ltr'>res</span> <span class='ocrx_word' id='word_1_114' title='bbox 615 1406 735 1448; x_wconf 79' lang='lat' dir='ltr'>bellica]</span> <span class='ocrx_word' id='word_1_115' title='bbox 759 1407 878 1448; x_wconf 88' lang='lat' dir='ltr'>Neque</span> <span class='ocrx_word' id='word_1_116' title='bbox 894 1417 946 1438; x_wconf 84' lang='lat' dir='ltr'>res</span> <span class='ocrx_word' id='word_1_117' title='bbox 961 1407 1031 1438; x_wconf 88' lang='lat' dir='ltr'>bel·</span> 
     </span>
     <span class='ocr_line' id='line_1_24' title="bbox 346 1454 1030 1496; baseline 0.004 -12"><span class='ocrx_word' id='word_1_118' title='bbox 346 1454 413 1485; x_wconf 82' lang='lat' dir='ltr'>lica</span> <span class='ocrx_word' id='word_1_119' title='bbox 425 1454 511 1485; x_wconf 90' lang='lat' dir='ltr'>bene</span> <span class='ocrx_word' id='word_1_120' title='bbox 527 1459 622 1495; x_wconf 83' lang='lat' dir='ltr'>gesta</span> <span class='ocrx_word' id='word_1_121' title='bbox 636 1456 792 1486; x_wconf 85' lang='lat' dir='ltr'>ostendet</span> <span class='ocrx_word' id='word_1_122' title='bbox 803 1466 878 1487; x_wconf 89' lang='lat' dir='ltr'>eum</span> <span class='ocrx_word' id='word_1_123' title='bbox 895 1456 1030 1496; x_wconf 83' lang='lat' dir='ltr'>Capito-</span> 
     </span>
     <span class='ocr_line' id='line_1_25' title="bbox 346 1502 1031 1545; baseline 0.003 -12"><span class='ocrx_word' id='word_1_124' title='bbox 346 1502 390 1533; x_wconf 94' lang='lat' dir='ltr'>lio</span> <span class='ocrx_word' id='word_1_125' title='bbox 404 1502 524 1534; x_wconf 88' lang='lat' dir='ltr'>ducem</span> <span class='ocrx_word' id='word_1_126' title='bbox 539 1508 692 1535; x_wconf 86' lang='lat' dir='ltr'>ornatum</span> <span class='ocrx_word' id='word_1_127' title='bbox 707 1503 794 1535; x_wconf 88' lang='lat' dir='ltr'>foliis</span> <span class='ocrx_word' id='word_1_128' title='bbox 809 1505 930 1539; x_wconf 88' lang='lat' dir='ltr'>Deliis.</span> <span class='ocrx_word' id='word_1_129' title='bbox 943 1505 1031 1545; x_wconf 91' lang='lat' dir='ltr'>quod</span> 
     </span>
     <span class='ocr_line' id='line_1_26' title="bbox 348 1551 1030 1592; baseline 0.003 -10"><span class='ocrx_word' id='word_1_130' title='bbox 348 1551 543 1582; x_wconf 86' lang='lat' dir='ltr'>contuderit</span> <span class='ocrx_word' id='word_1_131' title='bbox 556 1552 698 1583; x_wconf 79' lang='lat' dir='ltr'>tumidas</span> <span class='ocrx_word' id='word_1_132' title='bbox 720 1553 826 1584; x_wconf 85' lang='lat' dir='ltr'>minas</span> <span class='ocrx_word' id='word_1_133' title='bbox 849 1562 976 1592; x_wconf 84' lang='lat' dir='ltr'>regum,</span> <span class='ocrx_word' id='word_1_134' title='bbox 998 1552 1030 1583; x_wconf 92' lang='lat' dir='ltr'>id</span> 
     </span>
     <span class='ocr_line' id='line_1_27' title="bbox 348 1601 1031 1641; baseline 0.003 -11"><span class='ocrx_word' id='word_1_135' title='bbox 348 1605 414 1639; x_wconf 83' lang='lat' dir='ltr'>est,</span> <span class='ocrx_word' id='word_1_136' title='bbox 429 1601 516 1640; x_wconf 87' lang='lat' dir='ltr'>quod</span> <span class='ocrx_word' id='word_1_137' title='bbox 529 1601 696 1632; x_wconf 83' lang='lat' dir='ltr'><strong>minantes</strong></span> <span class='ocrx_word' id='word_1_138' title='bbox 713 1606 748 1632; x_wconf 90' lang='lat' dir='ltr'>et</span> <span class='ocrx_word' id='word_1_139' title='bbox 759 1601 923 1641; x_wconf 85' lang='lat' dir='ltr'>superbos</span> <span class='ocrx_word' id='word_1_140' title='bbox 934 1610 1031 1640; x_wconf 82' lang='lat' dir='ltr'>reges</span> 
     </span>
     <span class='ocr_line' id='line_1_28' title="bbox 348 1650 1032 1690; baseline 0.001 -10"><span class='ocrx_word' id='word_1_141' title='bbox 348 1650 568 1689; x_wconf 81' lang='lat' dir='ltr'>superaverit.</span> <span class='ocrx_word' id='word_1_142' title='bbox 612 1650 734 1690; x_wconf 81' lang='lat' dir='ltr'>Deliis]</span> <span class='ocrx_word' id='word_1_143' title='bbox 770 1651 898 1681; x_wconf 81' lang='lat' dir='ltr'>Laurea</span> <span class='ocrx_word' id='word_1_144' title='bbox 928 1650 1032 1690; x_wconf 89' lang='lat' dir='ltr'>Apol-</span> 
     </span>
     <span class='ocr_line' id='line_1_29' title="bbox 347 1698 996 1738; baseline 0.003 -10"><span class='ocrx_word' id='word_1_145' title='bbox 347 1698 444 1728; x_wconf 81' lang='lat' dir='ltr'>linari</span> <span class='ocrx_word' id='word_1_146' title='bbox 460 1707 480 1729; x_wconf 83' lang='lat' dir='ltr'>a</span> <span class='ocrx_word' id='word_1_147' title='bbox 494 1698 583 1729; x_wconf 88' lang='lat' dir='ltr'>Delo</span> <span class='ocrx_word' id='word_1_148' title='bbox 598 1698 715 1737; x_wconf 87' lang='lat' dir='ltr'>insula,</span> <span class='ocrx_word' id='word_1_149' title='bbox 727 1699 877 1738; x_wconf 84' lang='lat' dir='ltr'>Apollini</span> <span class='ocrx_word' id='word_1_150' title='bbox 891 1708 996 1730; x_wconf 82' lang='lat' dir='ltr'>sacra.</span> 
     </span>
    </p>

    <p class='ocr_par' dir='ltr' id='par_1_6' title="bbox 345 1747 1034 2077">
     <span class='ocr_line' id='line_1_30' title="bbox 389 1747 1032 1787; baseline 0.002 -10"><span class='ocrx_word' id='word_1_151' title='bbox 389 1750 410 1777; x_wconf 84' lang='lat'><strong>9</strong></span> <span class='ocrx_word' id='word_1_152' title='bbox 449 1748 598 1778; x_wconf 74' lang='lat' dir='ltr'>Ostendet</span> <span class='ocrx_word' id='word_1_153' title='bbox 626 1748 794 1787; x_wconf 80' lang='lat' dir='ltr'>Capitolio]</span> <span class='ocrx_word' id='word_1_154' title='bbox 828 1747 878 1778; x_wconf 88' lang='lat' dir='ltr'>Eo</span> <span class='ocrx_word' id='word_1_155' title='bbox 911 1756 1032 1787; x_wconf 73' lang='lat' dir='ltr'>nempe</span> 
     </span>
     <span class='ocr_line' id='line_1_31' title="bbox 347 1795 1033 1836; baseline 0 -10"><span class='ocrx_word' id='word_1_156' title='bbox 347 1800 444 1827; x_wconf 75' lang='lat' dir='ltr'>recta</span> <span class='ocrx_word' id='word_1_157' title='bbox 458 1795 684 1827; x_wconf 81' lang='lat' dir='ltr'>ascendebant</span> <span class='ocrx_word' id='word_1_158' title='bbox 694 1796 1033 1836; x_wconf 77' lang='lat' dir='ltr'>triumphantes‚Diis</span> 
     </span>
     <span class='ocr_line' id='line_1_32' title="bbox 348 1844 1033 1885; baseline 0.001 -10"><span class='ocrx_word' id='word_1_159' title='bbox 348 1845 457 1876; x_wconf 84' lang='lat' dir='ltr'>acturi</span> <span class='ocrx_word' id='word_1_160' title='bbox 478 1845 616 1885; x_wconf 79' lang='lat' dir='ltr'>gratias.</span> <span class='ocrx_word' id='word_1_161' title='bbox 661 1844 696 1875; x_wconf 90' lang='lat' dir='ltr'>Is</span> <span class='ocrx_word' id='word_1_162' title='bbox 709 1844 797 1876; x_wconf 89' lang='lat' dir='ltr'>enim</span> <span class='ocrx_word' id='word_1_163' title='bbox 812 1845 1033 1885; x_wconf 87' lang='lat' dir='ltr'>pulcerrimus</span> 
     </span>
     <span class='ocr_line' id='line_1_33' title="bbox 348 1892 1032 1926; baseline 0.001 -2"><span class='ocrx_word' id='word_1_164' title='bbox 348 1902 461 1924; x_wconf 87' lang='lat' dir='ltr'>eorum</span> <span class='ocrx_word' id='word_1_165' title='bbox 490 1893 638 1924; x_wconf 78' lang='lat' dir='ltr'>victorioe</span> <span class='ocrx_word' id='word_1_166' title='bbox 660 1892 789 1924; x_wconf 63' lang='lat' dir='ltr'>flnctus</span> <span class='ocrx_word' id='word_1_167' title='bbox 813 1899 897 1925; x_wconf 82' lang='lat' dir='ltr'>erat.</span> <span class='ocrx_word' id='word_1_168' title='bbox 941 1894 1032 1926; x_wconf 87' lang='lat' dir='ltr'>Hinc</span> 
     </span>
     <span class='ocr_line' id='line_1_34' title="bbox 345 1941 1034 1982; baseline 0.001 -10"><span class='ocrx_word' id='word_1_169' title='bbox 345 1941 503 1982; x_wconf 82' lang='lat' dir='ltr'>frequens</span> <span class='ocrx_word' id='word_1_170' title='bbox 527 1942 585 1973; x_wconf 82' lang='lat' dir='ltr'>ina</span> <span class='ocrx_word' id='word_1_171' title='bbox 606 1946 757 1973; x_wconf 85' lang='lat' dir='ltr'>veterum</span> <span class='ocrx_word' id='word_1_172' title='bbox 771 1942 1034 1974; x_wconf 82' lang='lat' dir='ltr'>Jurisconsulto-</span> 
     </span>
     <span class='ocr_line' id='line_1_35' title="bbox 348 1991 1033 2030; baseline 0.003 -10"><span class='ocrx_word' id='word_1_173' title='bbox 348 1999 418 2021; x_wconf 80' lang='lat' dir='ltr'>rum</span> <span class='ocrx_word' id='word_1_174' title='bbox 443 1991 602 2030; x_wconf 84' lang='lat' dir='ltr'>conditio,</span> <span class='ocrx_word' id='word_1_175' title='bbox 623 1991 632 2008; x_wconf 92' lang='lat'>‘</span> <span class='ocrx_word' id='word_1_176' title='bbox 649 1991 683 2021; x_wconf 94' lang='lat' dir='ltr'>Si</span> <span class='ocrx_word' id='word_1_177' title='bbox 700 1991 902 2030; x_wconf 76' lang='lat' dir='ltr'>Capitolium</span> <span class='ocrx_word' id='word_1_178' title='bbox 919 2000 1033 2022; x_wconf 81' lang='lat' dir='ltr'>ascen·</span> 
     </span>
     <span class='ocr_line' id='line_1_36' title="bbox 347 2037 997 2077; baseline 0 -9"><span class='ocrx_word' id='word_1_179' title='bbox 347 2037 452 2076; x_wconf 84' lang='lat' dir='ltr'>dero‚&#39;</span> <span class='ocrx_word' id='word_1_180' title='bbox 467 2047 526 2077; x_wconf 88' lang='lat' dir='ltr'>pro</span> <span class='ocrx_word' id='word_1_181' title='bbox 538 2038 565 2068; x_wconf 92' lang='lat' dir='ltr'>si</span> <span class='ocrx_word' id='word_1_182' title='bbox 581 2038 840 2077; x_wconf 75' lang='lat' dir='ltr'>triumphavero.</span> <span class='ocrx_word' id='word_1_183' title='bbox 858 2039 997 2069; x_wconf 61' lang='lat' dir='ltr'>Tot-rent.</span> 
     </span>
    </p>

    <p class='ocr_par' dir='ltr' id='par_1_7' title="bbox 340 2085 1035 2751">
     <span class='ocr_line' id='line_1_37' title="bbox 391 2085 1030 2126; baseline 0.005 -11"><span class='ocrx_word' id='word_1_184' title='bbox 391 2088 431 2115; x_wconf 92' lang='lat'>10</span> <span class='ocrx_word' id='word_1_185' title='bbox 454 2085 515 2116; x_wconf 84' lang='lat' dir='ltr'>Sed</span> <span class='ocrx_word' id='word_1_186' title='bbox 538 2095 606 2125; x_wconf 81' lang='lat' dir='ltr'>quoe</span> <span class='ocrx_word' id='word_1_187' title='bbox 632 2086 727 2116; x_wconf 72' lang='lat' dir='ltr'>Tibur</span> <span class='ocrx_word' id='word_1_188' title='bbox 741 2087 842 2126; x_wconf 82' lang='lat' dir='ltr'>aquoe]</span> <span class='ocrx_word' id='word_1_189' title='bbox 866 2087 942 2118; x_wconf 89' lang='lat' dir='ltr'>Non</span> <span class='ocrx_word' id='word_1_190' title='bbox 959 2087 1030 2118; x_wconf 85' lang='lat' dir='ltr'>baec</span> 
     </span>
     <span class='ocr_line' id='line_1_38' title="bbox 346 2134 1030 2174; baseline 0 -10"><span class='ocrx_word' id='word_1_191' title='bbox 346 2143 448 2174; x_wconf 86' lang='lat' dir='ltr'>supra</span> <span class='ocrx_word' id='word_1_192' title='bbox 473 2139 658 2165; x_wconf 85' lang='lat' dir='ltr'>memorata</span> <span class='ocrx_word' id='word_1_193' title='bbox 681 2143 754 2164; x_wconf 88' lang='lat' dir='ltr'>eum</span> <span class='ocrx_word' id='word_1_194' title='bbox 777 2134 921 2164; x_wconf 85' lang='lat' dir='ltr'>reddent</span> <span class='ocrx_word' id='word_1_195' title='bbox 938 2134 1030 2164; x_wconf 88' lang='lat' dir='ltr'>nobi-</span> 
     </span>
     <span class='ocr_line' id='line_1_39' title="bbox 348 2181 1030 2223; baseline -0.001 -10"><span class='ocrx_word' id='word_1_196' title='bbox 348 2183 426 2222; x_wconf 90' lang='lat' dir='ltr'>lem,</span> <span class='ocrx_word' id='word_1_197' title='bbox 442 2182 499 2212; x_wconf 88' lang='lat' dir='ltr'>sed</span> <span class='ocrx_word' id='word_1_198' title='bbox 514 2191 621 2223; x_wconf 78' lang='lat' dir='ltr'>aquae,</span> <span class='ocrx_word' id='word_1_199' title='bbox 637 2192 712 2222; x_wconf 87' lang='lat' dir='ltr'>quae</span> <span class='ocrx_word' id='word_1_200' title='bbox 724 2181 954 2221; x_wconf 60' lang='lat' dir='ltr'>praeterfluunt</span> <span class='ocrx_word' id='word_1_201' title='bbox 965 2181 1030 2213; x_wconf 87' lang='lat' dir='ltr'>fer-</span> 
     </span>
     <span class='ocr_line' id='line_1_40' title="bbox 350 2229 1030 2270; baseline -0.001 -9"><span class='ocrx_word' id='word_1_202' title='bbox 350 2231 410 2262; x_wconf 88' lang='lat' dir='ltr'>tile</span> <span class='ocrx_word' id='word_1_203' title='bbox 424 2230 525 2262; x_wconf 85' lang='lat' dir='ltr'>Tibur</span> <span class='ocrx_word' id='word_1_204' title='bbox 539 2231 579 2261; x_wconf 84' lang='lat' dir='ltr'>ab</span> <span class='ocrx_word' id='word_1_205' title='bbox 595 2239 635 2261; x_wconf 90' lang='lat' dir='ltr'>eo</span> <span class='ocrx_word' id='word_1_206' title='bbox 648 2229 825 2270; x_wconf 84' lang='lat' dir='ltr'>descriptae</span> <span class='ocrx_word' id='word_1_207' title='bbox 841 2230 945 2261; x_wconf 83' lang='lat' dir='ltr'>AEolio</span> <span class='ocrx_word' id='word_1_208' title='bbox 959 2239 1030 2260; x_wconf 84' lang='lat' dir='ltr'>car-</span> 
     </span>
     <span class='ocr_line' id='line_1_41' title="bbox 348 2279 1032 2319; baseline -0.003 -8"><span class='ocrx_word' id='word_1_209' title='bbox 348 2281 450 2319; x_wconf 86' lang='lat' dir='ltr'>mine,</span> <span class='ocrx_word' id='word_1_210' title='bbox 465 2279 589 2311; x_wconf 82' lang='lat' dir='ltr'>facient</span> <span class='ocrx_word' id='word_1_211' title='bbox 603 2279 788 2311; x_wconf 81' lang='lat' dir='ltr'>clariorem.</span> <span class='ocrx_word' id='word_1_212' title='bbox 835 2279 950 2310; x_wconf 74' lang='lat' dir='ltr'>Fer-tile</span> <span class='ocrx_word' id='word_1_213' title='bbox 961 2288 1032 2319; x_wconf 84' lang='lat' dir='ltr'>pro·</span> 
     </span>
     <span class='ocr_line' id='line_1_42' title="bbox 340 2327 1031 2368; baseline -0.001 -9"><span class='ocrx_word' id='word_1_214' title='bbox 340 2327 463 2368; x_wconf 77' lang='lat' dir='ltr'>fluunt]</span> <span class='ocrx_word' id='word_1_215' title='bbox 484 2328 540 2359; x_wconf 90' lang='lat' dir='ltr'>Sic</span> <span class='ocrx_word' id='word_1_216' title='bbox 555 2329 589 2358; x_wconf 88' lang='lat' dir='ltr'>in</span> <span class='ocrx_word' id='word_1_217' title='bbox 612 2327 762 2358; x_wconf 85' lang='lat' dir='ltr'>omnibus</span> <span class='ocrx_word' id='word_1_218' title='bbox 777 2327 921 2357; x_wconf 86' lang='lat' dir='ltr'>melioris</span> <span class='ocrx_word' id='word_1_219' title='bbox 943 2331 1031 2358; x_wconf 85' lang='lat' dir='ltr'>notae</span> 
     </span>
     <span class='ocr_line' id='line_1_43' title="bbox 348 2375 1033 2417; baseline -0.003 -9"><span class='ocrx_word' id='word_1_220' title='bbox 348 2377 442 2408; x_wconf 88' lang='lat' dir='ltr'>libris</span> <span class='ocrx_word' id='word_1_221' title='bbox 455 2377 617 2417; x_wconf 88' lang='lat' dir='ltr'>scriptum</span> <span class='ocrx_word' id='word_1_222' title='bbox 633 2376 778 2416; x_wconf 86' lang='lat' dir='ltr'>repperi.</span> <span class='ocrx_word' id='word_1_223' title='bbox 821 2376 908 2407; x_wconf 83' lang='lat' dir='ltr'>Nam</span> <span class='ocrx_word' id='word_1_224' title='bbox 931 2375 1033 2416; x_wconf 84' lang='lat' dir='ltr'>parti·</span> 
     </span>
     <span class='ocr_line' id='line_1_44' title="bbox 350 2424 1033 2466; baseline -0.001 -10"><span class='ocrx_word' id='word_1_225' title='bbox 350 2426 426 2456; x_wconf 82' lang='lat' dir='ltr'>cula</span> <span class='ocrx_word' id='word_1_226' title='bbox 447 2426 457 2443; x_wconf 85' lang='lat'>‘</span> <span class='ocrx_word' id='word_1_227' title='bbox 473 2425 566 2466; x_wconf 78' lang='lat' dir='ltr'>prae,&#39;</span> <span class='ocrx_word' id='word_1_228' title='bbox 588 2435 655 2456; x_wconf 85' lang='lat' dir='ltr'>uon</span> <span class='ocrx_word' id='word_1_229' title='bbox 673 2429 803 2456; x_wconf 83' lang='lat' dir='ltr'>tantum</span> <span class='ocrx_word' id='word_1_230' title='bbox 825 2424 942 2456; x_wconf 83' lang='lat' dir='ltr'>‘ante&#39;</span> <span class='ocrx_word' id='word_1_231' title='bbox 967 2425 1033 2466; x_wconf 79' lang='lat' dir='ltr'>sig-</span> 
     </span>
     <span class='ocr_line' id='line_1_45' title="bbox 350 2473 1032 2515; baseline 0.001 -10"><span class='ocrx_word' id='word_1_232' title='bbox 350 2473 475 2510; x_wconf 83' lang='lat' dir='ltr'>nificat,</span> <span class='ocrx_word' id='word_1_233' title='bbox 487 2475 545 2506; x_wconf 84' lang='lat' dir='ltr'>sed</span> <span class='ocrx_word' id='word_1_234' title='bbox 557 2479 656 2515; x_wconf 79' lang='lat' dir='ltr'>auget</span> <span class='ocrx_word' id='word_1_235' title='bbox 671 2474 945 2514; x_wconf 81' lang='lat' dir='ltr'>significationem</span> <span class='ocrx_word' id='word_1_236' title='bbox 960 2485 1032 2507; x_wconf 90' lang='lat' dir='ltr'>ver-</span> 
     </span>
     <span class='ocr_line' id='line_1_46' title="bbox 350 2523 1033 2564; baseline 0.003 -10"><span class='ocrx_word' id='word_1_237' title='bbox 350 2523 396 2559; x_wconf 88' lang='lat' dir='ltr'>bi,</span> <span class='ocrx_word' id='word_1_238' title='bbox 419 2524 472 2554; x_wconf 89' lang='lat' dir='ltr'>cui</span> <span class='ocrx_word' id='word_1_239' title='bbox 487 2524 662 2564; x_wconf 79' lang='lat' dir='ltr'>jungitur;</span> <span class='ocrx_word' id='word_1_240' title='bbox 682 2529 718 2555; x_wconf 92' lang='lat' dir='ltr'>et</span> <span class='ocrx_word' id='word_1_241' title='bbox 741 2524 910 2555; x_wconf 87' lang='lat' dir='ltr'>interdum</span> <span class='ocrx_word' id='word_1_242' title='bbox 932 2525 1033 2556; x_wconf 82' lang='lat' dir='ltr'>etiam</span> 
     </span>
     <span class='ocr_line' id='line_1_47' title="bbox 351 2572 1031 2613; baseline 0.003 -10"><span class='ocrx_word' id='word_1_243' title='bbox 351 2581 412 2610; x_wconf 87' lang='lat' dir='ltr'>pro</span> <span class='ocrx_word' id='word_1_244' title='bbox 434 2572 533 2613; x_wconf 85' lang='lat' dir='ltr'>‘pro&#39;</span> <span class='ocrx_word' id='word_1_245' title='bbox 553 2572 727 2612; x_wconf 83' lang='lat' dir='ltr'>accipitur.</span> <span class='ocrx_word' id='word_1_246' title='bbox 771 2572 902 2604; x_wconf 83' lang='lat' dir='ltr'>Gellius</span> <span class='ocrx_word' id='word_1_247' title='bbox 922 2582 986 2604; x_wconf 85' lang='lat' dir='ltr'>vu.</span> <span class='ocrx_word' id='word_1_248' title='bbox 999 2576 1031 2605; x_wconf 87' lang='lat'>9.</span> 
     </span>
     <span class='ocr_line' id='line_1_48' title="bbox 351 2621 1034 2662; baseline 0.006 -12"><span class='ocrx_word' id='word_1_249' title='bbox 351 2621 438 2652; x_wconf 83' lang='lat' dir='ltr'>Torr.</span> <span class='ocrx_word' id='word_1_250' title='bbox 483 2622 578 2653; x_wconf 79' lang='lat' dir='ltr'>Tibur</span> <span class='ocrx_word' id='word_1_251' title='bbox 594 2622 720 2662; x_wconf 83' lang='lat' dir='ltr'>fertile]</span> <span class='ocrx_word' id='word_1_252' title='bbox 743 2631 800 2653; x_wconf 82' lang='lat'>111.</span> <span class='ocrx_word' id='word_1_253' title='bbox 824 2622 893 2654; x_wconf 90' lang='lat' dir='ltr'>Od.</span> <span class='ocrx_word' id='word_1_254' title='bbox 914 2626 969 2654; x_wconf 83' lang='grc'>29.</span> <span class='ocrx_word' id='word_1_255' title='bbox 987 2623 1034 2654; x_wconf 93' lang='lat' dir='ltr'>U·</span> 
     </span>
     <span class='ocr_line' id='line_1_49' title="bbox 351 2667 1035 2711; baseline 0.01 -14"><span class='ocrx_word' id='word_1_256' title='bbox 351 2667 429 2698; x_wconf 89' lang='lat' dir='ltr'>dum</span> <span class='ocrx_word' id='word_1_257' title='bbox 445 2672 594 2710; x_wconf 84' lang='lat' dir='ltr'>appellat</span> <span class='ocrx_word' id='word_1_258' title='bbox 614 2671 728 2711; x_wconf 88' lang='lat' dir='ltr'>Tibur,</span> <span class='ocrx_word' id='word_1_259' title='bbox 744 2671 801 2703; x_wconf 90' lang='lat' dir='ltr'>ubi</span> <span class='ocrx_word' id='word_1_260' title='bbox 816 2672 962 2703; x_wconf 84' lang='lat' dir='ltr'>carmina</span> <span class='ocrx_word' id='word_1_261' title='bbox 975 2682 1035 2704; x_wconf 81' lang='lat' dir='ltr'>sua</span> 
     </span>
     <span class='ocr_line' id='line_1_50' title="bbox 352 2718 596 2751; baseline 0.02 -5"><span class='ocrx_word' id='word_1_262' title='bbox 352 2718 596 2751; x_wconf 76' lang='lat' dir='ltr'>conscribebat.</span> 
     </span>
    </p>
   </div>
   <div class='ocr_carea' id='block_1_3' title="bbox 394 2765 1034 2807">
    <p class='ocr_par' dir='ltr' id='par_1_8' title="bbox 394 2765 1034 2807">
     <span class='ocr_line' id='line_1_51' title="bbox 394 2765 1034 2807; baseline 0.009 -11"><span class='ocrx_word' id='word_1_263' title='bbox 394 2767 435 2797; x_wconf 85' lang='grc'>12</span> <span class='ocrx_word' id='word_1_264' title='bbox 451 2765 601 2807; x_wconf 78' lang='lat' dir='ltr'>Fingent]</span> <span class='ocrx_word' id='word_1_265' title='bbox 622 2768 780 2802; x_wconf 86' lang='lat' dir='ltr'>Efficient</span> <span class='ocrx_word' id='word_1_266' title='bbox 793 2770 948 2803; x_wconf 81' lang='lat' dir='ltr'>nobilem.</span> <span class='ocrx_word' id='word_1_267' title='bbox 959 2771 1034 2802; x_wconf 85' lang='lat' dir='ltr'>AEo-</span> 
     </span>
    </p>
   </div>
   <div class='ocr_carea' id='block_1_4' title="bbox 806 290 1316 324">
    <p class='ocr_par' dir='ltr' id='par_1_9' title="bbox 806 290 1316 324">
     <span class='ocr_line' id='line_1_52' title="bbox 806 290 1316 324; baseline 0.008 -4"><span class='ocrx_word' id='word_1_268' title='bbox 806 291 941 321; x_wconf 80' lang='lat' dir='ltr'>NO&#39;rAE</span> <span class='ocrx_word' id='word_1_269' title='bbox 971 290 1229 323; x_wconf 64' lang='lat' dir='ltr'>vammum</span> <span class='ocrx_word' id='word_1_270' title='bbox 1262 294 1316 324; x_wconf 74' lang='lat' dir='ltr'>nt</span> 
     </span>
    </p>
   </div>
   <div class='ocr_carea' id='block_1_5' title="bbox 1078 383 1769 2811">
    <p class='ocr_par' dir='ltr' id='par_1_10' title="bbox 1079 383 1765 511">
     <span class='ocr_line' id='line_1_53' title="bbox 1079 383 1765 426; baseline 0.004 -12"><span class='ocrx_word' id='word_1_271' title='bbox 1079 384 1120 414; x_wconf 78' lang='lat' dir='ltr'>lio</span> <span class='ocrx_word' id='word_1_272' title='bbox 1159 383 1309 423; x_wconf 77' lang='lat' dir='ltr'>carmine]</span> <span class='ocrx_word' id='word_1_273' title='bbox 1346 384 1500 416; x_wconf 81' lang='lat' dir='ltr'>Carmine</span> <span class='ocrx_word' id='word_1_274' title='bbox 1528 384 1698 426; x_wconf 79' lang='lat' dir='ltr'>Sapphico</span> <span class='ocrx_word' id='word_1_275' title='bbox 1728 389 1765 417; x_wconf 75' lang='lat' dir='ltr'>et</span> 
     </span>
     <span class='ocr_line' id='line_1_54' title="bbox 1079 431 1764 466; baseline 0.001 -3"><span class='ocrx_word' id='word_1_276' title='bbox 1079 431 1226 464; x_wconf 82' lang='lat' dir='ltr'>Alcaico.</span> <span class='ocrx_word' id='word_1_277' title='bbox 1270 433 1358 464; x_wconf 88' lang='lat' dir='ltr'>Vide</span> <span class='ocrx_word' id='word_1_278' title='bbox 1376 441 1432 464; x_wconf 82' lang='lat' dir='ltr'>nr.</span> <span class='ocrx_word' id='word_1_279' title='bbox 1446 433 1514 465; x_wconf 87' lang='lat' dir='ltr'>Od.</span> <span class='ocrx_word' id='word_1_280' title='bbox 1526 436 1577 464; x_wconf 73' lang='lat'>80.</span> <span class='ocrx_word' id='word_1_281' title='bbox 1592 439 1628 465; x_wconf 86' lang='lat' dir='ltr'>et</span> <span class='ocrx_word' id='word_1_282' title='bbox 1642 442 1682 466; x_wconf 87' lang='grc' dir='ltr'>ιι.</span> <span class='ocrx_word' id='word_1_283' title='bbox 1697 433 1764 466; x_wconf 85' lang='lat' dir='ltr'>Od.</span> 
     </span>
     <span class='ocr_line' id='line_1_55' title="bbox 1079 482 1132 511; baseline 0 -1"><span class='ocrx_word' id='word_1_284' title='bbox 1079 482 1132 511; x_wconf 84' lang='lat'>12.</span> 
     </span>
    </p>

    <p class='ocr_par' dir='ltr' id='par_1_11' title="bbox 1078 529 1768 998">
     <span class='ocr_line' id='line_1_56' title="bbox 1123 529 1768 570; baseline 0.003 -11"><span class='ocrx_word' id='word_1_285' title='bbox 1123 531 1162 559; x_wconf 75' lang='lat'>1³</span> <span class='ocrx_word' id='word_1_286' title='bbox 1186 530 1293 561; x_wconf 81' lang='lat' dir='ltr'>Romoe</span> <span class='ocrx_word' id='word_1_287' title='bbox 1315 529 1478 570; x_wconf 81' lang='lat' dir='ltr'>principis]</span> <span class='ocrx_word' id='word_1_288' title='bbox 1501 530 1690 562; x_wconf 83' lang='lat' dir='ltr'>Posteritas</span> <span class='ocrx_word' id='word_1_289' title='bbox 1702 529 1768 561; x_wconf 83' lang='lat' dir='ltr'>Ro-</span> 
     </span>
     <span class='ocr_line' id='line_1_57' title="bbox 1080 577 1766 619; baseline 0.001 -12"><span class='ocrx_word' id='word_1_290' title='bbox 1080 586 1142 607; x_wconf 79' lang='lat' dir='ltr'>mae</span> <span class='ocrx_word' id='word_1_291' title='bbox 1152 577 1244 618; x_wconf 69' lang='lat' dir='ltr'>(quse</span> <span class='ocrx_word' id='word_1_292' title='bbox 1258 579 1390 610; x_wconf 90' lang='lat' dir='ltr'>urbium</span> <span class='ocrx_word' id='word_1_293' title='bbox 1408 580 1563 619; x_wconf 87' lang='lat' dir='ltr'>princeps</span> <span class='ocrx_word' id='word_1_294' title='bbox 1578 584 1630 610; x_wconf 88' lang='lat' dir='ltr'>est</span> <span class='ocrx_word' id='word_1_295' title='bbox 1656 583 1688 610; x_wconf 82' lang='lat' dir='ltr'>et</span> <span class='ocrx_word' id='word_1_296' title='bbox 1712 588 1766 609; x_wconf 81' lang='lat' dir='ltr'>ca-</span> 
     </span>
     <span class='ocr_line' id='line_1_58' title="bbox 1080 625 1766 667; baseline 0.001 -11"><span class='ocrx_word' id='word_1_297' title='bbox 1080 625 1157 666; x_wconf 86' lang='lat' dir='ltr'>put)</span> <span class='ocrx_word' id='word_1_298' title='bbox 1170 627 1326 667; x_wconf 82' lang='lat' dir='ltr'>dignatur</span> <span class='ocrx_word' id='word_1_299' title='bbox 1337 638 1388 660; x_wconf 91' lang='lat' dir='ltr'>me</span> <span class='ocrx_word' id='word_1_300' title='bbox 1403 629 1567 659; x_wconf 78' lang='lat' dir='ltr'>numerari</span> <span class='ocrx_word' id='word_1_301' title='bbox 1579 629 1666 659; x_wconf 88' lang='lat' dir='ltr'>inter</span> <span class='ocrx_word' id='word_1_302' title='bbox 1678 627 1766 658; x_wconf 65' lang='lat' dir='ltr'>Poa-</span> 
     </span>
     <span class='ocr_line' id='line_1_59' title="bbox 1079 676 1765 717; baseline 0.003 -13"><span class='ocrx_word' id='word_1_303' title='bbox 1079 678 1130 704; x_wconf 81' lang='lat' dir='ltr'>tas</span> <span class='ocrx_word' id='word_1_304' title='bbox 1153 676 1285 715; x_wconf 83' lang='lat' dir='ltr'>lyricos,</span> <span class='ocrx_word' id='word_1_305' title='bbox 1303 678 1359 717; x_wconf 88' lang='lat' dir='ltr'>qui</span> <span class='ocrx_word' id='word_1_306' title='bbox 1374 682 1497 708; x_wconf 83' lang='lat' dir='ltr'>canunt</span> <span class='ocrx_word' id='word_1_307' title='bbox 1511 677 1676 708; x_wconf 79' lang='lat' dir='ltr'>amabilia.</span> <span class='ocrx_word' id='word_1_308' title='bbox 1700 677 1765 707; x_wconf 83' lang='lat' dir='ltr'>Ro-</span> 
     </span>
     <span class='ocr_line' id='line_1_60' title="bbox 1078 725 1765 766; baseline 0.006 -14"><span class='ocrx_word' id='word_1_309' title='bbox 1078 733 1136 753; x_wconf 81' lang='lat' dir='ltr'>moe</span> <span class='ocrx_word' id='word_1_310' title='bbox 1148 725 1278 765; x_wconf 80' lang='lat' dir='ltr'>soboles]</span> <span class='ocrx_word' id='word_1_311' title='bbox 1300 725 1340 756; x_wconf 92' lang='lat' dir='ltr'>Id</span> <span class='ocrx_word' id='word_1_312' title='bbox 1357 731 1421 765; x_wconf 83' lang='lat' dir='ltr'>est,</span> <span class='ocrx_word' id='word_1_313' title='bbox 1435 727 1583 757; x_wconf 82' lang='lat' dir='ltr'>Romana</span> <span class='ocrx_word' id='word_1_314' title='bbox 1591 726 1765 766; x_wconf 83' lang='lat' dir='ltr'>juventus.</span> 
     </span>
     <span class='ocr_line' id='line_1_61' title="bbox 1078 772 1765 814; baseline 0.004 -12"><span class='ocrx_word' id='word_1_315' title='bbox 1078 772 1123 803; x_wconf 87' lang='lat' dir='ltr'>Et</span> <span class='ocrx_word' id='word_1_316' title='bbox 1137 773 1255 804; x_wconf 75' lang='lat' dir='ltr'>suboles</span> <span class='ocrx_word' id='word_1_317' title='bbox 1271 774 1402 814; x_wconf 90' lang='lat' dir='ltr'>quidem</span> <span class='ocrx_word' id='word_1_318' title='bbox 1419 775 1519 806; x_wconf 86' lang='lat' dir='ltr'>scribi</span> <span class='ocrx_word' id='word_1_319' title='bbox 1535 774 1660 806; x_wconf 81' lang='lat' dir='ltr'>debere</span> <span class='ocrx_word' id='word_1_320' title='bbox 1679 774 1765 805; x_wconf 82' lang='lat' dir='ltr'>ratio</span> 
     </span>
     <span class='ocr_line' id='line_1_62' title="bbox 1078 822 1765 864; baseline 0.007 -13"><span class='ocrx_word' id='word_1_321' title='bbox 1078 822 1239 862; x_wconf 89' lang='lat' dir='ltr'>ostendit,</span> <span class='ocrx_word' id='word_1_322' title='bbox 1252 823 1277 853; x_wconf 85' lang='lat' dir='ltr'>si</span> <span class='ocrx_word' id='word_1_323' title='bbox 1294 824 1425 864; x_wconf 91' lang='lat' dir='ltr'>quidem</span> <span class='ocrx_word' id='word_1_324' title='bbox 1439 834 1458 854; x_wconf 85' lang='lat' dir='ltr'>a</span> <span class='ocrx_word' id='word_1_325' title='bbox 1481 828 1490 842; x_wconf 84' lang='lat'><strong><em>¹</em></strong></span> <span class='ocrx_word' id='word_1_326' title='bbox 1505 824 1585 855; x_wconf 82' lang='lat' dir='ltr'>sub&#39;</span> <span class='ocrx_word' id='word_1_327' title='bbox 1605 829 1640 856; x_wconf 87' lang='lat' dir='ltr'>et</span> <span class='ocrx_word' id='word_1_328' title='bbox 1659 825 1765 856; x_wconf 80' lang='lat' dir='ltr'>&#39;oles-</span> 
     </span>
     <span class='ocr_line' id='line_1_63' title="bbox 1079 869 1766 904; baseline 0.004 -4"><span class='ocrx_word' id='word_1_329' title='bbox 1079 878 1119 900; x_wconf 73' lang='grc' dir='ltr'>σο</span> <span class='ocrx_word' id='word_1_330' title='bbox 1131 869 1140 883; x_wconf 91' lang='lat'><em>&#39;</em></span> <span class='ocrx_word' id='word_1_331' title='bbox 1167 879 1281 901; x_wconf 87' lang='lat' dir='ltr'>vocem</span> <span class='ocrx_word' id='word_1_332' title='bbox 1307 872 1391 903; x_wconf 86' lang='lat' dir='ltr'>hanc</span> <span class='ocrx_word' id='word_1_333' title='bbox 1405 872 1577 904; x_wconf 88' lang='lat' dir='ltr'>deducunt</span> <span class='ocrx_word' id='word_1_334' title='bbox 1591 873 1766 904; x_wconf 82' lang='lat' dir='ltr'>Gramma-</span> 
     </span>
     <span class='ocr_line' id='line_1_64' title="bbox 1081 917 1766 962; baseline 0.009 -15"><span class='ocrx_word' id='word_1_335' title='bbox 1081 917 1154 956; x_wconf 90' lang='lat' dir='ltr'>tici,</span> <span class='ocrx_word' id='word_1_336' title='bbox 1175 918 1234 948; x_wconf 81' lang='lat' dir='ltr'>sed</span> <span class='ocrx_word' id='word_1_337' title='bbox 1260 920 1393 950; x_wconf 87' lang='lat' dir='ltr'>auribus</span> <span class='ocrx_word' id='word_1_338' title='bbox 1414 921 1536 962; x_wconf 87' lang='lat' dir='ltr'>aliquid</span> <span class='ocrx_word' id='word_1_339' title='bbox 1553 921 1766 953; x_wconf 87' lang='lat' dir='ltr'>tribuendum</span> 
     </span>
     <span class='ocr_line' id='line_1_65' title="bbox 1080 966 1307 998; baseline 0.004 -2"><span class='ocrx_word' id='word_1_340' title='bbox 1080 970 1143 996; x_wconf 85' lang='lat' dir='ltr'>est.</span> <span class='ocrx_word' id='word_1_341' title='bbox 1167 966 1307 998; x_wconf 72' lang='lat' dir='ltr'>Turn-ent.</span> 
     </span>
    </p>

    <p class='ocr_par' dir='ltr' id='par_1_12' title="bbox 1080 1015 1764 1103">
     <span class='ocr_line' id='line_1_66' title="bbox 1123 1015 1764 1058; baseline 0.008 -14"><span class='ocrx_word' id='word_1_342' title='bbox 1123 1017 1163 1045; x_wconf 84' lang='grc'>16</span> <span class='ocrx_word' id='word_1_343' title='bbox 1189 1015 1230 1045; x_wconf 82' lang='lat' dir='ltr'>Et</span> <span class='ocrx_word' id='word_1_344' title='bbox 1243 1015 1313 1052; x_wconf 74' lang='lat' dir='ltr'>jam</span> <span class='ocrx_word' id='word_1_345' title='bbox 1336 1015 1442 1055; x_wconf 83' lang='lat' dir='ltr'>dente]</span> <span class='ocrx_word' id='word_1_346' title='bbox 1480 1017 1524 1048; x_wconf 77' lang='lat' dir='ltr'>Et</span> <span class='ocrx_word' id='word_1_347' title='bbox 1543 1018 1614 1058; x_wconf 81' lang='lat' dir='ltr'>jam</span> <span class='ocrx_word' id='word_1_348' title='bbox 1641 1019 1764 1050; x_wconf 83' lang='lat' dir='ltr'>virtute</span> 
     </span>
     <span class='ocr_line' id='line_1_67' title="bbox 1080 1064 1393 1103; baseline 0.01 -10"><span class='ocrx_word' id='word_1_349' title='bbox 1080 1073 1203 1103; x_wconf 88' lang='lat' dir='ltr'>supero</span> <span class='ocrx_word' id='word_1_350' title='bbox 1223 1064 1393 1096; x_wconf 88' lang='lat' dir='ltr'>invidiam.</span> 
     </span>
    </p>

    <p class='ocr_par' dir='ltr' id='par_1_13' title="bbox 1081 1113 1767 1300">
     <span class='ocr_line' id='line_1_68' title="bbox 1125 1113 1767 1154; baseline 0.005 -11"><span class='ocrx_word' id='word_1_351' title='bbox 1125 1115 1163 1143; x_wconf 81' lang='grc'>17</span> <span class='ocrx_word' id='word_1_352' title='bbox 1203 1113 1231 1143; x_wconf 95' lang='grc' dir='ltr'>Ο</span> <span class='ocrx_word' id='word_1_353' title='bbox 1261 1114 1425 1145; x_wconf 71' lang='lat' dir='ltr'>testudini-s</span> <span class='ocrx_word' id='word_1_354' title='bbox 1460 1113 1575 1154; x_wconf 80' lang='lat' dir='ltr'>uureae]</span> <span class='ocrx_word' id='word_1_355' title='bbox 1607 1113 1638 1146; x_wconf 92' lang='grc' dir='ltr'><strong>Ο</strong></span> <span class='ocrx_word' id='word_1_356' title='bbox 1674 1114 1767 1146; x_wconf 86' lang='lat' dir='ltr'>Pieri</span> 
     </span>
     <span class='ocr_line' id='line_1_69' title="bbox 1081 1162 1766 1203; baseline 0.003 -11"><span class='ocrx_word' id='word_1_357' title='bbox 1081 1162 1296 1202; x_wconf 81' lang='lat' dir='ltr'>Melpomene</span> <span class='ocrx_word' id='word_1_358' title='bbox 1327 1163 1439 1201; x_wconf 80' lang='lat' dir='ltr'>Musa,</span> <span class='ocrx_word' id='word_1_359' title='bbox 1473 1172 1548 1203; x_wconf 78' lang='lat' dir='ltr'>quae</span> <span class='ocrx_word' id='word_1_360' title='bbox 1584 1162 1766 1194; x_wconf 85' lang='lat' dir='ltr'>moderaris</span> 
     </span>
     <span class='ocr_line' id='line_1_70' title="bbox 1082 1211 1767 1246; baseline 0.004 -5"><span class='ocrx_word' id='word_1_361' title='bbox 1082 1211 1212 1242; x_wconf 86' lang='lat' dir='ltr'>dulcem</span> <span class='ocrx_word' id='word_1_362' title='bbox 1233 1217 1366 1244; x_wconf 88' lang='lat' dir='ltr'>cantum</span> <span class='ocrx_word' id='word_1_363' title='bbox 1388 1221 1498 1243; x_wconf 79' lang='lat' dir='ltr'>aureae</span> <span class='ocrx_word' id='word_1_364' title='bbox 1519 1216 1554 1244; x_wconf 76' lang='lat' dir='ltr'>et</span> <span class='ocrx_word' id='word_1_365' title='bbox 1571 1213 1767 1246; x_wconf 77' lang='lat' dir='ltr'>excellentis</span> 
     </span>
     <span class='ocr_line' id='line_1_71' title="bbox 1082 1260 1177 1300; baseline 0 -10"><span class='ocrx_word' id='word_1_366' title='bbox 1082 1260 1177 1300; x_wconf 79' lang='lat' dir='ltr'>lyrae.</span> 
     </span>
    </p>

    <p class='ocr_par' dir='ltr' id='par_1_14' title="bbox 1078 1309 1767 1788">
     <span class='ocr_line' id='line_1_72' title="bbox 1126 1309 1766 1350; baseline 0.002 -10"><span class='ocrx_word' id='word_1_367' title='bbox 1126 1311 1165 1340; x_wconf 88' lang='lat'>18</span> <span class='ocrx_word' id='word_1_368' title='bbox 1189 1309 1364 1341; x_wconf 77' lang='lat' dir='ltr'>Testudinis</span> <span class='ocrx_word' id='word_1_369' title='bbox 1389 1309 1566 1350; x_wconf 76' lang='lat' dir='ltr'>strepitum]</span> <span class='ocrx_word' id='word_1_370' title='bbox 1596 1309 1766 1350; x_wconf 76' lang='lat' dir='ltr'>Strepitum</span> 
     </span>
     <span class='ocr_line' id='line_1_73' title="bbox 1080 1356 1767 1399; baseline 0.001 -12"><span class='ocrx_word' id='word_1_371' title='bbox 1080 1356 1177 1392; x_wconf 82' lang='lat' dir='ltr'>dixit,</span> <span class='ocrx_word' id='word_1_372' title='bbox 1204 1363 1363 1398; x_wconf 86' lang='lat' dir='ltr'>respectu</span> <span class='ocrx_word' id='word_1_373' title='bbox 1387 1359 1499 1390; x_wconf 84' lang='lat' dir='ltr'>vocis:</span> <span class='ocrx_word' id='word_1_374' title='bbox 1522 1359 1598 1399; x_wconf 85' lang='lat' dir='ltr'>quia</span> <span class='ocrx_word' id='word_1_375' title='bbox 1619 1358 1678 1389; x_wconf 81' lang='lat' dir='ltr'>illa</span> <span class='ocrx_word' id='word_1_376' title='bbox 1697 1359 1767 1389; x_wconf 84' lang='lat' dir='ltr'>sola</span> 
     </span>
     <span class='ocr_line' id='line_1_74' title="bbox 1081 1405 1764 1445; baseline 0 -9"><span class='ocrx_word' id='word_1_377' title='bbox 1081 1405 1235 1445; x_wconf 82' lang='lat' dir='ltr'>perfecta</span> <span class='ocrx_word' id='word_1_378' title='bbox 1257 1411 1322 1444; x_wconf 86' lang='lat' dir='ltr'>est,</span> <span class='ocrx_word' id='word_1_379' title='bbox 1351 1411 1386 1437; x_wconf 89' lang='lat' dir='ltr'>et</span> <span class='ocrx_word' id='word_1_380' title='bbox 1409 1414 1504 1437; x_wconf 88' lang='lat' dir='ltr'>veros</span> <span class='ocrx_word' id='word_1_381' title='bbox 1525 1406 1623 1436; x_wconf 80' lang='lat' dir='ltr'>habet</span> <span class='ocrx_word' id='word_1_382' title='bbox 1645 1415 1764 1443; x_wconf 76' lang='lat' dir='ltr'>sonos;</span> 
     </span>
     <span class='ocr_line' id='line_1_75' title="bbox 1081 1454 1767 1495; baseline 0.001 -11"><span class='ocrx_word' id='word_1_383' title='bbox 1081 1454 1113 1484; x_wconf 91' lang='lat' dir='ltr'>in</span> <span class='ocrx_word' id='word_1_384' title='bbox 1140 1455 1190 1486; x_wconf 81' lang='lat' dir='ltr'>his</span> <span class='ocrx_word' id='word_1_385' title='bbox 1219 1455 1394 1486; x_wconf 84' lang='lat' dir='ltr'>stridulum</span> <span class='ocrx_word' id='word_1_386' title='bbox 1428 1463 1560 1494; x_wconf 88' lang='lat' dir='ltr'>semper</span> <span class='ocrx_word' id='word_1_387' title='bbox 1584 1454 1708 1495; x_wconf 88' lang='lat' dir='ltr'>aliquid</span> <span class='ocrx_word' id='word_1_388' title='bbox 1732 1459 1767 1485; x_wconf 88' lang='lat' dir='ltr'>et</span> 
     </span>
     <span class='ocr_line' id='line_1_76' title="bbox 1079 1502 1767 1543; baseline 0 -9"><span class='ocrx_word' id='word_1_389' title='bbox 1079 1502 1326 1543; x_wconf 75' lang='lat' dir='ltr'>obstreperum3</span> <span class='ocrx_word' id='word_1_390' title='bbox 1350 1503 1524 1535; x_wconf 87' lang='lat' dir='ltr'>imitantur</span> <span class='ocrx_word' id='word_1_391' title='bbox 1537 1504 1624 1535; x_wconf 91' lang='lat' dir='ltr'>enim</span> <span class='ocrx_word' id='word_1_392' title='bbox 1641 1513 1767 1542; x_wconf 85' lang='lat' dir='ltr'>vocem,</span> 
     </span>
     <span class='ocr_line' id='line_1_77' title="bbox 1079 1551 1766 1592; baseline 0.003 -10"><span class='ocrx_word' id='word_1_393' title='bbox 1079 1552 1187 1592; x_wconf 83' lang='lat' dir='ltr'>quoad</span> <span class='ocrx_word' id='word_1_394' title='bbox 1204 1552 1277 1592; x_wconf 85' lang='lat' dir='ltr'>ejus</span> <span class='ocrx_word' id='word_1_395' title='bbox 1291 1551 1364 1582; x_wconf 87' lang='lat' dir='ltr'>fieri</span> <span class='ocrx_word' id='word_1_396' title='bbox 1375 1557 1484 1592; x_wconf 79' lang='lat' dir='ltr'>potest</span> <span class='ocrx_word' id='word_1_397' title='bbox 1497 1563 1505 1583; x_wconf 71' lang='grc' dir='ltr'><strong><em>ι</em></strong></span> <span class='ocrx_word' id='word_1_398' title='bbox 1522 1558 1557 1584; x_wconf 84' lang='lat' dir='ltr'>at</span> <span class='ocrx_word' id='word_1_399' title='bbox 1569 1554 1766 1584; x_wconf 79' lang='lat' dir='ltr'>suavitatem</span> 
     </span>
     <span class='ocr_line' id='line_1_78' title="bbox 1079 1601 1767 1642; baseline 0 -10"><span class='ocrx_word' id='word_1_400' title='bbox 1079 1602 1168 1633; x_wconf 86' lang='lat' dir='ltr'>illam</span> <span class='ocrx_word' id='word_1_401' title='bbox 1185 1601 1314 1642; x_wconf 76' lang='lat' dir='ltr'>assequi</span> <span class='ocrx_word' id='word_1_402' title='bbox 1329 1607 1512 1642; x_wconf 90' lang='lat' dir='ltr'>nequeunt.</span> <span class='ocrx_word' id='word_1_403' title='bbox 1544 1603 1649 1633; x_wconf 81' lang='lat' dir='ltr'>Recte</span> <span class='ocrx_word' id='word_1_404' title='bbox 1663 1602 1767 1642; x_wconf 80' lang='lat' dir='ltr'>igitur</span> 
     </span>
     <span class='ocr_line' id='line_1_79' title="bbox 1078 1650 1765 1689; baseline 0.003 -10"><span class='ocrx_word' id='word_1_405' title='bbox 1078 1650 1239 1689; x_wconf 77' lang='lat' dir='ltr'>strepitum</span> <span class='ocrx_word' id='word_1_406' title='bbox 1275 1653 1372 1680; x_wconf 82' lang='lat' dir='ltr'>vocat</span> <span class='ocrx_word' id='word_1_407' title='bbox 1411 1650 1582 1681; x_wconf 80' lang='lat' dir='ltr'>Horatius.</span> <span class='ocrx_word' id='word_1_408' title='bbox 1621 1650 1765 1682; x_wconf 69' lang='lat' dir='ltr'>Torreat.</span> 
     </span>
     <span class='ocr_line' id='line_1_80' title="bbox 1078 1701 1394 1732; baseline 0 -1"><span class='ocrx_word' id='word_1_409' title='bbox 1078 1701 1181 1731; x_wconf 88' lang='lat' dir='ltr'>Turn.</span> <span class='ocrx_word' id='word_1_410' title='bbox 1210 1709 1313 1732; x_wconf 79' lang='lat' dir='ltr'>xxiv.</span> <span class='ocrx_word' id='word_1_411' title='bbox 1341 1703 1394 1731; x_wconf 87' lang='grc'>25.</span> 
     </span>
     <span class='ocr_line' id='line_1_81' title="bbox 1079 1747 1251 1788; baseline -0.006 -9"><span class='ocrx_word' id='word_1_412' title='bbox 1079 1747 1251 1788; x_wconf 64' lang='lat' dir='ltr'>temperes]</span> 
     </span>
    </p>

    <p class='ocr_par' dir='ltr' id='par_1_15' title="bbox 1079 1796 1769 2319">
     <span class='ocr_line' id='line_1_82' title="bbox 1123 1796 1768 1838; baseline 0.005 -11"><span class='ocrx_word' id='word_1_413' title='bbox 1123 1799 1164 1827; x_wconf 90' lang='grc'>19</span> <span class='ocrx_word' id='word_1_414' title='bbox 1179 1796 1282 1827; x_wconf 84' lang='lat' dir='ltr'>Mutis</span> <span class='ocrx_word' id='word_1_415' title='bbox 1291 1806 1404 1836; x_wconf 83' lang='lat' dir='ltr'>quoque</span> <span class='ocrx_word' id='word_1_416' title='bbox 1410 1797 1559 1838; x_wconf 77' lang='lat' dir='ltr'>piscibus]</span> <span class='ocrx_word' id='word_1_417' title='bbox 1582 1798 1657 1830; x_wconf 89' lang='lat' dir='ltr'>Duo</span> <span class='ocrx_word' id='word_1_418' title='bbox 1669 1799 1768 1830; x_wconf 80' lang='lat' dir='ltr'>Grae-</span> 
     </span>
     <span class='ocr_line' id='line_1_83' title="bbox 1080 1846 1767 1890; baseline 0.006 -15"><span class='ocrx_word' id='word_1_419' title='bbox 1080 1854 1195 1876; x_wconf 91' lang='lat' dir='ltr'>corum</span> <span class='ocrx_word' id='word_1_420' title='bbox 1220 1846 1398 1885; x_wconf 81' lang='lat' dir='ltr'>proverbia</span> <span class='ocrx_word' id='word_1_421' title='bbox 1425 1846 1457 1876; x_wconf 92' lang='lat' dir='ltr'>in</span> <span class='ocrx_word' id='word_1_422' title='bbox 1484 1856 1585 1878; x_wconf 88' lang='lat' dir='ltr'>unum</span> <span class='ocrx_word' id='word_1_423' title='bbox 1612 1848 1767 1890; x_wconf 84' lang='lat' dir='ltr'>contulit.</span> 
     </span>
     <span class='ocr_line' id='line_1_84' title="bbox 1081 1893 1766 1936; baseline 0.006 -12"><span class='ocrx_word' id='word_1_424' title='bbox 1081 1893 1168 1924; x_wconf 86' lang='lat' dir='ltr'>Nam</span> <span class='ocrx_word' id='word_1_425' title='bbox 1184 1898 1218 1925; x_wconf 85' lang='lat' dir='ltr'>et</span> <span class='ocrx_word' id='word_1_426' title='bbox 1234 1894 1373 1934; x_wconf 87' lang='lat' dir='ltr'>piscium</span> <span class='ocrx_word' id='word_1_427' title='bbox 1389 1894 1516 1935; x_wconf 75' lang='grc' dir='ltr'><strong><em>ἀφωνία,</em></strong></span> <span class='ocrx_word' id='word_1_428' title='bbox 1532 1901 1567 1927; x_wconf 89' lang='lat' dir='ltr'>et</span> <span class='ocrx_word' id='word_1_429' title='bbox 1587 1906 1766 1936; x_wconf 88' lang='lat' dir='ltr'>cycnorum</span> 
     </span>
     <span class='ocr_line' id='line_1_85' title="bbox 1079 1943 1769 1984; baseline 0.009 -12"><span class='ocrx_word' id='word_1_430' title='bbox 1079 1947 1197 1973; x_wconf 85' lang='lat' dir='ltr'>cantus</span> <span class='ocrx_word' id='word_1_431' title='bbox 1212 1943 1359 1974; x_wconf 78' lang='lat' dir='ltr'>suavitas</span> <span class='ocrx_word' id='word_1_432' title='bbox 1373 1944 1405 1974; x_wconf 93' lang='lat' dir='ltr'>in</span> <span class='ocrx_word' id='word_1_433' title='bbox 1418 1945 1632 1984; x_wconf 81' lang='lat' dir='ltr'>proverbium</span> <span class='ocrx_word' id='word_1_434' title='bbox 1643 1946 1769 1978; x_wconf 84' lang='lat' dir='ltr'>abiere.</span> 
     </span>
     <span class='ocr_line' id='line_1_86' title="bbox 1080 1990 1765 2034; baseline 0.007 -14"><span class='ocrx_word' id='word_1_435' title='bbox 1080 1990 1167 2021; x_wconf 87' lang='lat' dir='ltr'>Vide</span> <span class='ocrx_word' id='word_1_436' title='bbox 1179 1999 1221 2021; x_wconf 84' lang='grc' dir='ltr'>ιι.</span> <span class='ocrx_word' id='word_1_437' title='bbox 1233 1991 1300 2022; x_wconf 92' lang='lat' dir='ltr'>Od.</span> <span class='ocrx_word' id='word_1_438' title='bbox 1317 1995 1370 2023; x_wconf 89' lang='grc'>20.</span> <span class='ocrx_word' id='word_1_439' title='bbox 1395 1992 1536 2024; x_wconf 78' lang='lat' dir='ltr'>Tor-rent.</span> <span class='ocrx_word' id='word_1_440' title='bbox 1579 1994 1681 2024; x_wconf 81' lang='lat' dir='ltr'>Mutis</span> <span class='ocrx_word' id='word_1_441' title='bbox 1694 2004 1765 2034; x_wconf 82' lang='lat' dir='ltr'>quo-</span> 
     </span>
     <span class='ocr_line' id='line_1_87' title="bbox 1080 2038 1766 2082; baseline 0.007 -15"><span class='ocrx_word' id='word_1_442' title='bbox 1080 2047 1136 2076; x_wconf 84' lang='lat' dir='ltr'>que</span> <span class='ocrx_word' id='word_1_443' title='bbox 1159 2038 1307 2078; x_wconf 79' lang='lat' dir='ltr'>piscibus]</span> <span class='ocrx_word' id='word_1_444' title='bbox 1331 2039 1420 2070; x_wconf 85' lang='lat' dir='ltr'>Muti</span> <span class='ocrx_word' id='word_1_445' title='bbox 1443 2045 1520 2071; x_wconf 85' lang='lat' dir='ltr'>sunt</span> <span class='ocrx_word' id='word_1_446' title='bbox 1544 2041 1663 2080; x_wconf 78' lang='lat' dir='ltr'>pisces,</span> <span class='ocrx_word' id='word_1_447' title='bbox 1687 2042 1766 2082; x_wconf 90' lang='lat' dir='ltr'>quia</span> 
     </span>
     <span class='ocr_line' id='line_1_88' title="bbox 1079 2084 1765 2129; baseline 0.009 -15"><span class='ocrx_word' id='word_1_448' title='bbox 1079 2084 1211 2124; x_wconf 81' lang='lat' dir='ltr'>(paucis</span> <span class='ocrx_word' id='word_1_449' title='bbox 1225 2086 1394 2126; x_wconf 76' lang='lat' dir='ltr'>exceptis)</span> <span class='ocrx_word' id='word_1_450' title='bbox 1409 2095 1474 2118; x_wconf 91' lang='lat' dir='ltr'>non</span> <span class='ocrx_word' id='word_1_451' title='bbox 1490 2089 1630 2127; x_wconf 81' lang='lat' dir='ltr'>spirant,</span> <span class='ocrx_word' id='word_1_452' title='bbox 1657 2097 1765 2129; x_wconf 87' lang='lat' dir='ltr'>neque</span> 
     </span>
     <span class='ocr_line' id='line_1_89' title="bbox 1080 2133 1767 2174; baseline 0.009 -12"><span class='ocrx_word' id='word_1_453' title='bbox 1080 2133 1266 2172; x_wconf 83' lang='lat' dir='ltr'>respirant;</span> <span class='ocrx_word' id='word_1_454' title='bbox 1302 2143 1377 2164; x_wconf 89' lang='lat' dir='ltr'>nam</span> <span class='ocrx_word' id='word_1_455' title='bbox 1402 2135 1589 2174; x_wconf 88' lang='lat' dir='ltr'>pulmonem</span> <span class='ocrx_word' id='word_1_456' title='bbox 1619 2145 1684 2167; x_wconf 92' lang='lat' dir='ltr'>non</span> <span class='ocrx_word' id='word_1_457' title='bbox 1709 2137 1767 2168; x_wconf 82' lang='lat' dir='ltr'>lia-</span> 
     </span>
     <span class='ocr_line' id='line_1_90' title="bbox 1079 2179 1764 2226; baseline 0.009 -16"><span class='ocrx_word' id='word_1_458' title='bbox 1079 2179 1173 2220; x_wconf 89' lang='lat' dir='ltr'>bent,</span> <span class='ocrx_word' id='word_1_459' title='bbox 1189 2190 1251 2211; x_wconf 90' lang='lat' dir='ltr'>nec</span> <span class='ocrx_word' id='word_1_460' title='bbox 1266 2182 1419 2221; x_wconf 87' lang='lat' dir='ltr'>pulmone</span> <span class='ocrx_word' id='word_1_461' title='bbox 1430 2182 1594 2222; x_wconf 79' lang='lat' dir='ltr'>indigent,</span> <span class='ocrx_word' id='word_1_462' title='bbox 1617 2194 1659 2216; x_wconf 92' lang='lat' dir='ltr'>eo</span> <span class='ocrx_word' id='word_1_463' title='bbox 1674 2186 1764 2226; x_wconf 89' lang='lat' dir='ltr'>quod</span> 
     </span>
     <span class='ocr_line' id='line_1_91' title="bbox 1080 2230 1765 2274; baseline 0.009 -14"><span class='ocrx_word' id='word_1_464' title='bbox 1080 2239 1145 2260; x_wconf 90' lang='lat' dir='ltr'>non</span> <span class='ocrx_word' id='word_1_465' title='bbox 1173 2230 1300 2262; x_wconf 85' lang='lat' dir='ltr'>babent</span> <span class='ocrx_word' id='word_1_466' title='bbox 1329 2232 1535 2271; x_wconf 84' lang='lat' dir='ltr'>sanguinem,</span> <span class='ocrx_word' id='word_1_467' title='bbox 1565 2243 1631 2274; x_wconf 89' lang='lat' dir='ltr'>quo</span> <span class='ocrx_word' id='word_1_468' title='bbox 1657 2234 1765 2266; x_wconf 87' lang='lat' dir='ltr'>cordis</span> 
     </span>
     <span class='ocr_line' id='line_1_92' title="bbox 1081 2279 1417 2319; baseline 0.006 -9"><span class='ocrx_word' id='word_1_469' title='bbox 1081 2279 1172 2310; x_wconf 83' lang='lat' dir='ltr'>calor</span> <span class='ocrx_word' id='word_1_470' title='bbox 1188 2279 1417 2319; x_wconf 84' lang='lat' dir='ltr'>refrigeretur.</span> 
     </span>
    </p>

    <p class='ocr_par' dir='ltr' id='par_1_16' title="bbox 1080 2328 1765 2457">
     <span class='ocr_line' id='line_1_93' title="bbox 1135 2328 1764 2370; baseline 0.01 -12"><span class='ocrx_word' id='word_1_471' title='bbox 1135 2331 1177 2359; x_wconf 88' lang='grc'>20</span> <span class='ocrx_word' id='word_1_472' title='bbox 1209 2328 1340 2370; x_wconf 76' lang='lat' dir='ltr'>Sonam]</span> <span class='ocrx_word' id='word_1_473' title='bbox 1378 2331 1503 2362; x_wconf 80' lang='lat' dir='ltr'>Cantus</span> <span class='ocrx_word' id='word_1_474' title='bbox 1541 2331 1764 2364; x_wconf 89' lang='lat' dir='ltr'>dulcedinem.</span> 
     </span>
     <span class='ocr_line' id='line_1_94' title="bbox 1081 2377 1765 2419; baseline 0.009 -11"><span class='ocrx_word' id='word_1_475' title='bbox 1081 2377 1168 2409; x_wconf 83' lang='lat' dir='ltr'>Nam</span> <span class='ocrx_word' id='word_1_476' title='bbox 1183 2379 1282 2419; x_wconf 78' lang='lat' dir='ltr'>cygni</span> <span class='ocrx_word' id='word_1_477' title='bbox 1296 2383 1373 2410; x_wconf 83' lang='lat' dir='ltr'>ante</span> <span class='ocrx_word' id='word_1_478' title='bbox 1398 2384 1538 2412; x_wconf 90' lang='lat' dir='ltr'>mortem</span> <span class='ocrx_word' id='word_1_479' title='bbox 1553 2387 1678 2414; x_wconf 82' lang='lat' dir='ltr'>canunt</span> <span class='ocrx_word' id='word_1_480' title='bbox 1694 2383 1765 2414; x_wconf 88' lang='lat' dir='ltr'>dul-</span> 
     </span>
     <span class='ocr_line' id='line_1_95' title="bbox 1080 2435 1222 2457; baseline 0 -1"><span class='ocrx_word' id='word_1_481' title='bbox 1080 2435 1222 2457; x_wconf 73' lang='lat' dir='ltr'>cnssrme.</span> 
     </span>
    </p>

    <p class='ocr_par' dir='ltr' id='par_1_17' title="bbox 1080 2477 1765 2557">
     <span class='ocr_line' id='line_1_96' title="bbox 1122 2477 1765 2519; baseline 0.009 -13"><span class='ocrx_word' id='word_1_482' title='bbox 1122 2477 1162 2506; x_wconf 79' lang='lat'>21</span> <span class='ocrx_word' id='word_1_483' title='bbox 1194 2477 1303 2509; x_wconf 85' lang='lat' dir='ltr'>Totum</span> <span class='ocrx_word' id='word_1_484' title='bbox 1315 2478 1449 2509; x_wconf 82' lang='lat' dir='ltr'>muneris</span> <span class='ocrx_word' id='word_1_485' title='bbox 1460 2479 1506 2509; x_wconf 73' lang='lat' dir='ltr'>tut·</span> <span class='ocrx_word' id='word_1_486' title='bbox 1518 2478 1581 2519; x_wconf 87' lang='lat' dir='ltr'>est]</span> <span class='ocrx_word' id='word_1_487' title='bbox 1605 2478 1679 2510; x_wconf 85' lang='lat' dir='ltr'>Hoc</span> <span class='ocrx_word' id='word_1_488' title='bbox 1696 2489 1765 2512; x_wconf 86' lang='lat' dir='ltr'>mu-</span> 
     </span>
     <span class='ocr_line' id='line_1_97' title="bbox 1080 2525 1432 2557; baseline 0.003 -3"><span class='ocrx_word' id='word_1_489' title='bbox 1080 2533 1141 2555; x_wconf 89' lang='lat' dir='ltr'>nus</span> <span class='ocrx_word' id='word_1_490' title='bbox 1151 2529 1203 2556; x_wconf 86' lang='lat' dir='ltr'>est</span> <span class='ocrx_word' id='word_1_491' title='bbox 1214 2525 1291 2555; x_wconf 88' lang='lat' dir='ltr'>mihi</span> <span class='ocrx_word' id='word_1_492' title='bbox 1307 2525 1432 2557; x_wconf 79' lang='lat' dir='ltr'>datum.</span> 
     </span>
    </p>

    <p class='ocr_par' dir='ltr' id='par_1_18' title="bbox 1081 2575 1766 2811">
     <span class='ocr_line' id='line_1_98' title="bbox 1122 2575 1766 2616; baseline 0.005 -11"><span class='ocrx_word' id='word_1_493' title='bbox 1122 2578 1164 2606; x_wconf 83' lang='grc'>22</span> <span class='ocrx_word' id='word_1_494' title='bbox 1182 2576 1271 2611; x_wconf 85' lang='lat' dir='ltr'>Quod</span> <span class='ocrx_word' id='word_1_495' title='bbox 1281 2579 1431 2607; x_wconf 81' lang='lat' dir='ltr'>monstror</span> <span class='ocrx_word' id='word_1_496' title='bbox 1444 2575 1559 2616; x_wconf 75' lang='lat' dir='ltr'>digito]</span> <span class='ocrx_word' id='word_1_497' title='bbox 1581 2577 1671 2608; x_wconf 84' lang='lat' dir='ltr'>Hinc</span> <span class='ocrx_word' id='word_1_498' title='bbox 1682 2577 1766 2608; x_wconf 88' lang='lat' dir='ltr'>Per·</span> 
     </span>
     <span class='ocr_line' id='line_1_99' title="bbox 1081 2624 1763 2667; baseline 0.006 -12"><span class='ocrx_word' id='word_1_499' title='bbox 1081 2625 1170 2656; x_wconf 79' lang='lat' dir='ltr'>sius:</span> <span class='ocrx_word' id='word_1_500' title='bbox 1194 2624 1262 2656; x_wconf 90' lang='lat' dir='ltr'>‘At</span> <span class='ocrx_word' id='word_1_501' title='bbox 1280 2626 1451 2665; x_wconf 89' lang='lat' dir='ltr'>pulchrum</span> <span class='ocrx_word' id='word_1_502' title='bbox 1473 2630 1537 2665; x_wconf 87' lang='lat' dir='ltr'>est,</span> <span class='ocrx_word' id='word_1_503' title='bbox 1553 2626 1659 2667; x_wconf 79' lang='lat' dir='ltr'>digito</span> <span class='ocrx_word' id='word_1_504' title='bbox 1674 2636 1763 2659; x_wconf 89' lang='lat' dir='ltr'>mon-</span> 
     </span>
     <span class='ocr_line' id='line_1_100' title="bbox 1082 2673 1762 2712; baseline 0.003 -8"><span class='ocrx_word' id='word_1_505' title='bbox 1082 2674 1179 2704; x_wconf 85' lang='lat' dir='ltr'>strari</span> <span class='ocrx_word' id='word_1_506' title='bbox 1191 2679 1227 2704; x_wconf 93' lang='lat' dir='ltr'>et</span> <span class='ocrx_word' id='word_1_507' title='bbox 1243 2673 1358 2712; x_wconf 90' lang='lat' dir='ltr'>dicier,</span> <span class='ocrx_word' id='word_1_508' title='bbox 1379 2673 1446 2705; x_wconf 89' lang='lat' dir='ltr'>Hic</span> <span class='ocrx_word' id='word_1_509' title='bbox 1459 2673 1534 2705; x_wconf 85' lang='lat' dir='ltr'>est.&#39;</span> <span class='ocrx_word' id='word_1_510' title='bbox 1577 2675 1653 2708; x_wconf 85' lang='lat' dir='ltr'>Quo</span> <span class='ocrx_word' id='word_1_511' title='bbox 1664 2685 1762 2706; x_wconf 73' lang='lat' dir='ltr'>seusu</span> 
     </span>
     <span class='ocr_line' id='line_1_101' title="bbox 1083 2721 1760 2762; baseline 0.001 -10"><span class='ocrx_word' id='word_1_512' title='bbox 1083 2722 1184 2753; x_wconf 86' lang='lat' dir='ltr'>etiam</span> <span class='ocrx_word' id='word_1_513' title='bbox 1214 2722 1326 2754; x_wconf 85' lang='lat' dir='ltr'>Graeci</span> <span class='ocrx_word' id='word_1_514' title='bbox 1355 2721 1525 2755; x_wconf 77' lang='grc' dir='ltr'><strong><em>δείκνυσθαι</em></strong></span> <span class='ocrx_word' id='word_1_515' title='bbox 1547 2724 1595 2762; x_wconf 68' lang='grc' dir='ltr'>τῷ·</span> <span class='ocrx_word' id='word_1_516' title='bbox 1623 2722 1760 2762; x_wconf 71' lang='grc' dir='ltr'>δακτύλῳ</span> 
     </span>
     <span class='ocr_line' id='line_1_102' title="bbox 1083 2769 1759 2811; baseline 0.001 -10"><span class='ocrx_word' id='word_1_517' title='bbox 1083 2770 1213 2807; x_wconf 84' lang='lat' dir='ltr'>dixere,</span> <span class='ocrx_word' id='word_1_518' title='bbox 1229 2779 1290 2811; x_wconf 84' lang='lat' dir='ltr'>pro</span> <span class='ocrx_word' id='word_1_519' title='bbox 1305 2770 1453 2811; x_wconf 77' lang='grc' dir='ltr'>ἐπίσημον</span> <span class='ocrx_word' id='word_1_520' title='bbox 1475 2769 1548 2803; x_wconf 74' lang='grc' dir='ltr'>εἶναι</span> <span class='ocrx_word' id='word_1_521' title='bbox 1571 2771 1606 2802; x_wconf 77' lang='grc' dir='ltr'>ἐν</span> <span class='ocrx_word' id='word_1_522' title='bbox 1620 2769 1759 2808; x_wconf 70' lang='grc' dir='ltr'>πλήθεσι.</span> 
     </span>
    </p>
   </div>
   <div class='ocr_carea' id='block_1_6' title="bbox 1459 1700 1819 1747">
    <p class='ocr_par' dir='ltr' id='par_1_19' title="bbox 1459 1700 1819 1747">
     <span class='ocr_line' id='line_1_103' title="bbox 1459 1700 1819 1747; baseline 0.003 -15"><span class='ocrx_word' id='word_1_523' title='bbox 1459 1700 1703 1740; x_wconf 84' lang='lat' dir='ltr'>[Schoenborn.</span> <span class='ocrx_word' id='word_1_524' title='bbox 1731 1705 1764 1733; x_wconf 82' lang='lat'>2.</span> <span class='ocrx_word' id='word_1_525' title='bbox 1816 1744 1819 1747; x_wconf 20' lang='lat' dir='ltr'><em>r</em></span> 
     </span>
    </p>
   </div>
  </div>
 </body>
</html>
