1982 3230
335 307 445 349 1196
465 326 467 328 >
802 318 848 355 Q.
876 315 1078 346 HonArn
1114 314 1283 346 nnAccr

343 410 474 451 Nulla
495 409 666 462 placere
686 408 755 448 diu
778 420 854 447 nec
879 408 1020 447 vivere
1042 407 1230 447 carmina
1247 409 1446 459 possunt,

334 476 448 525 Quae
469 474 705 514 scribuntur
726 485 852 525 aquae
873 472 1116 524 potoribus:
1146 477 1195 512 ut
1213 471 1324 511 male
1347 483 1479 511 sanos

335 539 555 592 Ascripsit
576 540 704 580 Liber
724 538 893 590 Satyris
916 537 1164 589 Faunisque
1191 536 1364 589 poetas,

334 605 454 646 Vina
472 604 560 645 fere
581 604 728 645 dulces
749 603 942 643 oluerunt
962 615 1087 643 mane
1108 601 1341 642 Camoeuae.
1733 601 1760 639 5

335 669 558 712 Laudibus
579 670 766 721 arguitur
786 669 875 709 vini
896 669 1074 709 vinosus
1098 667 1319 707 Homerus
1340 681 1349 707 z

335 735 499 776 Ennius
516 735 610 787 ipse
627 739 749 787 pater
766 746 984 786 nunquam
1004 733 1089 772 nisi
1109 736 1239 784 potus
1259 732 1315 772 ad
1335 744 1454 772 arma

336 800 547 842 Prosiluit
566 799 759 840 dicenda.
817 801 829 819 ‘
850 798 1013 839 Forum
1035 797 1268 850 putealque
1290 797 1471 837 Libonis

337 945 482 976 celebrari
498 949 608 985 queunt
623 946 660 976 ab
683 955 770 985 aqua>
790 945 946 985 potoribus
969 945 1102 975 condita.
1147 944 1315 983 Postquam
1336 942 1477 981 furentes
1503 942 1608 983 poetas
1622 941 1763 973 Bacchus

338 988 551 1018 annumeravit
565 987 690 1028 Satyris
703 991 734 1018 et
751 986 876 1026 Faunis,
894 987 993 1016 Musoe
1007 994 1115 1016 suaves
1129 986 1234 1015 vinum
1248 985 1359 1024 sceptus
1374 986 1512 1016 oluerunt
1527 984 1677 1015 matutino
1687 987 1762 1014 tem-

336 1037 419 1066 pore.
463 1028 618 1059 Homerus
639 1029 742 1059 tinum
767 1029 896 1058 laudans
916 1028 1051 1058 ebriosus
1066 1027 1204 1058 extitisse
1219 1029 1354 1057 notatur.
1398 1026 1553 1066 Amiqwu
1566 1027 1630 1065 ipse
1645 1025 1766 1055 Ennius

339 1078 492 1109 nunquam
507 1070 569 1105 nisi
582 1071 763 1101 temulentus
781 1069 923 1109 prorupit
945 1070 985 1099 ad
1001 1070 1136 1100 canenda
1155 1069 1241 1099 bella.
1285 1067 1403 1098 Sobria
1423 1067 1719 1105 committamsvrum
1734 1068 1766 1095 et

935 1181 1168 1194 ‘neem‘

340 1267 465 1298 toribus.
508 1265 734 1298 Schoenborn.
749 1270 781 1298 4.
804 1269 971 1298 sanus—4
994 1266 1172 1307 Auser-ipsit
1187 1266 1328 1298 Bacchus
1341 1264 1570 1297 Schoenborn.
1585 1265 1617 1294 4.
1639 1261 1768 1294 Adseri-

341 1308 387 1339 bit
401 1313 468 1339 tres
483 1309 578 1338 Vatt.
594 1317 647 1347 ap.
665 1309 777 1346 Feam,
792 1309 844 1338 alii
865 1307 962 1339 codd.
981 1317 1035 1346 ap.
1050 1309 1161 1338 Pulm.
1186 1309 1232 1338 ita
1249 1309 1349 1338 etiam
1365 1308 1398 1337 iu
1413 1306 1514 1337 editis
1529 1305 1606 1336 inde
1622 1305 1665 1335 ab
1681 1303 1768 1335 Aldo

343 1352 437 1380 1501.
452 1351 546 1380 1509.
563 1351 657 1380 1619,
697 1349 815 1380 Basili.
830 1351 924 1378 1527.
941 1351 1032 1378 1531.
1067 1348 1106 1378 R.
1122 1348 1238 1386 steph.
1253 1351 1346 1378 1544.
1381 1347 1522 1377 Ascens.
1541 1347 1634 1377 1544.
1663 1349 1698 1376 et
1724 1344 1768 1375 G.

342 1390 477 1422 Fabric.
495 1392 586 1420 1555.
631 1390 640 1406 ‘
657 1389 811 1430 Ascripsit
835 1389 959 1420 habeut
982 1388 1048 1419 duo
1069 1388 1143 1419 cod.
1165 1388 1277 1419 Vatic.
1299 1387 1399 1419 Jann.
1421 1387 1521 1418 Fae'r.
1540 1387 1640 1418 Turn.
1664 1390 1699 1417 et
1713 1385 1770 1416 alii

343 1441 509 1462 manuscr.
533 1430 693 1471 quinque,
717 1440 800 1472 qnos
823 1431 877 1461 hic
899 1439 1007 1470 nuper
1029 1430 1061 1460 in
1084 1430 1196 1461 Gallia
1217 1429 1362 1469 inspexi,
1385 1428 1450 1459 duo
1475 1427 1629 1459 Russard.
1646 1427 1768 1458 cleric.

343 1473 459 1504 Nicot.
484 1481 568 1503 unus
595 1482 699 1510 meus,
725 1482 806 1514 quos
831 1477 967 1503 secutus
994 1481 1076 1502 snm.
1118 1471 1296 1502 Postremo
1312 1471 1360 1501 ita
1374 1470 1458 1509 legit
1472 1469 1606 1500 Servius
1623 1469 1655 1499 in
1672 1469 1770 1499 Com-

343 1519 486 1545 mentar.
509 1514 542 1544 in
563 1514 759 1545 Meliboeum
781 1514 876 1552 Vin-g.
892 1513 964 1544 Ecl.
981 1522 1046 1544 vn.
1063 1515 1115 1543 25.
1130 1512 1189 1551 ibi,
1210 1514 1219 1530 ‘
1236 1512 1395 1543 Pastor-es
1418 1510 1541 1542 hedera
1564 1518 1670 1541 cresc.
1695 1517 1770 1540 orn.

344 1555 391 1596 p.'
416 1556 539 1596 vulgati
566 1555 714 1587 Ascribit.
756 1556 950 1595 Satyrorum
977 1559 1087 1585 autem
1115 1563 1234 1584 nomen
1259 1553 1472 1584 referendum
1501 1556 1554 1583 est
1580 1550 1622 1582 ad
1653 1549 1770 1591 po'e‘tas

347 1598 500 1636 Graecos,
521 1597 709 1628 Faunorum
733 1596 774 1627 ad
794 1596 943 1634 Latinos,
963 1600 1000 1626 ut
1023 1599 1116 1626 recte
1143 1600 1241 1635 putat
1258 1595 1386 1626 Rosius.
1430 1594 1552 1635 Itaque
1574 1592 1771 1629 Homerum,

345 1638 479 1679 poetam
494 1638 651 1669 Graecum
667 1644 702 1669 et
717 1647 791 1669 eum
807 1638 940 1678 quidem
956 1637 1154 1677 principem,
1168 1637 1274 1677 primo
1288 1637 1362 1667 loco
1376 1636 1507 1676 posuit:
1525 1639 1559 1665 et
1573 1634 1620 1665 sic
1635 1642 1773 1673 respon·

346 1681 404 1711 det
419 1681 567 1720 Satyris:
592 1679 746 1716 Ennium,
769 1679 945 1719 poetarum
969 1679 1160 1710 Latinorum
1186 1683 1325 1718 patrem,
1340 1677 1510 1708 secundo:
1535 1680 1634 1716 atque
1648 1675 1703 1706 hic
1721 1683 1772 1704 re-

345 1721 491 1762 spondet
506 1721 647 1752 Faunis?
669 1720 843 1752 Lama-8
867 1720 1008 1751 Prosiliit
1025 1719 1122 1751 codd.
1138 1729 1191 1760 ap.
1206 1720 1405 1750 Feam.—10
1419 1719 1514 1749 Vatt.
1529 1718 1625 1749 Rom.
1642 1719 1672 1747 l.
1693 1725 1713 1747 a
1728 1725 1771 1747 m.

989 1833 1128 1866 NOTAE

349 1910 481 1940 vinosus
507 1908 659 1939 extitisse
682 1907 844 1939 traditur:
883 1916 902 1938 a
927 1907 1035 1938 veteri

348 1962 459 1989 autem
486 1956 598 1988 Schol.
621 1960 724 1987 tantae
741 1955 842 1986 fnisse
859 1955 1035 1986 ebriosita-

346 2009 403 2043 tis,
419 2012 455 2038 ut
471 2007 596 2037 soleret
611 2005 781 2036 immeiere
804 2005 837 2035 in
863 2004 969 2044 pelles
983 2013 1036 2034 su·

349 2065 409 2096 pra
424 2063 506 2096 quas
522 2053 748 2084 recumbebat.
792 2052 1034 2091 Aristophanes

288 2102 296 2105 “
350 2114 424 2136 eum
450 2103 578 2143 pariter
603 2101 737 2132 deridet
755 2102 845 2132 velut
869 2100 1035 2131 ebriolutu

350 2159 386 2186 et
401 2152 634 2191 submeiulum.
672 2151 795 2183 Athen.
820 2160 860 2182 11.
885 2153 914 2181 3.
949 2152 959 2169 ‘
977 2151 1035 2182 Vi-

349 2212 427 2234 num
442 2200 555 2242 lepido
570 2199 680 2241 poetae
707 2205 759 2231 est
774 2209 880 2240 equus
897 2199 1038 2230 velocis-

352 2253 465 2283 simus.
501 2250 536 2281 Si
551 2254 713 2290 potantur
728 2259 834 2290 aquae,
850 2249 931 2279 nihil
946 2258 1037 2288 egre-

352 2301 440 2341 gium
457 2298 625 2339 producis.
669 2298 826 2329 Cratinus
850 2298 914 2328 hoc
937 2297 1038 2336 dixit,

353 2359 429 2382 cum
445 2357 511 2379 non
527 2352 635 2379 utrem
659 2357 759 2378 unum
783 2347 964 2386 redoleret,
979 2345 1038 2377 sed

353 2398 464 2439 potius
478 2396 604 2427 dolium
630 2396 821 2435 integrum.’
865 2396 1040 2436 Epigram-

354 2455 407 2478 ma
427 2451 479 2476 est
510 2444 673 2476 Nicen-ato
702 2444 916 2475 attributum.
953 2442 1039 2474 Vide

354 2496 438 2527 Not.
455 2503 480 2525 1.
495 2493 566 2524 Sat.
579 2495 610 2524 4.

397 2547 416 2575 3
444 2544 488 2574 Ut
506 2543 583 2574 male
596 2551 685 2573 sanos
698 2542 856 2583 Ascripsit
871 2541 963 2573 Liber
983 2541 1041 2573 Sa-

355 2593 449 2633 tyris]
476 2592 561 2624 Haec
577 2591 745 2631 Cratinus,
759 2595 795 2622 et
809 2600 882 2632 quae
897 2599 1042 2631 sequun-

359 2647 423 2675 tur.
468 2642 520 2674 Ex
550 2649 616 2682 quo
645 2640 800 2671 Bacchus
831 2639 949 2680 poetas
974 2639 1041 2670 vini

357 2690 466 2722 calore
481 2689 680 2729 concitatos,
706 2690 798 2720 velut
824 2698 884 2719 suo
908 2688 1042 2719 numine

359 2740 490 2780 plenos,
502 2738 656 2778 ascripsit
665 2738 796 2778 Satyris
812 2747 852 2769 ac
868 2738 1000 2769 Faunis.

401 2790 421 2820 4
441 2786 566 2828 Satyris
590 2786 778 2827 Faunisque]
803 2787 875 2819 Diis
902 2787 1044 2828 agresti-

1087 1906 1160 1946 bus,
1176 1906 1350 1938 bibacibus
1361 1905 1495 1947 quidem
1507 1909 1544 1936 et
1558 1903 1694 1936 vinosis.
1718 1903 1774 1934 De

1087 1956 1218 1995 Satyris
1242 1964 1267 1987 ι.
1298 1955 1366 1986 Od.
1396 1958 1424 1986 Ι.
1455 1963 1495 1985 ιι.
1523 1953 1590 1985 Od.
1621 1956 1673 1984 19.
1722 1953 1775 1983 De

1090 2004 1214 2034 Faunis
1231 2012 1255 2035 ι.
1279 2003 1346 2034 Od.
1372 2006 1403 2034 4.
1426 2011 1467 2034 ιι.
1483 2003 1552 2034 Od.
1569 2005 1620 2033 17.
1637 2011 1694 2033 ιιι.
1708 2002 1776 2033 Od.

1090 2054 1141 2082 18.

1130 2103 1148 2130 ὁ
1178 2099 1257 2130 Vina
1274 2098 1346 2135 fere
1371 2099 1474 2129 dulces
1501 2097 1656 2137 oluerunt]
1683 2097 1774 2137 tpsae

1089 2149 1199 2179 Musae
1227 2148 1346 2179 sobriae
1378 2156 1444 2178 non
1481 2146 1630 2178 fuerunt.
1687 2146 1775 2177 Vide

1090 2197 1265 2228 Plutarch.
1282 2197 1435 2237 Sympos.
1452 2204 1517 2226 vu.
1531 2199 1561 2226 8.
1575 2198 1608 2226 9.
1626 2197 1674 2226 to.

1131 2250 1152 2278 6
1174 2247 1329 2277 Laudibus
1343 2247 1489 2284 arguitur
1500 2245 1564 2276 vini
1573 2245 1694 2276 vinosus
1709 2243 1776 2275 Ho-

1090 2295 1205 2335 merus]
1228 2295 1327 2326 Iliad.
1343 2299 1376 2326 Z.
1393 2297 1456 2327 &m

1133 2348 1152 2376 7
1179 2342 1322 2385 Ennius]
1340 2345 1394 2375 De
1415 2353 1454 2375 eo
1476 2352 1501 2374 1.
1528 2343 1597 2374 Sat.
1624 2343 1676 2373 10.
1688 2345 1780 2382 pater

1091 2394 1135 2425 ob
1165 2394 1409 2434 antiquitatem.
1444 2392 1619 2432 AEschylus
1651 2390 1779 2431 pariter

1093 2444 1182 2475 inter
1193 2443 1332 2474 Graecos
1348 2450 1514 2482 nunquam
1530 2440 1594 2471 nisi
1608 2439 1719 2470 ebrius
1735 2438 1778 2470 ad

1092 2491 1305 2524 scribendum
1332 2500 1368 2520 se
1388 2489 1598 2529 accingebat.
1643 2487 1778 2519 Alcaeus

1095 2541 1194 2572 etiam
1207 2538 1345 2578 φίλοινος
1357 2543 1504 2577 notatur,
1518 2537 1641 2568 Athen.
1656 2537 1711 2567 lib.
1727 2544 1764 2568 x.

1137 2592 1156 2620 8
1178 2587 1308 2628 Forum]
1330 2588 1397 2618 Res
1408 2586 1570 2619 forenses.

1137 2638 1252 2669 Puteal
1274 2635 1417 2675 Libonis]
1440 2636 1562 2666 Locum
1586 2643 1645 2665 seu
1675 2634 1778 2665 tribu·

1095 2688 1162 2723 nal,
1177 2687 1234 2718 ubi
1248 2687 1305 2727 jus
1325 2685 1460 2717 dicebat
1475 2684 1609 2714 Praetor
1631 2682 1665 2714 in
1680 2682 1779 2714 Rom.

1095 2735 1170 2768 foro
1186 2735 1403 2766 constitutum
1419 2742 1438 2767 a
1455 2731 1592 2765 Libone.
1635 2730 1720 2764 Vide
1737 2738 1777 2764 ιι.

1094 2786 1167 2818 sat·
1181 2788 1213 2815 δ·
1227 2786 1279 2817 35·
