1904 3216
391 308 498 350 1662

391 411 400 427 ‘
416 411 520 450 injus
537 413 670 441 vocatus
682 409 714 438 ni
731 412 799 448 eat,
815 411 1012 446 antestatus,
1025 408 1069 438 im

389 460 519 498 capito:
554 459 580 488 si
605 458 748 488 calvitur
771 457 934 496 pedemve
957 455 1070 494 struit,

389 517 519 537 manum
532 505 755 545 endojacito.’
779 512 787 525 ¹
803 506 852 536 lm
864 505 872 518 ⁷
887 515 945 544 pro
960 505 969 522 ‘
981 508 1070 535 eum’

389 555 546 585 dicebant
566 560 708 588 veteres,
735 559 822 584 teste
853 555 966 584 Festo.
1010 555 1019 571 ‘
1034 554 1068 583 Si

389 602 549 633 calvitur'
575 603 621 633 sic
645 603 783 643 exponit
801 603 899 633 Caius
915 602 1024 634 Jctus
1047 602 1069 631 l.

388 659 568 681 ccxxxnr.
592 651 644 681 De
676 651 766 681 verb.
792 650 967 691 significat.
1012 649 1070 680 ‘Si

388 705 545 735 moretur,
563 701 614 730 vel
630 699 829 730 frustretur.’
861 700 904 729 Et
921 700 929 716 ‘
940 697 1069 729 Pedem

388 754 532 785 struere,
548 750 600 779 vel
616 748 727 788 fugam
744 748 850 779 moliri
865 752 930 787 est,
944 748 997 778 vel
1019 756 1068 777 re-

389 798 533 828 luctari:
559 807 624 838 quo
648 807 738 836 casu,
764 797 888 837 injecta
905 805 1016 835 mann,
1032 800 1068 826 ut

387 846 535 885 pertrahi
575 845 707 886 possit!
757 846 812 876 De
845 845 1067 875 antestatione

387 903 466 925 vero
481 893 528 925 sic
544 899 638 925 vetus
655 895 826 924 Glossema
842 894 873 923 in
884 893 1000 924 codice
1010 893 1067 924 Ja-

387 943 463 974 cobi
494 942 723 973 Carondeletii
748 941 973 981 adscriptum:
1012 942 1021 958 ⁴
1033 941 1068 972 Si

387 990 460 1030 quis
471 991 547 1020 olim
560 990 785 1021 adversarium
799 989 958 1019 traxisset
969 989 1068 1028 injus

387 1038 458 1068 sine
476 1042 574 1077 teste,
590 1038 738 1078 injuriari
755 1037 943 1068 videbatur.
985 1037 1068 1067 Ideo

386 1091 552 1127 praesente
570 1087 678 1127 aliquo
693 1086 726 1117 id
742 1085 926 1124 faciebant,
937 1089 970 1115 et
984 1085 1068 1115 tales

386 1140 488 1167 testes
502 1140 688 1166 antestatos
701 1134 872 1169 dicebant,
889 1142 1068 1173 eorumque

385 1194 498 1215 aurem
526 1184 718 1224 tangebant,
741 1192 806 1224 quo
831 1191 993 1213 memores
1017 1191 1068 1212 es-

386 1239 477 1274 sent,
490 1235 733 1274 interrogantes
746 1239 754 1251 ‘
769 1234 861 1264 Licet
871 1231 1030 1262 antestari
1045 1230 1068 1261 ?’

388 1284 485 1317 Quod
499 1284 525 1315 si
542 1283 767 1324 respondisset
778 1283 787 1299 ‘
802 1280 906 1312 Licet’
922 1280 1068 1320 porrige-

385 1333 467 1364 bant
478 1342 606 1364 aurem:
624 1342 688 1373 qua
698 1337 792 1362 tacta
805 1331 938 1370 impune
952 1329 1066 1359 adver-

386 1381 507 1412 sarium
521 1381 696 1411 trahebant
706 1376 934 1419 injudicium.'
962 1376 1067 1407 Acce-

385 1429 445 1460 dat
460 1429 589 1459 Plinius
605 1437 655 1459 xr.
669 1431 724 1458 45.
754 1429 763 1444 ‘
776 1427 837 1457 Est
858 1426 890 1456 in
907 1434 985 1455 aure
1002 1424 1067 1455 ima

384 1478 551 1509 memoriae
572 1478 677 1514 locus,
699 1484 798 1515 quem
821 1478 995 1513 tangentes
1017 1476 1066 1502 at-

385 1525 575 1557 testantur!
601 1525 742 1555 Torrent.
793 1523 880 1553 Licet
902 1520 1067 1560 antestari]

385 1575 462 1606 Hoc
474 1585 492 1605 e
505 1583 572 1605 xu.
581 1573 714 1604 Tabulis
727 1571 947 1611 fragmentum
964 1569 1064 1600 addu-

385 1626 433 1655 cit
462 1622 660 1662 Porphyrio‚
680 1621 728 1651 sic
749 1630 768 1650 a
785 1619 965 1658 Rutgersio
994 1627 1066 1648 cor-

384 1677 535 1702 rectum:
562 1671 612 1700 S1.
628 1677 677 1699 m.
694 1677 763 1698 ivs.
780 1675 943 1697 vocA'rto.
962 1667 1067 1696 var.

384 1726 649 1752 ANTESTAMINO.
670 1725 694 1747 1.
710 1725 740 1747 F.
760 1723 901 1746 AvaM.
926 1722 1068 1746 οΑΡιΤο.

384 1776 591 1800 ANTESTATI.
650 1763 915 1796 Antestabantur
953 1763 1068 1802 igitur,

385 1818 515 1858 quoties
528 1818 619 1848 litem
631 1813 886 1851 denuntiabant,
897 1815 935 1842 ut
949 1811 974 1842 si
992 1820 1066 1841 reus

385 1873 472 1898 stata
488 1867 540 1898 die
557 1875 621 1897 non
645 1865 791 1901 adesset,
806 1867 841 1893 et
857 1866 1008 1893 vocatum
1030 1869 1066 1891 se

384 1920 536 1955 negaret,
554 1913 708 1945 antestati
719 1909 978 1942 denuntiationis
1000 1914 1065 1940 tes-

383 1968 435 1994 tes
451 1967 575 1995 essent.
599 1962 717 1993 Ruben.

425 2016 465 2043 77
491 2014 616 2051 Oppono
640 2009 820 2047 aurIculom]
844 2009 914 2047 Ego
936 2007 1064 2038 auricu-

382 2061 447 2090 lam
471 2060 604 2100 porrigo
621 2059 805 2088 vellendam
824 2062 858 2086 ut
876 2065 927 2086 me
945 2060 1062 2086 testem

381 2112 501 2138 sumat.
545 2107 640 2145 Rapit
658 2106 691 2135 in
703 2105 759 2142 jas
780 2106 892 2134 clamor
906 2103 1063 2142 utrinque]

382 2155 500 2186 Trahit
522 2154 690 2194 garrulum
716 2154 916 2182 renitentem
941 2151 982 2181 ad
1007 2151 1064 2180 tri-

382 2205 483 2235 bunal
497 2204 554 2235 ubi
570 2203 768 2242 Praetorjus
784 2202 876 2232 dicit.
920 2202 1014 2241 [Vat.
1031 2204 1062 2231 7.

382 2259 418 2285 et
430 2254 507 2284 vat.
524 2254 617 2284 Rom.
630 2255 662 2282 9.
677 2252 811 2291 Apporto.
855 2253 863 2268 ‘
878 2252 942 2281 Vix
958 2260 999 2280 ex
1016 2250 1064 2280 his

383 2302 510 2333 duobus
525 2302 610 2332 Mss.
626 2310 706 2330 vera
722 2300 848 2330 eruitur
864 2299 976 2336 lectio,
990 2307 1063 2338 quae

381 2352 554 2390 hucusque
569 2348 656 2389 fugit
677 2349 906 2387 Interpretes3
930 2346 992 2377 etsi
1018 2347 1063 2376 al-

382 2404 457 2430 tera
470 2399 608 2439 vulgata
622 2399 746 2437 Oppono
761 2401 830 2428 stet
844 2406 941 2427 sensu
958 2396 1016 2431 rei,
1029 2400 1065 2426 et

382 2448 486 2478 menti
510 2447 655 2478 auctoris
678 2446 843 2486 opposito.
887 2445 952 2477 Qui
977 2444 1061 2474 enim

382 2496 533 2537 opponit,
547 2496 671 2534 renuit,
681 2495 818 2531 resistit,
834 2499 871 2525 ut
881 2499 995 2525 notum
1009 2504 1017 2532 ;
1030 2498 1062 2523 et

383 2545 458 2576 vide
467 2555 493 2576 1.
502 2545 569 2576 Od.
579 2547 610 2575 2.
621 2548 651 2575 5.
662 2552 719 2575 111.
732 2544 800 2574 Od.
809 2547 861 2574 26.
872 2546 902 2574 7.
914 2546 943 2574 8.
955 2542 1061 2582 Epod.

382 2606 438 2627 ιιι.
456 2599 505 2627 12.
520 2604 559 2626 n.
582 2595 654 2626 Sat.
667 2597 696 2626 3.
713 2597 784 2625 136.
811 2594 881 2625 Sat.
895 2597 925 2624 5.
940 2595 993 2624 94.
1009 2595 1061 2623 95.

382 2645 488 2685 Atqui
505 2644 610 2684 testis,
628 2644 863 2683 interrogatus,
889 2641 1063 2682 praebebat

382 2702 611 2733 aurem‚quam
625 2693 766 2723 velleret
782 2697 897 2729 actor;
921 2700 1060 2731 eamque

381 2739 543 2770 Horatius
560 2741 590 2771 ei
605 2744 614 2760 ⁴
625 2742 724 2780 ultro,
738 2741 881 2772 libenter
907 2741 1027 2771 obtulit
1040 2740 1062 2778 ;'

382 2793 419 2819 ut
434 2789 569 2828 exponit
581 2789 703 2830 Acron,
717 2794 751 2821 et
765 2794 858 2830 patet
871 2800 912 2820 ex
927 2794 1063 2822 contex-

836 316 976 348 NOTAE
1011 316 1271 347 VARIORUM
1304 317 1354 347 IN

1120 411 1166 439 tu.
1211 411 1219 424 ‘
1232 408 1293 437 Est
1308 407 1340 437 in
1358 415 1436 437 aure
1452 405 1539 447 ima,’
1551 405 1658 446 inquit
1672 405 1797 438 Plinius

1120 456 1165 486 H.
1183 456 1228 487 N.
1241 465 1277 486 x.
1290 458 1342 487 41.
1367 455 1377 472 ‘
1391 455 1558 486 memoriae
1575 455 1682 494 locus,
1701 464 1799 495 quem

1120 508 1297 544 tangentes
1309 503 1536 535 antestamur.’
1557 504 1710 534 Muretus
1721 504 1800 534 Var.

1121 554 1211 583 Lect.
1231 562 1297 585 xn.
1311 556 1340 583 5.
1357 563 1392 583 se
1408 553 1528 584 vidisse
1544 551 1663 583 scribit
1683 561 1800 583 aureos

1119 610 1279 641 nummos,
1294 602 1325 631 in
1342 601 1462 641 quibus
1475 601 1536 632 viri
1552 602 1616 631 duo
1642 601 1799 641 insculpti

1119 651 1226 689 erant,
1240 659 1377 690 quorum
1394 660 1478 681 unus
1493 650 1590 681 alteri
1605 659 1716 680 aurem
1733 650 1800 680 vel-

1118 699 1226 729 lebat:
1243 699 1275 729 in
1290 699 1402 730 orbem
1417 704 1526 730 autem
1539 699 1698 738 scriptum
1713 703 1799 737 erat,

1120 750 1379 785 MNHMONETE,
1392 751 1550 779 memento.
1594 747 1682 777 Item
1699 750 1800 778 testa-

1118 799 1172 825 tur
1187 795 1320 835 Lipsius
1338 796 1515 836 Epistolic.
1538 796 1667 828 Quaest.
1694 794 1751 826 lib.
1767 804 1801 826 v.

1117 853 1149 874 n.
1164 846 1215 874 26.
1230 844 1271 875 de
1285 845 1411 885 lapillo,
1425 845 1458 876 in
1474 854 1538 885 quo
1559 844 1725 884 sculptum
1746 853 1800 874 ca-

1118 897 1192 930 put,
1213 898 1249 923 et
1271 902 1386 923 manus
1408 902 1520 924 aurem
1542 897 1702 931 atterens,
1724 901 1798 922 cuni

1117 939 1232 970 eadem
1249 940 1348 971 allata
1359 940 1584 980 inscriptione.
1625 941 1679 971 Sic
1689 949 1800 972 emen-

1119 987 1200 1018 dant
1233 988 1354 1018 eruditi
1380 988 1469 1028 apud
1495 989 1656 1019 Catonem
1681 989 1724 1020 de
1750 990 1799 1020 Re

1118 1038 1215 1068 Rust.
1239 1047 1313 1078 cap.
1341 1041 1413 1068 157.
1450 1038 1593 1078 opponite»
1626 1046 1687 1078 pro
1711 1047 1801 1078 oppo-

1117 1086 1204 1121 nito;
1228 1090 1264 1116 et
1289 1086 1376 1126 apud
1405 1085 1448 1116 A.
1466 1086 1552 1117 Gell.
1569 1094 1631 1116 vn.
1655 1088 1688 1117 9.
1711 1095 1802 1126 appo-

1117 1136 1204 1165 m'tur
1233 1145 1294 1175 pro
1314 1136 1485 1176 opponitur,
1526 1135 1568 1166 ad
1595 1135 1679 1168 Mss.
1709 1136 1801 1167 codi-

1118 1192 1187 1223 ces,
1201 1188 1236 1214 ot
1254 1184 1294 1215 ad
1310 1184 1466 1216 sensum?
1489 1184 1567 1216 Fen.
1610 1183 1708 1216 Hauc
1732 1186 1799 1217 lec-

1119 1233 1255 1269 tionem,
1271 1243 1346 1265 cum
1362 1235 1441 1274 Fea,
1469 1237 1670 1274 receperunt
1691 1234 1800 1266 Bothe

1117 1285 1153 1312 et
1165 1282 1300 1322 Jaeck.]

1159 1334 1200 1361 78
1217 1331 1360 1362 Servavit
1376 1331 1500 1371 Apollo]
1522 1331 1612 1363 Male
1633 1331 1696 1362 hoc
1718 1340 1801 1372 quo·

1117 1388 1182 1418 que
1211 1379 1285 1410 loco
1315 1379 1430 1410 lamb.
1483 1380 1603 1420 Neque
1627 1378 1716 1410 enirn
1741 1383 1801 1410 alit

1116 1426 1282 1467 Apollinis
1297 1427 1329 1458 in
1342 1427 1414 1459 foro
1426 1427 1586 1468 statuam,
1596 1432 1652 1459 aut
1662 1427 1799 1458 AEneam

1115 1480 1282 1506 servatum
1298 1477 1339 1507 ab
1353 1477 1509 1516 Apolline
1520 1477 1676 1508 adversus
1686 1476 1800 1508 Achil-

1114 1523 1274 1560 lem,ha›c
1288 1525 1447 1560 scribens,
1469 1529 1507 1555 ut
1528 1525 1585 1555 ille
1605 1525 1720 1564 voluit,
1743 1533 1800 1555 co·

1115 1572 1244 1611 gitabat
1285 1573 1467 1604 Horatius:
1504 1572 1564 1604 sed
1594 1572 1800 1613 religionem,

1116 1630 1313 1660 quamquam
1329 1621 1400 1660 ipse
1417 1622 1631 1662 irreligiosus.
1675 1621 1798 1662 Apollo

1115 1669 1203 1699 enim
1220 1670 1307 1700 inter
1321 1669 1512 1707 ἆλιξικάκους
1523 1676 1558 1701 et
1568 1670 1798 1711 ἀποτροπαίους,

1115 1717 1178 1747 hnc
1195 1722 1258 1756 est,
1273 1718 1424 1758 propitios
1441 1724 1475 1749 et
1492 1728 1673 1750 oven-uncos
1702 1719 1800 1759 Deos,

1117 1766 1170 1796 vel
1197 1767 1386 1807 praecipuus
1414 1767 1613 1810 habebatur.
1671 1772 1682 1786 ‘
1693 1768 1799 1800 Aver-

1117 1815 1245 1846 tentes'
1268 1821 1366 1848 vocat
1394 1817 1586 1849 Macrobius
1602 1825 1658 1848 ut.
1680 1819 1733 1848 20.
1749 1822 1799 1848 at-

1118 1864 1276 1903 quehinc
1302 1865 1447 1906 antiquae
1470 1865 1726 1904 inscriptiones:
1753 1867 1798 1896 Α-

1116 1921 1266 1944 Potum
1281 1921 1565 1946 consanva‘rom.
1597 1915 1723 1954 Σωτῆρα
1743 1924 1799 1945 vo-

1115 1967 1196 1992 cant
1226 1963 1351 1994 Graeci.
1395 1964 1473 1995 vid.
1497 1963 1641 1995 anneb.
1667 1973 1718 1995 vr.
1743 1966 1796 1994 24.

1118 2013 1258 2042 Torrent.
1302 2013 1428 2052 Apollo]
1451 2012 1596 2053 Augusti
1617 2011 1736 2048 forum,
1761 2013 1795 2043 in

1114 2069 1178 2099 quo
1190 2066 1263 2091 erat
1277 2061 1424 2093 eburnea
1440 2061 1606 2101 Apollinis
1621 2066 1744 2093 statua.

1114 2108 1193 2138 sn.
1215 2117 1246 2138 x.
1285 2109 1360 2140 Hac
1384 2110 1508 2149 Satyra
1546 2110 1728 2150 respondet
1758 2111 1799 2140 iis

1156 2164 1236 2194 quos
1251 2155 1440 2187 offenderat
1454 2166 1555 2196 supra
1569 2158 1688 2197 Satyra
1699 2167 1797 2198 quar-

1155 2207 1200 2242 ta,
1216 2213 1315 2242 quum
1335 2204 1453 2234 Lucilii
1472 2214 1586 2235 versus
1614 2205 1794 2245 reprehen-

1154 2251 1272 2290 deret;
1297 2261 1336 2282 ac
1352 2262 1421 2283 suae
1435 2253 1701 2292 reprehensionis
1718 2256 1797 2284 rati—

1154 2309 1249 2330 onem
1263 2301 1387 2338 reddit,
1399 2311 1464 2342 qua
1476 2311 1547 2332 eam
1558 2300 1793 2342 fuissejustam

1157 2350 1318 2380 ostendit.

1155 2398 1340 2429 Gulielmus
1369 2399 1534 2430 Canterus
1562 2403 1598 2430 et
1627 2399 1684 2431 alii
1715 2409 1796 2432 non-

1114 2447 1205 2482 nulli,
1219 2452 1298 2480 octo
1309 2456 1423 2479 versus
1439 2450 1589 2488 integros
1597 2449 1727 2489 Satyrae
1737 2450 1792 2480 hu·

1104 2495 1158 2534 jus
1169 2496 1260 2526 initio
1270 2496 1464 2535 desiderari,
1477 2497 1570 2528 aiunt
1579 2507 1589 2536 ;
1598 2507 1792 2539 quamquam

1113 2548 1147 2575 et
1162 2553 1225 2583 ego
1237 2554 1293 2575 eos
1309 2554 1373 2575 non
1389 2555 1456 2576 uno
1469 2545 1503 2576 in
1518 2546 1592 2578 cod.
1608 2546 1792 2588 adscriptos

1112 2593 1258 2632 repperi,
1273 2597 1308 2623 et
1323 2602 1383 2633 pro
1401 2593 1592 2626 Horatianis
1613 2604 1792 2635 agnoscere

1112 2641 1244 2672 videtur
1266 2641 1369 2672 Lilius
1389 2642 1581 2682 Gyraldus3
1603 2648 1640 2674 ut
1663 2645 1792 2684 spurios

1112 2694 1221 2720 tamen
1238 2694 1272 2720 et
1288 2691 1516 2730 supposititios
1531 2692 1731 2732 rejiciendos
1744 2700 1794 2725 es-

1113 2749 1148 2769 se
1160 2738 1321 2778 judicavi.
1346 2739 1485 2771 Torreat.

1154 2790 1169 2818 1
1189 2788 1305 2826 Nempe
1314 2788 1521 2829 incomposito]
1546 2790 1663 2829 Nempe
1672 2788 1788 2821 adver·
