1916 3262
568 301 921 333 Erts'ronARuM
957 301 1051 332 mn.
1083 300 1132 330 ιι.
1164 291 1205 331 1.

1502 287 1621 330 1221

160 399 210 442 Si
233 411 384 441 versus
405 398 538 453 paulo
558 397 816 440 concinnior
836 411 951 440 unus
974 402 1019 438 et
1039 397 1166 446 alter,

159 466 333 521 Injuste
353 470 490 509 totum
511 465 634 507 ducit
652 466 895 520 venditque
915 464 1093 519 poema.

158 533 370 588 Indignor
389 534 628 588 quicquam
650 533 921 587 reprehendi,
940 545 1031 573 non
1053 532 1160 586 quia
1179 543 1327 572 crasse

160 601 468 655 compositum
486 600 717 655 illepideve
737 605 927 655 putetur,
949 599 1026 641 sed
1047 600 1154 653 quia
1173 610 1340 651 nuper3

160 667 206 710 N
207 681 259 709 ec
278 669 448 710 veniam
468 668 679 723 antiquis,
701 667 780 709 sed
799 668 1008 710 honorem
1028 671 1074 708 et
1093 666 1279 720 praemia
1299 663 1442 718 posci.

158 733 300 777 Recte
317 748 458 778 necne
477 748 658 778 crocum
677 736 896 790 floresque
914 734 1187 790 perambulet
1206 731 1328 773 Attae

156 856 204 888 liu
217 867 296 890 nm
309 863 366 891 aut
379 861 440 892 duo
455 859 647 892 venustiores
670 860 853 899 appareant,
867 855 972 898 inique
993 855 1132 897 profecto
1153 864 1278 886 carmen
1299 854 1458 894 integrum
1479 853 1618 883 ostentat

155 902 187 930 et
201 900 355 934 venditat.
393 903 574 942 AEgrefero
589 901 713 944 quidvis
728 899 859 941 culpari,
875 908 935 930 non
950 900 1030 940 quod
1044 899 1159 929 rustice
1170 898 1219 929 vel
1233 898 1375 938 imperite
1386 896 1547 936 scriptum,
1563 894 1617 923 sed

155 943 236 982 qnod
249 953 354 975 recens
362 955 375 982 ,·
398 955 434 976 ac
455 945 612 976 veteribus
627 954 687 976 non
702 942 944 982 indulgentiam,
957 943 1011 973 sed
1025 941 1215 980 dignitatem
1230 944 1261 972 et
1273 941 1410 981 palmam
1436 937 1536 977 exigi.
1580 935 1618 966 Si

154 987 325 1025 expendam
339 990 444 1019 atrum
457 991 530 1029 apte
551 998 594 1019 an
613 997 675 1018 non
692 986 782 1018 Attae
801 984 915 1023 sabula
936 985 1060 1015 incedat
1081 994 1137 1024 per
1159 993 1280 1015 crocum
1306 986 1336 1014 et
1352 982 1464 1023 flores,
1479 980 1619 1012 universi

767 1090 925 1104 “OOOOO‘
929 1090 982 1104 006
987 1091 1006 1102 O

156 1164 280 1204 Jaeck,
295 1170 332 1198 et
346 1166 590 1208 Doering.—75
615 1167 714 1199 Harl.
729 1170 762 1200 7.
779 1171 815 1199 et
831 1166 913 1200 Vet.
930 1166 1049 1199 Comb.
1074 1166 1208 1206 Iujuste.
1252 1165 1332 1196 Vat.
1346 1163 1461 1196 Paiat.
1479 1164 1507 1194 1.
1532 1160 1620 1192 ducit

155 1210 268 1240 totam.
300 1209 426 1257 penti.
447 1211 600 1252 venitque,
615 1220 658 1242 ex
675 1220 742 1242 nno
758 1209 858 1242 codd.
904 1210 1040 1241 Pearce
1055 1209 1137 1240 nihil
1153 1207 1353 1239 mutandum
1369 1215 1446 1237 esse
1463 1207 1620 1245 putat.—

156 1250 200 1281 ⁷6
222 1250 368 1292 Cumng.
390 1253 632 1293 repremit—7⁷
656 1253 754 1284 Harl.
770 1255 803 1284 2.
819 1255 851 1283 7.
876 1251 1023 1283 Chisian.
1039 1253 1071 1282 1.
1095 1257 1131 1282 et
1156 1250 1313 1290 Angelic.
1328 1253 1359 1281 3.
1380 1247 1620 1288 nuptaeque.—

156 1293 199 1323 78
222 1292 366 1332 Cuning.
392 1303 435 1325 ex
459 1305 540 1326 anre
555 1304 629 1331 sua,
650 1305 688 1327 ac
704 1294 859 1337 praemia5
882 1298 918 1325 et
941 1294 989 1325 ita
1007 1297 1162 1325 notatum
1187 1302 1231 1323 ex
1256 1291 1333 1323 cod.
1352 1292 1386 1322 in
1408 1298 1514 1329 marg.
1539 1287 1621 1318 And.

157 1335 254 1380 1509.
277 1335 312 1367 in
334 1335 499 1369 Bibliotu.
514 1337 784 1370 Barberin.—79
806 1336 914 1369 Codd.
944 1336 1083 1377 quidam
1105 1345 1161 1375 ap.
1187 1335 1303 1374 Feam,
1320 1331 1516 1373 perambulat
1530 1330 1621 1365 Δία’,

817 1431 851 1463 N
856 1431 966 1464 01·AE

153 1500 208 1530 sat
234 1494 385 1529 feliciter
408 1505 476 1528 aere
499 1496 695 1538 exprimens
720 1495 856 1538 quidem

153 1556 286 1590 ungnes
301 1551 338 1579 et
352 1547 517 1588 capillos;
542 1552 578 1579 at
602 1546 722 1579 infelix
744 1546 859 1588 operis

153 1607 294 1634 summa,
331 1597 412 1639 quia
438 1602 548 1630 totum
581 1597 667 1629 bene
693 1595 859 1638 effingere

154 1648 300 1680 nesciet.
322 1647 414 1680 Ibid.
430 1658 478 1680 vs.
493 1651 548 1680 32.
570 1648 661 1680 Vide
677 1648 726 1680 ibi
744 1648 828 1680 Not.

196 1699 238 1730 75
262 1697 378 1738 Ducit]
401 1697 569 1729 Producit
583 1697 618 1729 in
634 1697 807 1739 publicum
823 1701 861 1730 et

152 1747 187 1778 in
201 1755 353 1788 scenam,
369 1748 466 1779 velut
480 1757 566 1788 opus
583 1747 734 1778 numeris
755 1747 861 1777 omni·

151 1796 215 1828 bns
229 1796 436 1829 absolutum·
482 1797 724 1838 Metaphoram
741 1797 862 1827 volunt

154 1855 232 1878 esse
247 1856 268 1878 a
282 1846 508 1887 mangonibus
531 1856 572 1878 ac
586 1845 860 1886 negotiatoribus

155 1904 273 1927 servos
289 1896 427 1927 venales
448 1895 730 1936 producentibus.
754 1894 861 1927 Quin-

156 1946 211 1978 til.
233 1946 392 1978 Declam.
417 1948 493 1977 340.
513 1946 523 1963 ‘
539 1946 669 1987 Mango
694 1945 860 1977 novitium

156 2004 300 2037 puerum
315 2005 378 2037 per
389 1995 528 2038 publica
539 2000 650 2027 rostra
663 1994 760 2026 ducit
772 2004 859 2035 prae-

157 2047 354 2079 testatum!

204 2096 393 2138 Venditque]
431 2095 556 2129 AEdiles
580 2105 600 2127 a
628 2093 741 2136 poetis
767 2102 858 2125 eme-

155 2146 240 2179 bant
256 2146 428 2188 poemata.

196 2199 240 2230 76
269 2197 398 2238 Crasse]
429 2197 554 2229 Crassa
580 2199 618 2228 et
646 2194 765 2237 pingui
789 2194 857 2226 Mi-

155 2257 273 2288 nerva,
288 2255 326 2282 nt
342 2250 452 2282 aiunt.

194 2301 238 2331 77
261 2299 409 2341 Iltepide]
431 2299 513 2331 Sine
528 2299 660 2340 lepore.

196 2351 240 2380 78
263 2351 333 2382 Nec
345 2352 469 2382 veniam
483 2349 637 2390 antiquis,
651 2346 721 2389 Esou]
744 2347 858 2379 Excu-

152 2398 276 2430 sandos
292 2400 430 2441 quidem
444 2399 558 2431 fateor
580 2403 728 2435 veteres,
751 2397 778 2428 si
802 2406 857 2428 ru-

155 2448 226 2488 dia,
250 2458 378 2487 crassa,
406 2449 585 2481 incondita
608 2448 774 2489 pleraque
797 2447 855 2478 ha-

154 2499 278 2531 beant:
302 2508 366 2531 nec
385 2501 474 2531 enim
490 2510 544 2531 ars
560 2500 630 2531 nlla
644 2499 759 2531 statim
777 2507 853 2539 per-

153 2547 248 2581 fecta
270 2547 358 2579 fuit:
383 2553 419 2579 at
437 2550 598 2590 indignor
617 2559 676 2581 eos
700 2549 855 2580 absolute

153 2598 288 2631 laudari
311 2602 348 2630 et
371 2598 539 2630 venditari
562 2599 657 2640 qnasi
678 2598 762 2629 nihil
787 2607 855 2630 non

154 2652 351 2681 accuratum
397 2653 434 2678 et
472 2657 610 2688 prorsus
647 2647 854 2679 elaboratum

153 2700 368 2742 scripserint.
410 2699 502 2730 Vide
515 2699 606 2730 Tull.
621 2698 665 2730 de
681 2699 782 2730 Orat.
797 2699 856 2730 ubi

154 2751 199 2783 de
216 2751 389 2783 veteribus
402 2750 508 2782 sentit
522 2759 563 2782 ac
577 2749 664 2782 dicit
676 2748 767 2780 idem
779 2757 856 2780 cum

154 2800 314 2833 Horatio.

197 2849 361 2883 Honorem
374 2853 405 2882 et
417 2847 563 2891 proemia]
585 2847 758 2890 Imagines
774 2845 857 2889 poe-

911 1496 955 1528 tis
981 1501 1115 1529 erectas
1140 1496 1174 1528 in
1201 1494 1411 1527 bibliotheca
1434 1491 1619 1524 Palatina:

913 1546 956 1579 de
983 1547 1106 1590 quibus
1136 1547 1276 1579 Persius
1304 1546 1339 1576 in
1368 1543 1524 1585 prologo,
1554 1544 1621 1574 &c.

911 1598 1002 1630 Item
1020 1598 1222 1639 applausum
1239 1596 1273 1628 in
1290 1596 1440 1628 theatro.
1481 1592 1621 1624 Praemia

914 1648 1030 1685 etiam,
1046 1647 1137 1689 quod
1155 1646 1304 1688 pretinm
1323 1643 1482 1677 carminis
1503 1642 1547 1674 ad
1571 1642 1621 1673 lu-

914 1698 975 1730 dos
999 1698 1114 1739 poetae
1138 1697 1288 1729 solveret
1304 1694 1423 1726 AEdilis
1444 1693 1500 1724 vel
1522 1692 1621 1723 Prae-

915 1752 980 1780 tor.
1023 1747 1116 1778 Hinc
1139 1746 1320 1787 sequitur:
1343 1746 1352 1763 ‘
1371 1743 1492 1776 Gestit
1515 1741 1620 1773 etiam

912 1807 1086 1829 nummum
1102 1797 1137 1827 in
1153 1796 1280 1827 loculos
1295 1790 1503 1825 demittere:

957 1849 1000 1878 79
1026 1847 1123 1878 Recte
1143 1854 1239 1876 necne
1260 1852 1394 1882 crocum,
1408 1840 1478 1881 esc-J
1500 1839 1536 1871 Si
1559 1839 1621 1871 du-

915 1896 1022 1928 bitem
1049 1905 1091 1926 an
1121 1894 1214 1926 Attae
1245 1892 1363 1924 fabula
1384 1895 1558 1922 mereatur
1585 1889 1620 1920 in

914 1955 1052 1977 scenam
1075 1943 1216 1985 produci
1239 1941 1379 1974 floribus
1399 1948 1621 1980 conspersam

913 2000 949 2026 et
962 1994 1123 2027 odoribus
1139 1991 1311 2034 perfusam
1329 1991 1372 2022 de
1388 1999 1494 2022 more.
1529 1989 1620 2021 Nam

913 2054 954 2076 ea
970 2043 1036 2076 fuit
1051 2044 1131 2075 olim
1147 2041 1371 2073 consuetudo.
1403 2041 1544 2071 Lucret.
1561 2039 1621 2070 lib.

914 2105 956 2127 ιι.
980 2098 990 2114 ‘
1010 2096 1055 2126 Et
1079 2104 1154 2126 cnm
1180 2102 1284 2125 scena
1304 2101 1408 2123 croco
1423 2091 1523 2123 Cilici
1543 2099 1620 2131 per-

911 2144 987 2176 fusa
999 2154 1120 2176 recens
1134 2142 1210 2175 est.'
1234 2141 1397 2182 Propert.
1410 2149 1458 2172 1v.
1473 2142 1502 2171 1.
1517 2142 1526 2157 ‘
1538 2139 1620 2170 Pul-

912 2195 984 2237 pita
996 2194 1152 2226 solennes
1163 2202 1229 2223 non
1244 2192 1361 2223 oluere
1370 2189 1512 2222 crocos!
1527 2189 1621 2221 Plin.

911 2247 979 2276 1.6.
996 2245 1005 2262 ‘
1019 2245 1165 2276 Crocum
1180 2243 1258 2273 vino
1269 2241 1522 2282 mirecongruit
1533 2249 1620 2281 prae-

914 2295 1016 2336 cipue
1030 2294 1137 2334 dulci,
1150 2293 1268 2324 tritum
1281 2291 1324 2323 ad
1338 2292 1472 2323 theatra
1486 2291 1620 2332 replen-

913 2345 983 2377 da!
1024 2344 1230 2385 Spartianus
1263 2342 1298 2372 in
1326 2340 1523 2372 Hadriano:
1550 2341 1559 2357 ‘
1577 2340 1620 2371 In

910 2394 1074 2426 honorem
1096 2392 1237 2433 Trajani
1260 2391 1411 2423 balsama
1426 2396 1463 2423 et
1480 2400 1619 2423 crocum

910 2455 972 2486 per
986 2444 1110 2486 gradus
1124 2443 1250 2476 theatri
1261 2441 1504 2483 fluerejussit.'
1527 2441 1620 2472 Vide

909 2496 1031 2527 Senec.
1047 2494 1158 2535 Epist.
1172 2496 1227 2525 91.

951 2544 1059 2584 Attae]
1079 2544 1123 2575 T.
1140 2544 1200 2574 ille
1222 2542 1384 2575 Quintius
1407 2542 1616 2581 ‘togatarum

910 2594 1059 2635 scriptor
1069 2603 1088 2624 a
1096 2591 1298 2634 quibusdam
1307 2598 1516 2630 magnopere
1527 2598 1620 2620 com-

909 2643 1106 2675 mendatur.
1163 2640 1253 2672 Atta
1284 2639 1546 2679 cognominatus
1575 2637 1620 2670 ob

910 2693 1015 2734 pedes
1041 2696 1100 2724 ant
1122 2700 1224 2723 crura
1246 2689 1382 2720 vitiosa.
1428 2688 1516 2719 Nam
1533 2692 1618 2720 attae

910 2743 1070 2775 dicuutur
1082 2741 1140 2782 qui
1155 2749 1196 2771 eo
1210 2738 1335 2780 pedum
1350 2737 1434 2769 vitio
1449 2738 1619 2776 laborant,

910 2797 949 2824 ut
959 2789 1252 2830 videanturmagis
1261 2787 1360 2819 inniti
1373 2788 1510 2829 plantis,
1518 2797 1621 2829 quam

910 2842 1019 2875 libere
1031 2839 1219 2880 ambulare,
1230 2842 1269 2870 ut
1278 2837 1439 2870 observat
1451 2837 1618 2870 Crinitus.
