1916 3262
635 271 696 302 ne
715 266 860 301 ‘ARTE
896 269 1116 300 POEthA.
1488 257 1600 297 1285

149 371 358 425 Impiger,
379 367 630 418 iracundus,
649 366 951 416 inexorabilis,
972 378 1088 412 acer,

147 438 178 480 J
182 451 261 479 ura
280 442 407 491 neget
424 436 508 477 sibi
529 439 649 484 nata,
669 434 775 475 nihil
795 446 880 474 non
903 437 1075 485 arroget
1097 430 1252 471 armis:

150 506 221 547 Sit
243 505 404 547 Medea
421 504 544 544 ferox
566 502 830 555 invictaque,
853 500 1011 541 flebilis
1032 499 1130 548 Ino,

149 572 352 613 Perfidus
372 570 515 620 Ixion,
538 569 590 611 Io
611 583 739 622 vaga,
763 569 900 610 tristis
922 567 1118 609 Orestes.

149 639 199 680 Si
220 638 328 693 quid
349 638 621 692 inexpertum
643 650 785 678 scenae
808 635 1061 685 committis,
1082 641 1130 676 et
1150 634 1284 676 audes

150 707 389 748 Personam
408 705 592 746 formare
610 717 785 753 novam,
806 709 1001 744 servetur
1021 702 1077 743 ad
1097 702 1233 744 imum

149 772 307 823 Qualis
327 772 382 813 ab
402 771 579 824 incepto
599 770 874 825 processerit,
896 774 942 810 et
962 769 1048 810 sibi
1071 772 1255 810 constet.

149 837 340 882 Difficile
361 842 428 880 est
446 839 622 892 proprie
642 837 890 880 communia
913 837 1081 878 dicere:
1114 840 1247 890 tuque

1518 630 1602 671 125

147 969 413 1010 inexpugnabilis.
428 971 607 1000 vehemens.-
631 968 730 1010 dicat,
753 969 836 1007 leges
859 967 941 998 haud
962 967 1022 998 sibi
1043 966 1176 1007 positas,
1199 965 1303 996 omnia
1325 973 1396 996 vero
1418 963 1515 995 armis
1537 971 1602 994 esse

147 1011 292 1043 obnoxia.
334 1012 447 1043 Medea
460 1012 644 1043 exhibeatur
654 1021 736 1042 sceva
751 1014 782 1042 et
793 1009 1007 1051 implacabilis,
1023 1009 1081 1040 Ino
1093 1011 1274 1049 lacrymosa,
1293 1007 1386 1038 Ixion
1399 1005 1547 1047 perfidus,
1565 1005 1602 1035 Io

147 1053 344 1094 vagabunda,
360 1055 489 1085 Orestes
503 1058 638 1086 moestus.
681 1053 720 1085 Si
734 1056 834 1085 autem
849 1062 961 1083 novum
975 1051 1094 1092 aliquid
1107 1051 1229 1092 profers
1243 1050 1276 1080 in
1292 1050 1461 1087 theatrum,
1475 1058 1602 1079 novam·

148 1105 207 1135 qne
219 1106 379 1137 personam
385 1097 514 1138 fingere
529 1098 635 1134 audes,
650 1105 722 1127 cave
739 1099 774 1127 ut
790 1095 889 1136 qualis
911 1094 950 1125 ab
973 1095 1064 1125 initio
1078 1093 1236 1134 apparuit,
1250 1093 1323 1123 talis
1338 1093 1379 1123 ad
1393 1092 1494 1132 finem
1508 1100 1603 1130 usque

145 1142 332 1179 perseveret,
344 1142 375 1170 et
389 1148 490 1170 secum
510 1139 679 1171 conveniat.
713 1137 855 1170 Arduum
870 1141 916 1169 est
928 1136 1098 1168 communia
1113 1135 1195 1176 loqui
1207 1135 1333 1175 proprie
1344 1145 1355 1171 ,·
1367 1134 1554 1174 proindeque
1569 1135 1604 1163 tu

764 1220 1006 1234 “actaeae“

150 1287 204 1320 hic
230 1288 296 1320 dici
328 1293 425 1330 puto,
451 1298 517 1320 non
545 1293 583 1320 ut
613 1289 774 1327 Homero,
800 1287 943 1327 aliisque
969 1285 1080 1326 poetis
1106 1284 1301 1323 laudatum3
1332 1282 1391 1313 sed
1419 1282 1499 1324 quia
1526 1291 1602 1313 cum

149 1331 269 1371 plausu
303 1337 404 1362 antea
443 1341 555 1362 scenae
591 1331 817 1368 commissum,
845 1338 1002 1369 reponere,
1030 1327 1153 1358 iterum
1189 1334 1331 1366 ponere,
1362 1334 1420 1355 seu
1450 1325 1604 1355 commit-

149 1377 226 1404 tere
261 1373 348 1404 vene
382 1372 468 1403 alins
502 1372 603 1412 poe‘ta
637 1371 840 1411 supponitur
872 1370 916 1400 ab
951 1370 1122 1406 Horatio;
1154 1368 1211 1409 qui
1241 1367 1318 1398 ideo
1355 1371 1469 1397 monet
1499 1366 1605 1405 illum,

149 1418 188 1446 nt
213 1415 311 1454 primi
339 1419 500 1455 sequatur
526 1413 668 1453 vestigia
697 1414 730 1444 in
757 1411 991 1444 describendis
1016 1410 1169 1450 ejusdem
1187 1409 1358 1448 moribus;
1382 1409 1510 1450 quippe
1528 1418 1603 1448 quae

140 1456 213 1497 jam
229 1456 378 1496 laudata,
396 1466 435 1488 ac
452 1456 594 1498 probata
612 1456 756 1486 virorum
773 1455 966 1492 doctorum,
985 1463 1025 1484 ac
1049 1453 1166 1494 populi
1189 1450 1360 1491 suffragio.
1404 1450 1496 1482 Huic
1517 1461 1604 1491 prze-

146 1502 249 1538 eepto
271 1498 456 1540 opponitur
478 1499 511 1530 in
539 1508 585 1530 vs.
603 1501 677 1529 125.
699 1498 751 1528 ‘si
777 1496 859 1538 quid
884 1497 1102 1536 inexpertum
1128 1504 1238 1526 scenae
1270 1492 1497 1525 committis.''
1531 1493 1605 1524 Fen.

147 1539 200 1581 qui
211 1541 301 1580 sorte
322 1541 498 1573 Barberin.
515 1544 548 1572 2.
573 1551 592 1572 a
608 1550 651 1571 m.
667 1542 828 1581 piu—121
853 1538 1086 1570 Sclioenborn.
1101 1541 1133 1569 4.
1157 1539 1204 1569 ita
1221 1537 1415 1569 Diis.—122
1438 1536 1522 1566 Jura
1541 1536 1602 1566 sibi

146 1587 239 1623 neget
253 1583 484 1616 Schoenborn.
502 1587 531 1615 1.
554 1586 683 1622 arrogat
698 1583 794 1614 armis
809 1582 888 1614 Vat.
907 1582 1004 1613 Rom.
1018 1583 1159 1613 9.—123
1177 1580 1310 1611 Hesser.
1334 1579 1387 1610 Sit
1402 1579 1603 1616 Junoserox.

147 1627 255 1658 —126
268 1626 349 1658 Vat.
363 1627 476 1659 Palat.
491 1629 524 1658 2.
545 1636 680 1658 servare.
725 1625 957 1657 Schoenboru.
975 1627 1005 1656 1.
1028 1625 1290 1655 servatum—127
1309 1622 1441 1653 Heller.
1457 1621 1517 1652 sibi
1531 1630 1603 1652 con-

804 1699 948 1730 NOTAE

902 1762 1087 1803 AEgyptum
1104 1771 1210 1803 usque
1226 1762 1296 1802 egit
1311 1770 1351 1792 ac
1366 1758 1509 1800 depulit.
1532 1759 1604 1790 AEs-

902 1812 990 1853 chyl.
1008 1811 1185 1843 Prometh.
1204 1811 1309 1842 Ovid.
1325 1810 1415 1841 Met.
1433 1818 1457 1840 1.

947 1861 1089 1902 Orestes]
1110 1861 1145 1893 Is
1164 1861 1207 1893 ob
1221 1859 1441 1892 interfectam
1459 1864 1603 1890 matrem

130 1765 265 1810 ,Prima
286 1773 366 1805 pars
389 1764 567 1804 praecepti.
611 1764 647 1795 Si
666 1772 848 1803 expressos

141 1815 214 1855 jam
231 1814 273 1846 ab
289 1814 440 1845 Homero
456 1813 596 1845 Achillis
617 1823 727 1844 mores
743 1823 847 1854 expo-

150 1864 203 1895 nis
218 1872 362 1902 rursum,
377 1862 455 1894 vide
479 1867 516 1893 nt
538 1863 641 1894 talem
658 1872 734 1893 eum
754 1863 848 1894 exhi·

149 1913 243 1952 beas,
259 1913 366 1954 qualis
382 1913 483 1953 vulgo
499 1912 727 1953 existimatur,
745 1918 780 1945 et
795 1913 847 1944 fu-

149 1963 218 1994 isse
233 1963 461 2002 cognoscitur,
477 1964 539 1994 &c.

194 2014 257 2043 122
278 2012 362 2043 Jura
376 2015 468 2051 neget
481 2011 540 2043 sibi
555 2011 646 2053 nata]
669 2012 732 2045 Jus
748 2022 847 2044 omne

148 2062 218 2093 suis
234 2063 268 2092 in
285 2062 388 2093 armis
413 2062 558 2103 positum
575 2067 715 2094 asserat.
745 2062 846 2094 Iliad.

149 2116 184 2144 Φ.
201 2116 292 2144 et‘X.

189 2164 251 2194 123
273 2161 325 2193 Sit
341 2161 454 2194 Medea
465 2162 578 2203 ferox]
599 2162 688 2193 Vide
710 2163 846 2204 Euripi-

147 2212 197 2244 dis
223 2212 396 2244 Medeam.
442 2213 494 2244 De
518 2223 560 2244 ea
588 2222 650 2244 nos
673 2213 715 2244 ad
733 2214 845 2254 Epod.

149 2271 204 2295 m.
221 2267 258 2294 et
273 2272 307 2294 v.

191 2313 323 2344 Flebilis
342 2312 418 2353 Ino]
449 2312 536 2344 Haec
559 2312 678 2344 Cadmi
702 2312 774 2345 filia
800 2313 846 2345 A·

144 2364 352 2395 'thamantem
375 2363 533 2394 maritum
549 2361 664 2395 furore
680 2363 846 2403 percitum

148 2413 297 2452 fugiens,
324 2413 357 2443 in
379 2421 472 2444 mare
501 2422 538 2444 se
566 2423 642 2444 cum
672 2412 742 2444 filio
772 2414 845 2445 Me-

147 2462 270 2494 licerta
306 2461 516 2502 praecipitem
547 2461 653 2494 dedit.
702 2463 845 2495 Homer.

151 2512 280 2551 Odyss.
296 2515 331 2542 Ε.

195 2564 257 2593 124
281 2561 391 2601 Ixion]
417 2560 452 2592 Is
468 2569 624 2592 socerum
644 2560 765 2593 fraude
781 2563 847 2594 cir-

147 2616 366 2644 cumventum
383 2610 540 2651 peremit.
576 2611 698 2651 Virgil-
710 2611 784 2643 AEn.
800 2622 848 2645 vr.

193 2663 245 2704 Io]
280 2661 366 2692 Haec
383 2660 501 2692 Inachi
522 2659 604 2700 filia,
619 2670 639 2691 a
658 2661 747 2693 Jove
768 2662 849 2693 ada-

147 2719 252 2749 mata,
268 2717 371 2754 atque
386 2713 420 2743 in
438 2721 587 2751 vaccam,
605 2716 643 2743 ut
657 2712 784 2744 Junoni
800 2713 848 2743 la-

148 2769 252 2805 teret,
274 2773 460 2796 conversa:
483 2762 541 2794 sed
558 2772 635 2794 cum
657 2762 751 2795 Juno
777 2771 847 2795 rem

148 2815 386 2853 intellexisset,
402 2823 476 2846 eam
502 2817 607 2845 oestro
631 2817 789 2845 vexatam
815 2813 847 2845 in

901 1911 1429 1943 conscientiaestimulisvexatus
1439 1918 1602 1950 nusquam

903 1961 1110 2002 quiescebat.
1138 1961 1228 1992 Vide
1244 1960 1458 2002 Euripidem.
1491 1959 1547 1990 De
1563 1968 1603 1991 eo

901 2020 961 2042 nos
978 2019 1017 2043 11.
1033 2012 1104 2043 Sat.
1121 2014 1151 2042 3.
1170 2013 1242 2043 133.

944 2064 1005 2093 125
1029 2061 1067 2092 Si
1092 2062 1167 2102 quid
1195 2060 1404 2102 inexpertum]
1446 2059 1601 2091 Alterum

901 2111 1069 2152 proecepti
1093 2111 1293 2150 membrum,
1310 2111 1352 2142 de
1377 2120 1522 2151 persona
1545 2119 1602 2141 uo-

901 2171 956 2203 va,
971 2166 1008 2194 et
1027 2172 1047 2194 a
1066 2163 1157 2194 nullo
1181 2168 1262 2196 ante
1286 2162 1429 2194 inducta
1451 2167 1511 2192 aut
1533 2160 1602 2192 for-

900 2217 1015 2244 mata:
1041 2213 1149 2254 qualis
1176 2214 1266 2245 Dido
1291 2212 1382 2254 apud
1410 2211 1603 2252 Virgilium,

902 2264 1051 2296 Octavia
1066 2265 1154 2306 apud
1172 2265 1350 2305 Senecam,
1365 2265 1429 2295 διο.

946 2316 1007 2346 127
1031 2314 1100 2346 Sibi
1125 2314 1260 2354 constet]
1295 2313 1327 2345 A
1357 2313 1426 2344 suis
1453 2312 1601 2344 moribus

901 2374 1071 2406 nunquam
1098 2364 1253 2406 recedat,
1279 2368 1340 2396 aut
1363 2364 1475 2395 aliena
1499 2373 1603 2404 appa-

902 2421 986 2447 reat.
1028 2416 1130 2449 Quod
1147 2415 1318 2447 Homerus
1333 2424 1469 2455 semper
1483 2413 1602 2445 sedulo

903 2465 1102 2498 custodivit.
1147 2465 1328 2506 Euripides
1351 2469 1463 2495 autem
1481 2463 1603 2494 merito

902 2516 1069 2557 arguitur,
1088 2515 1178 2557 quod
1201 2515 1392 2556 Iphigenia,
1415 2515 1447 2544 iu
1466 2512 1604 2552 Aulide,

901 2567 1011 2606 primo
1024 2565 1144 2596 timida
1158 2570 1302 2596 mortem
1315 2564 1535 2603 deprecatur,
1546 2563 1604 2593 de-

901 2615 982 2646 inde
1002 2624 1093 2654 vero,
1112 2613 1245 2645 Achille
1272 2622 1335 2654 pro
1359 2622 1400 2642 ea
1425 2616 1602 2651 exorante,

902 2666 1085 2696 animosam
1102 2662 1263 2694 exhibeat
1277 2671 1313 2692 se
1325 2665 1480 2702 repente,
1493 2661 1603 2693 dicat-

901 2724 966 2756 que
984 2718 1136 2754 paratam
1155 2717 1276 2754 sponte
1300 2712 1443 2743 mactari
1465 2721 1527 2752 pro
1551 2721 1601 2743 sa-

902 2765 972 2796 lute
991 2764 1204 2795 Graecorum.

946 2815 1008 2845 128
1035 2813 1173 2855 Difficile
1200 2811 1262 2853 est]
1303 2811 1526 2854 Praeceptum
1556 2813 1599 2845 de
