1904 3216
479 258 690 291 HORA'I'H
724 257 1005 290 SERMONUM
1040 258 1136 290 Lm.
1169 258 1200 288 1.
1230 247 1272 289 6.

147 354 197 387 tio
215 363 345 386 summo
371 361 563 392 cousensu;
597 361 697 394 quam
727 350 846 383 Lamb.

147 404 339 446 abrogavit,
349 408 384 436 et
393 403 555 437 lachernum
566 400 753 440 substituit,
766 400 848 433 nihil

148 459 277 496 praeter
291 463 443 496 porrum,
455 453 558 489 cicer.
572 455 610 484 et
627 451 720 483 olera
735 449 846 482 Hora-

147 504 196 536 tio
213 513 401 545 apponens.
445 503 633 542 Receptam
648 504 762 532 tamen
779 500 848 533 lec·

147 554 273 586 tionem
290 557 461 586 assertore
474 551 634 584 'rm-nebo
654 559 708 582 rx.
724 553 775 583 19.
793 559 847 582 re-

147 603 254 637 tineo.
278 602 421 644 λάγανον
441 602 530 635 enim
550 601 716 642 placentae
740 609 847 640 genus

148 653 446 694 simplicissimum,
467 660 512 683 ex
526 649 637 682 simila
651 654 688 681 et
705 650 782 682 oleo
796 659 847 681 re·

147 702 252 742 conti,
278 706 370 734 teste
397 700 586 742 Hesychio.
629 699 734 741 Cujus
769 709 846 732 cum

147 761 216 783 nnn
231 750 355 784 medici
379 755 512 783 tantum
535 749 762 789 meminerint,
784 748 846 781 sed

145 805 182 832 et
196 800 332 843 Suidas,
347 803 386 832 et
399 799 588 832 Athenaens
608 809 744 842 quoque
760 799 846 831 illud

144 850 236 882 inter
262 854 412 882 veterum
437 859 534 882 escas
563 850 754 890 retulerint,
782 859 848 891 ego

146 909 227 932 sane
241 900 442 942 lepidissimi
457 898 578 933 Poetae
599 910 729 932 coeuam
745 901 848 941 paulo

145 950 270 984 lautius
291 950 522 982 instruxerim.
556 950 700 982 Torreat.
743 950 850 990 Laga-

146 1000 238 1042 nique
250 1000 405 1042 oausam]
430 999 545 1032 Oleris
557 1000 720 1033 catinum.

190 1052 254 1082 116
277 1050 391 1082 Pueris
405 1049 520 1090 tribus]
542 1049 620 1082 Hoc
635 1055 702 1087 est,
718 1050 848 1091 paucis,

147 1099 242 1131 nullo
254 1100 413 1141 strepitu.
460 1100 576 1131 Pueris
587 1099 703 1140 tribus]
725 1098 849 1141 Apne-

148 1150 195 1181 ris
211 1149 332 1182 tribus.
376 1150 476 1191 Lapis
493 1149 598 1191 albas]
620 1150 743 1182 Mensa
763 1159 851 1181 mar-

147 1208 275 1240 morea,
295 1199 338 1232 ad
361 1198 588 1232 differentiam
608 1209 734 1232 mensas
756 1209 851 1232 esca·

148 1250 223 1290 riae,
249 1259 350 1292 quam
381 1250 528 1283 Cibillam
555 1259 575 1282 a
601 1249 692 1290 cibo,
715 1251 782 1289 vel,
812 1255 851 1283 ut

148 1299 281 1340 Festus,
314 1299 461 1332 Cillibam
491 1298 672 1332 vocabant.
710 1300 852 1332 Tor-rent.

149 1349 248 1390 Lapis
259 1349 363 1391 albus]
387 1350 510 1382 Mensa
520 1359 726 1391 *marmorea-

193 1401 256 1431 11⁷
278 1400 398 1432 Pocula
410 1410 480 1432 cum
493 1400 604 1442 cyatho
620 1401 681 1431 duo
698 1397 849 1439 sustinet]

150 1447 263 1481 Notat
285 1448 434 1481 Turneb.
463 1457 516 1482 rx.
546 1451 599 1480 19.
627 1458 671 1481 ex
702 1449 850 1490 Agretio

148 1497 351 1539 Delphicam
367 1508 517 1530 mensam
537 1498 691 1540 plurimis
715 1498 850 1540 poculis

147 1547 283 1580 onerari
310 1548 438 1587 solere,
463 1547 525 1579 sed
548 1557 690 1579 numero
716 1557 850 1588 semper

147 1598 234 1640 pari.
278 1597 378 1630 Unde
402 1602 439 1630 et
463 1598 586 1631 Cicero
613 1597 849 1639 ‘scyphorum

148 1648 244 1690 paria
259 1647 458 1689 complura!
488 1648 537 1681 At
553 1649 713 1688 Horatio,
723 1649 780 1690 qui
797 1658 848 1680 so-

147 1698 201 1731 lus
217 1698 450 1738 accumberet,
463 1707 526 1739 par
540 1707 644 1731 uuum
663 1698 747 1730 satis
763 1702 851 1737 erat,

148 1758 218 1780 una
232 1757 309 1780 cum
333 1748 470 1789 cyatho,
484 1757 551 1789 quo
574 1753 672 1779 certa
693 1756 852 1778 mensura

150 1798 266 1830 vinnm
281 1802 318 1829 et
333 1806 453 1839 squam
471 1806 491 1828 e
513 1796 602 1828 vasis
625 1796 802 1827 haurirent
817 1801 854 1828 et

151 1846 382 1879 defundereut
397 1847 432 1878 in
448 1846 584 1888 pocula,
596 1845 686 1887 quod
702 1843 855 1885 κυαθίζειν

152 1896 269 1929 Graeci
285 1895 502 1937 appellabant
516 1905 525 1927 ι
556 1895 688 1937 quique
698 1894 732 1940 id
749 1894 854 1927 facie-

151 1948 235 1980 bant
245 1949 287 1979 ad
295 1947 434 1989 Cynthos
441 1950 527 1979 stare
534 1946 751 1979 dicebantur.
762 1946 854 1978 Tm.

151 1997 272 2029 Acmen
285 1996 364 2028 ιιιιἹιί
377 1995 518 2036 echinus]
548 1994 676 2027 Adstat
690 1995 771 2027 mihi
784 2005 854 2027 coe-

153 2046 249 2078 nanti
269 2046 424 2088 echinus,
445 2045 478 2078 id
500 2050 564 2085 est,
577 2045 646 2077 Vas
670 2044 790 2085 fictile,
804 2044 855 2078 sic

153 2097 361 2129 nominatum
383 2106 402 2128 a
421 2094 641 2128 similitudine
657 2093 768 2126 echini
783 2102 852 2125 ma·

152 2147 229 2178 rini-
271 2145 389 2178 Adam
402 2144 528 2176 echinus
547 2143 641 2183 Vilis,
654 2141 727 2183 ζα]
761 2142 851 2174 Haec

153 2195 339 2228 communis
368 2194 470 2226 etiam
501 2197 658 2224 veterum
686 2191 851 2223 librorum

152 2244 325 2286 scriptura
346 2247 420 2276 est:
451 2242 508 2276 alii
535 2242 750 2283 distinguunt
773 2246 853 2283 post

152 2295 300 2332 eckium,-
322 2294 439 2328 Adane
459 2293 599 2332 echinus,
612 2292 688 2323 vilis
705 2301 774 2323 cum
795 2301 853 2332 pa·

153 2349 223 2378 tera
232 2348 358 2385 guttas.
400 2341 469 2374 Sed
484 2351 561 2374 cum
577 2345 650 2372 tota
664 2340 722 2371 illa
741 2340 854 2380 supel-

153 2396 210 2427 lex
225 2395 412 2434 Campana,
425 2391 497 2422 sive
510 2389 625 2422 fictilis
638 2387 756 2428 fuerit,
768 2397 853 2430 qua·

155 2454 195 2476 re
221 2453 289 2476 nou
313 2451 411 2484 eque
433 2441 560 2473 ecliinus
582 2449 622 2472 ac
645 2442 758 2480 guttam
781 2439 855 2471 vilis

157 2492 374 2534 appelletur?
405 2490 596 2532 Porphyrio
610 2489 727 2522 adstat
737 2489 855 2531 echino,

157 2543 195 2576 id
209 2547 276 2583 est,
298 2546 441 2584 propter
461 2541 630 2580 echinum,
649 2540 744 2582 legit.
786 2540 855 2573 Sed

157 2595 222 2626 hoc
243 2603 377 2635 quoqne
398 2601 461 2634 pro
476 2591 618 2624 arbitrio
631 2590 785 2623 Lectoris
801 2591 856 2624 sit.

159 2643 276 2684 Magis
292 2643 326 2675 iu
341 2652 383 2674 eo
398 2641 556 2674 laborant
570 2641 805 2680 Grammatici,
819 2645 858 2673 ut

160 2692 241 2734 quid
264 2692 319 2724 hic
339 2692 467 2724 echinus
487 2691 534 2723 sit
553 2690 652 2722 uobis
674 2690 859 2732 explicent.

161 2742 337 2783 Hesychia
346 2742 436 2774 inter
442 2741 508 2773 alia
517 2741 636 2777 multa,
648 2749 723 2782 quae
733 2749 753 2771 a
761 2740 857 2772 Grae-

161 2793 210 2826 cis
243 2792 344 2826 echini
374 2791 509 2827 nomine
543 2791 773 2833 appellantur,
806 2795 860 2824 est

1484 248 1598 291 1647

901 351 1003 383 etiarn
1026 350 1128 384 λοπὰς
1145 351 1168 390 ἢ
1188 350 1297 383 σκεῦος
1314 349 1502 391 μαγειρικὸν,
1518 352 1600 385 Pol-

899 400 967 433 luci
997 401 1118 442 χύτρα,
1145 399 1233 434 εἶδος.
1275 399 1452 434 Differ-unt
1482 406 1598 434 autem

897 451 999 484 λοπὰς
1012 457 1048 484 et
1064 451 1177 494 χύτρα·
1194 461 1270 484 uam
1291 451 1375 484 illud
1399 452 1410 469 ⁴
1423 452 1600 493 patinam‚’

898 500 962 533 hoc
976 501 985 518 ‘
1000 501 1121 533 ollam'
1145 501 1328 543 siguificat.
1373 502 1420 534 Et
1440 503 1600 544 quoniam

897 559 958 582 vas
973 561 1048 583 esse
1063 556 1199 584 constat
1222 553 1276 584 vel
1299 562 1422 585 mensas
1439 553 1493 585 vel
1517 553 1601 585 culi·

897 609 952 632 uae
969 601 1083 633 usibus
1098 602 1320 642 destinatum,
1333 602 1376 635 ab
1386 602 1499 644 aliqua
1509 603 1601 635 baud

897 650 1001 683 dubie
1028 652 1183 684 animalis
1210 653 1434 684 similitudine
1459 652 1603 685 dictum.

897 701 1017 733 Echini
1035 707 1150 734 autem
1171 702 1280 734 forma
1298 703 1332 734 iu
1352 701 1602 734 rotunditatem

897 751 1115 790 conglobata.
1158 751 1287 783 Acroni
1303 751 1412 783 libens
1427 752 1605 792 assentior,

898 804 936 831 ut
959 810 1018 832 vas
1033 800 1140 833 fuerit
1155 806 1216 833 aut
1239 810 1370 832 aeneum
1397 805 1456 832 aut
1479 799 1602 840 fictile,

897 859 964 892 quo
981 851 1035 882 vel
1051 851 1191 891 calices,
1205 855 1243 883 ut
1259 851 1316 882 ille
1333 850 1394 890 ait,
1410 850 1465 882 vel
1482 859 1602 882 manus

897 901 1015 938 etiam,
1027 901 1054 932 si
1068 901 1117 934 ita
1128 901 1246 940 mavis,
1257 901 1492 933 abluerentur.
1502 910 1602 942 quam

898 951 1106 983 ‘trichilam’
1122 959 1256 994 quoque
1277 951 1402 982 dictam
1419 950 1547 987 volunt,
1563 955 1603 982 nt

898 1005 994 1033 recte
1019 1011 1096 1034 meo
1117 1001 1251 1043 ,iudicio
1277 999 1454 1032 Turnebus
1474 1008 1529 1032 lx.
1548 1002 1602 1031 19.

901 1051 1047 1083 Torreat.

943 1103 1006 1132 118
1034 1100 1128 1142 Vilis]
1166 1100 1272 1132 Parvi
1301 1099 1413 1141 pretii.
1468 1098 1605 1139 Guttas]

900 1149 953 1182 Ex
966 1154 1066 1191 gntto
1079 1150 1193 1182 vinum
1209 1149 1370 1192 guttatim
1386 1158 1445 1181 seu
1458 1150 1604 1181 minuta-

901 1201 963 1233 tim
993 1200 1214 1234 fundebatur.
1269 1202 1428 1242 Campana
1450 1201 1605 1242 supellex]

900 1250 956 1282 Sic
971 1259 1012 1282 ιι.
1026 1251 1100 1282 Sat.
1115 1254 1147 1284 8.
1170 1253 1180 1270 ⁴
1195 1251 1368 1292 Campana
1382 1251 1502 1283 solitus
1519 1251 1604 1283 trul-

900 1300 934 1332 la
948 1299 973 1331 ε’
998 1309 1060 1341 pro
1077 1301 1189 1341 fictili,
1203 1302 1247 1333 ob
1263 1301 1391 1342 argilla*
1408 1301 1442 1332 in
1457 1301 1605 1341 Campa-

900 1350 959 1381 nia
975 1348 1164 1382 bonitatem
1182 1355 1218 1382 et
1233 1351 1380 1391 copiam,
1390 1349 1482 1382 unde
1499 1350 1606 1390 pluri-

901 1409 965 1431 mae
980 1399 1051 1432 illic
1075 1399 1215 1440 figlinae.
1258 1400 1373 1442 Atque
1388 1400 1467 1431 hinc
1491 1399 1606 1432 ‘Osca

901 1448 1024 1480 tellus'
1050 1459 1112 1490 pro
1135 1450 1276 1491 argilla:
1313 1448 1538 1491 eamdemque
1560 1449 1604 1480 ob

900 1507 1052 1530 caussam
1083 1499 1318 1531 Beneventani
1351 1498 1477 1531 calices
1515 1498 1604 1531 cele-

901 1547 1045 1579 brantur
1070 1548 1103 1579 in
1127 1549 1320 1580 tenuiorum
1344 1548 1494 1587 mensis-13
1526 1557 1605 1579 nam

900 1597 985 1630 Osci
994 1598 1242 1638 Beneventani,
1252 1603 1311 1630 aut
1319 1598 1485 1639 Campani
1495 1604 1607 1636 erant,

902 1654 963 1682 aut
975 1650 1157 1690 Campanis
1172 1649 1330 1690 proximi.
1355 1649 1436 1680 Vid.
1450 1648 1604 1680 Turneb-

901 1707 1013 1730 xxm.
1029 1702 1061 1729 6.
1090 1698 1233 1730 Torrent-
1278 1698 1439 1738 Campana
1453 1696 1608 1738 supellex]

900 1747 993 1778 Vasa
1007 1746 1128 1778 fictilia
1142 1746 1178 1778 iu
1193 1746 1380 1786 Campania
1395 1744 1500 1778 facta.

946 1798 1009 1828 120
1047 1795 1216 1828 Obeundus
1239 1795 1390 1837 Marsya]
1439 1795 1607 1828 obeunda

901 1845 1012 1886 prima
1026 1855 1104 1886 pars
1124 1844 1201 1885 fori,
1215 1845 1274 1878 ubi
1296 1846 1408 1887 posita
1423 1850 1476 1878 est
1493 1850 1607 1878 status

902 1895 1052 1937 Marsyae
1085 1895 1122 1927 in
1168 1894 1379 1935 litigatorum
1427 1899 1607 1927 terrorem.

903 1945 1052 1986 Marsya]
1077 1945 1206 1977 Notum
1225 1949 1338 1977 autem
1354 1945 1498 1986 Phrygii
1517 1945 1607 1977 illius

903 1994 1054 2027 tibicinis
1069 2003 1207 2035 nomen,
1222 1994 1277 2027 cui
1291 1994 1336 2026 ab
1357 1994 1518 2036 Apolline
1536 1995 1607 2026 vic-

903 2048 940 2077 to
956 2045 1057 2086 pellis
1082 2045 1236 2077 detracta
1259 2048 1325 2083 est,
1347 2044 1607 2086 Faunorumque

903 2104 944 2127 ac
962 2094 1198 2136 Nympharum
1213 2093 1257 2125 ob
1273 2093 1379 2135 ipsius
1395 2098 1540 2126 mortem
1557 2093 1607 2126 ef-

900 2144 988 2177 fusae
1005 2146 1166 2186 lacrymae
1181 2145 1215 2176 in
1229 2153 1362 2176 amnem
1377 2144 1531 2185 ejusdem
1547 2153 1609 2176 no-

902 2195 1003 2227 minis
1019 2204 1207 2227 conversae.
1251 2194 1366 2236 Hujus
1381 2199 1496 2226 antem
1512 2194 1607 2226 Mar-

902 2254 971 2286 syae
997 2248 1111 2276 statua
1131 2243 1287 2285 qnaedam
1315 2247 1389 2275 erat
1415 2243 1544 2284 Romae,
1567 2253 1608 2275 ea

903 2293 970 2326 fori
986 2297 1098 2335 parte,
1114 2303 1180 2335 qua
1195 2298 1234 2326 et
1245 2299 1353 2326 rostra
1366 2304 1376 2332 ;
1393 2293 1450 2325 nbi
1465 2298 1502 2326 et
1515 2293 1607 2325 vadi-

903 2344 1020 2374 monia
1045 2343 1134 2374 obiri
1161 2347 1198 2375 et
1221 2343 1303 2375 lites
1324 2343 1448 2383 agitari
1472 2342 1606 2374 solitae:

904 2392 995 2424 unde
1011 2397 1047 2424 et
1062 2392 1126 2432 ipsi
1143 2393 1217 2424 loco
1237 2402 1372 2424 nomen.
1418 2391 1486 2424 Sed
1512 2392 1607 2433 inge-

904 2442 1001 2474 niose
1017 2441 1196 2474 admodum
1214 2441 1390 2480 Horatius,
1410 2441 1554 2483 perinde
1568 2451 1607 2473 ac

906 2493 935 2524 si
961 2493 1073 2524 victus
1106 2495 1208 2535 atque
1237 2492 1434 2523 excoriatus
1466 2491 1609 2532 Marsya

906 2551 974 2574 nou
990 2546 1059 2572 tam
1075 2540 1155 2572 ideo
1170 2540 1298 2580 doleat,
1314 2550 1415 2582 quam
1430 2541 1520 2583 quod
1537 2541 1608 2574 No—

907 2591 999 2623 vium
1015 2590 1105 2622 inter
1114 2589 1248 2631 judices
1267 2594 1461 2623 versantem
1476 2591 1609 2632 aspice·

908 2650 946 2674 re
959 2644 1114 2682 cogatur.
1139 2640 1284 2672 Torrent-

951 2693 1013 2722 121
1037 2689 1193 2732 Minoris]
1212 2691 1365 2722 Duorum
1381 2688 1525 2722 fratrum
1539 2690 1609 2723 No-

909 2741 1040 2772 viorum
1058 2739 1176 2780 junior
1190 2744 1266 2771 erat
1285 2739 1552 2780 improbissimus
1568 2740 1608 2771 li-

911 2791 1050 2832 tigator,
1065 2790 1123 2832 qui
1139 2789 1181 2822 ad
1205 2789 1290 2822 hauc
1312 2793 1460 2822 statuam
1476 2799 1607 2822 summo
