1916 3262
453 285 658 318 uonA'ru
690 285 964 318 GARmNUM
1000 289 1093 318 mn.
1128 289 1200 319 111.
1230 280 1300 321 23.

198 381 219 410 8
244 380 348 411 Grave
363 379 495 420 tempus]
524 380 670 420 Tempus
684 377 848 420 pestilens

153 433 190 460 et
203 428 385 461 insalubre.

196 481 219 509 9
241 479 327 510 Nam
341 489 409 519 quoe
421 478 533 519 nivali]
567 476 750 517 Αἶτιολογία.
772 479 847 520 ejus

154 528 246 569 quod
273 528 374 568 dixit,
410 529 515 561 Lares
549 528 678 569 placari
708 528 784 560 fure
812 533 849 561 et

154 576 267 618 fruge,
287 587 330 610 ne
350 578 494 610 sollicita
509 577 552 609 sit
568 577 704 609 Phidile
720 578 762 609 de
779 578 849 610 vic-

154 626 239 658 tima
254 627 371 667 pingui
385 633 420 658 et
434 626 624 667 magnifica,
641 629 775 669 qualern
793 628 850 660 de-

154 682 212 708 cet
227 681 376 709 mactare
391 677 578 710 Pontifices
590 686 652 718 pro
666 679 776 710 salute
792 688 852 720 po-

154 727 236 766 puli.
254 728 350 768 Cruq.
394 727 479 759 Nam
493 736 561 767 quae
574 728 685 768 nivali,
698 728 769 768 εμπ]
787 728 853 760 Οι··

154 775 199 807 do
223 781 294 808 est:
319 777 407 808 Nam
433 777 572 809 victima
598 787 674 819 quae
699 779 853 819 pascitur

152 825 257 856 nivali
269 824 396 866 Algido
411 826 501 858 iuter
518 836 664 868 quercus
686 833 722 860 et
745 829 855 868 ilices,

151 878 212 906 aut
223 883 299 916 quae
309 876 434 907 crescit
446 876 481 908 in
492 876 635 909 Albanis
646 878 771 918 herbis,
785 879 854 910 tin-

151 928 211 964 get
222 934 358 957 secures
370 926 565 966 pontificum
578 927 727 966 cervice,
739 927 774 959 id
786 932 851 965 est,

97 983 104 987 ·
153 974 292 1015 Magnae
309 975 459 1007 victimae,
483 986 504 1008 a
524 976 750 1008 Pontificibus
771 985 852 1010 sunt

152 1023 378 1057 immolandae.
430 1026 549 1066 Algido
577 1026 691 1067 nivali]
730 1027 800 1059 Lib.
827 1036 852 1060 1.

155 1071 224 1103 od.
235 1075 290 1106 21.
303 1074 314 1091 ‘
325 1075 492 1114 gelidum’
507 1081 621 1108 vocat.
667 1077 793 1119 Nitazi]
808 1077 851 1109 In

155 1126 271 1154 monte
285 1123 418 1156 nivibus
434 1131 608 1166 cooperto.

198 1174 239 1203 10
262 1173 403 1213 Devotu]
437 1175 586 1207 Victima
607 1186 650 1208 ex
671 1179 752 1209 voto
776 1177 853 1209 Diis

155 1222 323 1262 promissa
338 1227 375 1254 et
391 1224 455 1255 aris
468 1224 653 1257 destinata.

199 1275 237 1304 11
254 1273 400 1315 Albanis]
417 1275 458 1306 Iu
475 1276 610 1316 pascuis
622 1277 749 1309 Albani
762 1288 853 1310 mou-

154 1322 211 1354 tis.
254 1323 319 1364 [Ut
333 1325 442 1355 crescit
456 1325 621 1365 Guelpb.]

198 1374 240 1403 12
262 1373 452 1414 Pontificum
478 1374 625 1414 secur-eie]
661 1375 741 1406 Non
768 1377 852 1407 satis

153 1421 291 1462 proprie
326 1422 459 1453 locutus
489 1423 627 1455 videtur
663 1424 851 1457 Horatius:

152 1475 233 1503 ante
251 1471 340 1503 enim
366 1472 474 1504 securi
500 1472 671 1506 feriebant
695 1475 851 1512 hostiam,

151 1525 190 1552 at
211 1526 420 1562 prostratam
446 1528 566 1564 postea
581 1525 765 1565 suppositis
780 1525 851 1556 cul-

153 1570 216 1602 tris
223 1571 444 1612 jugulabant,
458 1582 542 1614 quos
557 1574 567 1591 ⁴
581 1574 777 1605 cultrarios’
793 1584 851 1616 ap-

152 1619 341 1660 pellabant.
385 1621 442 1653 Sic
457 1622 546 1654 enim
562 1623 682 1664 Virgil.
697 1625 706 1641 ‘
720 1624 852 1665 Suppo-

152 1673 239 1702 nunt
260 1670 318 1701 alii
341 1672 485 1713 cultros,
507 1673 730 1715 tepidumque
756 1684 854 1706 cruo-

154 1729 226 1750 rem
251 1720 439 1762 Excipiunt
466 1722 623 1763 pateris!
675 1724 854 1755 cervicem

154 1774 270 1801 tamen
286 1771 435 1802 victimae
451 1771 555 1803 ferire
571 1772 701 1808 solitos,
720 1782 788 1804 non
801 1782 854 1805 so-

154 1819 207 1850 lus
221 1819 277 1850 hic
293 1818 457 1851 Horatius
478 1821 639 1862 ostendit,
664 1822 725 1853 sed
750 1822 855 1854 etiam

154 1868 251 1908 Virg.
265 1868 400 1900 AEneid.
412 1877 453 1900 ιι.
468 1869 478 1885 ‘
491 1870 536 1900 Et
553 1870 719 1902 incertam
735 1880 856 1903 excus-

155 1916 201 1948 sit
214 1917 351 1950 cervice
366 1917 536 1958 securim:
550 1920 614 1950 ἃς.
645 1919 729 1951 Ideo
742 1924 855 1952 autem

156 1975 224 1998 non
250 1966 399 1999 frontem
413 1968 589 2008 ,victimae,
614 1969 673 2000 sed
702 1974 857 2011 tempora

157 2014 251 2046 feriri
267 2016 384 2047 solitos
401 2016 616 2050 crediderim.
639 2019 735 2054 Torr..

202 2067 241 2096 13
267 2065 398 2105 Tinget]
431 2066 652 2100 Madefaciet.
709 2069 751 2100 Te
775 2069 858 2100 nihil

154 2115 287 2156 attinet]
325 2115 422 2148 Ordo
450 2121 526 2148 est:
560 2117 609 2148 'l'e
636 2122 855 2150 coronantem

157 2173 282 2205 parvos
309 2163 390 2196 deos
421 2165 552 2197 marino
579 2175 657 2198 rore
680 2171 717 2199 et
745 2166 857 2207 fragili

155 2218 269 2256 myrto
283 2214 366 2246 nibil
378 2215 500 2248 attinet
516 2220 651 2250 tentare
661 2218 753 2259 ipsos
763 2218 855 2250 Deos

156 2264 266 2296 multa
279 2264 376 2296 caede
390 2264 592 2298 bidentium.

202 2316 244 2346 14
261 2314 394 2346 Tentare
405 2316 503 2347 multu
511 2315 608 2357 coede]
622 2317 767 2350 Placare
782 2327 856 2359 par-

160 2373 220 2396 vos
237 2363 333 2403 deos,
347 2363 382 2394 id
401 2368 467 2404 est,
481 2365 599 2405 Lares,
614 2366 669 2397 vel
692 2367 856 2403 Penates,

160 2412 345 2444 mactando
373 2413 494 2443 multas
523 2413 693 2447 bidentes.
749 2416 858 2448 Multa

162 2461 245 2492 coede
259 2460 444 2500 bidentium]
465 2461 475 2479 ‘
491 2461 678 2502 Bidentes:
704 2468 743 2496 ut
769 2465 857 2496 arbi-

163 2514 246 2549 tror,
262 2519 324 2550 pro
338 2519 542 2551 quocunque
555 2520 678 2552 pecore
693 2513 792 2553 dixit,
814 2525 858 2547 ex

163 2563 317 2591 veterum
347 2560 530 2599 sententia,
559 2559 602 2591 de
631 2571 700 2602 qua
728 2563 858 2595 Gellius

164 2617 240 2641 xvt.
256 2612 288 2642 6.
303 2613 340 2640 et
354 2608 512 2640 Macrob.
524 2617 590 2642 vn.
604 2612 638 2641 9.
654 2612 663 2628 ‘
677 2611 858 2644 Bidentes'

164 2658 255 2690 enim
278 2658 375 2699 quiesi
399 2658 561 2689 biennes:
585 2664 645 2690 aut
660 2663 698 2691 ut
714 2661 771 2692 alii
793 2672 859 2694 ma-

163 2708 252 2747 lunt,
273 2707 358 2740 dnos
384 2706 503 2738 dentes
527 2707 697 2748 longiores
722 2712 858 2743 caeteris

162 2757 338 2789 habentes.
384 2757 519 2788 Tentare
534 2763 646 2789 autem
659 2758 744 2790 Deos
756 2759 859 2792 biden-

162 2806 244 2839 tium
259 2808 354 2848 coede,
378 2810 431 2838 est
452 2807 601 2847 experiri
626 2807 707 2849 quid
731 2819 793 2850 per
808 2819 859 2843 sa-

1485 283 1596 326 1477

900 377 1031 411 crificia
1047 379 1090 411 ab
1105 379 1189 420 ipsis
1203 379 1350 412 obtineri
1375 381 1493 421 possit.
1537 384 1597 416 Bi-

900 428 1055 470 dentium]
1077 430 1203 462 Ovium
1221 429 1398 463 bimarum.

944 482 984 511 15
1010 480 1134 511 Parvos·
1145 483 1343 511 coronantem
1357 480 1492 522 nmrino]
1518 482 1599 513 Par-

900 538 955 560 vos
979 534 1081 561 vocat
1107 530 1247 561 minime
1269 535 1345 562 arte
1373 535 1433 562 aut
1457 533 1602 563 materia

900 574 1127 620 sumptuosos,
1151 580 1269 621 quales
1284 581 1318 611 in
1335 581 1415 613 villa
1429 591 1504 614 esse
1520 591 1602 613 con-

901 629 1008 660 venit.
1054 630 1100 661 Et
1126 630 1335 662 rorismarini
1351 631 1488 672 quidem
1503 641 1603 663 usum

900 677 944 709 ad
963 678 1116 710 Deorum
1131 680 1273 711 corollas
1288 681 1342 712 liic
1358 682 1450 713 locus
1467 681 1601 722 probat,

899 738 1004 769 quare
1021 734 1058 760 et
1078 729 1170 762 inter
1187 730 1449 770 στεφανωματικὰ
1465 740 1485 762 a
1497 731 1603 762 Dios-

901 779 1018 811 coride
1044 785 1263 811 numeratur:
1287 781 1392 812 Turn.
1419 789 1499 812 vero
1515 789 1601 811 xm.

901 831 956 862 21.
976 829 1080 861 etiam
1095 830 1318 871 aspergillum
1344 829 1438 869 inde,
1461 829 1552 861 sicut
1566 833 1604 860 et

903 889 946 910 ex
963 880 1070 920 lauro,
1090 879 1165 912 fieri
1187 879 1221 911 in
1238 880 1344 912 sacris
1358 881 1467 912 solere
1483 879 1603 912 tradit.

906 929 1050 961 Torrent.

948 982 989 1010 16
1012 979 1097 1011 Rore
1112 979 1214 1020 Deos]
1241 979 1452 1011 Rosmar-iuo.
1485 979 1604 1019 Fragi-

904 1029 985 1070 lique
993 1029 1111 1070 myrto]
1125 1029 1135 1046 ‘
1149 1030 1319 1070 Fragilem
1328 1029 1336 1042 '
1351 1034 1463 1065 vocat,
1478 1033 1518 1060 ut
1531 1030 1542 1047 ‘
1553 1034 1603 1060 te-

907 1087 1006 1110 neras
1022 1078 1170 1110 defende
1185 1088 1204 1110 a
1214 1078 1342 1118 frigore
1352 1078 1506 1119 myrtos,'
1516 1077 1607 1109 dixit

906 1128 1004 1168 Virg.
1027 1128 1103 1159 Ecl.
1128 1136 1195 1159 vu.
1239 1127 1382 1159 Addunt
1404 1128 1507 1159 etiam
1532 1127 1606 1158 vita

906 1177 1044 1209 brevem
1066 1186 1154 1209 esse.
1199 1176 1341 1220 Antiqui
1357 1180 1394 1208 et
1416 1175 1605 1217 ‘myrtum’

906 1233 943 1258 et
959 1227 970 1244 ‘
981 1226 1144 1268 myrtam’
1160 1226 1336 1258 dicebant·
1377 1226 1468 1258 Vide
1482 1235 1522 1259 11.
1538 1225 1607 1259 Od.

907 1278 938 1308 7.
962 1278 1104 1308 Torreat.

951 1329 991 1357 17
1014 1326 1169 1357 Immum's
1187 1336 1275 1357 uram
1296 1326 1326 1357 si
1351 1326 1459 1364 tetigit
1477 1325 1604 1364 manus]

906 1375 1053 1415 Proprie
1073 1374 1200 1405 dicitur
1222 1375 1232 1391 ‘
1245 1373 1423 1404 immunis'
1446 1372 1519 1404 sine
1535 1382 1607 1404 mu-

907 1433 1002 1465 nere,
1014 1424 1155 1456 otiosus.
1177 1422 1343 1454 Horatius
1355 1432 1438 1454 vero
1453 1422 1607 1453 absolute

907 1473 1114 1505 ‘immunem
1139 1471 1296 1504 manum'
1324 1471 1425 1512 dixit,
1455 1481 1518 1512 pro
1545 1471 1607 1503 im-

906 1522 999 1554 muni
1023 1532 1043 1554 a
1069 1522 1171 1562 culpa
1194 1525 1256 1553 aut
1283 1522 1427 1562 scelere,
1448 1531 1488 1553 ac
1505 1522 1607 1562 plane

906 1574 1016 1614 plura.
1083 1575 1093 1591 ‘
1108 1572 1267 1613 Tangere
1281 1571 1290 1586 '
1315 1575 1429 1602 autem
1463 1571 1473 1588 ‘
1493 1571 1606 1602 aram'

906 1622 1007 1664 dixit,
1028 1632 1090 1663 pro
1103 1621 1238 1663 precari
1253 1622 1360 1653 Deos.
1406 1620 1608 1652 Credebant

906 1674 996 1705 enim
1022 1677 1159 1704 veteres
1186 1671 1376 1702 orationem
1401 1679 1468 1700 non
1494 1670 1608 1706 litare,

907 1723 974 1753 nisi
1000 1722 1028 1752 is
1056 1722 1114 1762 qui
1140 1722 1237 1752 Deos
1267 1723 1478 1761 precaretur,
1502 1719 1607 1751 etiam

907 1780 1000 1802 aram
1015 1770 1169 1802 manibus
1185 1768 1474 1810 apprehenderet.
1505 1767 1609 1799 Unde

908 1829 984 1852 aras
1011 1821 1156 1861 primum
1185 1820 1196 1837 ‘
1213 1818 1333 1850 ansas'
1363 1818 1475 1850 dictas
1502 1816 1608 1849 fuisse

907 1870 1020 1901 Varro
1047 1869 1203 1908 tradidit,
1224 1873 1261 1900 et
1285 1867 1442 1900 Macrob.
1469 1867 1608 1899 Saturn.

907 1928 963 1951 ιιι.
975 1922 1008 1952 2.
1055 1919 1086 1951 N
1090 1927 1130 1950 ec
1143 1918 1248 1950 solum
1264 1917 1299 1949 id
1315 1917 1349 1949 in
1365 1916 1609 1949 obsecrationi-

910 1970 972 2002 bus
985 1970 1125 2002 solenne
1140 1973 1229 2009 erat,
1242 1967 1303 2000 sed
1321 1971 1358 2000 et
1373 1967 1416 1999 de
1434 1977 1471 1999 re
1486 1976 1610 2009 magna

907 2020 1019 2061 aliqua
1024 2019 1174 2061 juraturi
1186 2018 1314 2059 templa
1324 2017 1477 2057 adibant,
1487 2018 1606 2049 tactis·

908 2079 975 2112 que
1003 2071 1070 2102 aris
1094 2068 1322 2110 jurejurando
1353 2077 1390 2099 se
1415 2068 1608 2108 obstringe-

907 2120 1003 2153 bant.
1026 2119 1117 2151 Plin.
1131 2128 1173 2150 u.
1186 2121 1216 2149 7.
1235 2118 1325 2149 Torr.
1356 2117 1508 2148 Immanis
1521 2126 1609 2148 uram

906 2170 936 2202 si
949 2170 1060 2210 tetigit
1073 2168 1197 2209 mnus]
1214 2167 1377 2198 Immunis
1389 2175 1520 2207 manus,
1535 2166 1610 2197 sine

908 2219 1026 2260 dubio,
1057 2222 1112 2250 est
1137 2226 1246 2250 vacua
1269 2225 1424 2255 munere,
1456 2225 1522 2247 non
1550 2216 1610 2246 im-

909 2269 1020 2302 munis
1045 2279 1066 2300 a
1092 2268 1242 2300 scelere:
1264 2275 1410 2308 sequens
1432 2266 1521 2297 enim
1537 2275 1612 2296 ver-

909 2329 966 2350 sus
982 2318 1187 2350 sententiam
1210 2317 1424 2348 Platonicam
1440 2316 1611 2354 continet,

911 2373 1126 2407 sumptuosas
1151 2366 1308 2398 victimas
1333 2374 1399 2396 non
1424 2374 1499 2396 esse
1523 2367 1609 2404 θερα-

909 2415 1000 2447 πείαν
1012 2416 1177 2450 Deorum,
1192 2414 1252 2446 sed
1267 2413 1444 2445 κολακείαν.
1474 2414 1532 2444 Ita
1547 2413 1610 2453 igi-

912 2472 968 2499 tur
982 2465 1122 2505 accipe:
1145 2473 1265 2495 manus
1280 2473 1400 2500 vacua,
1415 2473 1482 2494 non
1497 2467 1611 2494 autem

911 2515 1013 2553 illius,
1023 2514 1080 2555 qui
1093 2517 1132 2544 ut
1142 2513 1219 2544 Diis
1231 2513 1425 2544 blandiatur
1436 2515 1610 2552 sumptuo-

913 2575 967 2596 sas
989 2572 1104 2594 eorum
1126 2562 1194 2593 aris
1210 2562 1336 2592 hostias
1353 2560 1535 2592 admovet:
1559 2569 1612 2591 sa-

914 2623 973 2646 cra
988 2610 1176 2643 Penatibus
1202 2609 1344 2650 faciem,
1370 2608 1485 2640 litabit
1506 2607 1612 2648 farre,

914 2667 974 2694 aut
988 2661 1054 2692 alio
1070 2658 1258 2701 quamlibet
1284 2657 1377 2688 tenui
1402 2659 1611 2697 munusculo,

913 2711 1003 2754 quod
1017 2710 1058 2742 ab
1073 2709 1184 2740 auimo
1200 2708 1257 2748 pio
1273 2706 1523 2748 proficiscatur.
1547 2708 1609 2739 Ca-

911 2761 1037 2793 saubon.
1083 2758 1235 2790 Immanis
1254 2767 1344 2789 aram
1366 2757 1395 2788 si
1417 2756 1524 2796 tetigit
1546 2766 1610 2788 ma-

914 2810 988 2850 nus]
1009 2809 1045 2841 Si
1069 2812 1126 2841 tua
1140 2817 1257 2840 manus
1274 2805 1428 2838 immunis
1444 2815 1463 2838 a
1479 2807 1609 2839 scelere
