1890 3230
427 292 537 335 1730

424 398 458 427 7.
488 396 599 427 Presta
623 395 700 426 Vat.
724 397 774 426 13.
796 395 910 427 Zarot.
929 399 966 426 et
979 395 1103 427 venet.

425 447 519 476 1509.
543 446 630 476 Iustu
644 444 723 475 Vat.
735 443 785 484 9.]

465 497 507 524 40
528 492 680 529 Insanteis
691 492 825 532 statuas]
846 491 902 524 Sic
917 491 1104 534 ἀφωνότερον

421 540 595 580 ἆνδριάντος
616 541 764 580 γίνεσθαι,
782 542 940 572 Siuesius.
964 542 1103 573 nrt-ent.

422 590 565 627 Infantes
586 590 721 630 statuas]
740 589 877 620 Statuas
902 594 1031 628 mutas;
1054 590 1102 621 in·

420 639 545 679 telligit
571 638 712 670 fortasse
739 637 935 670 infacundos
957 643 1101 678 actores,

421 688 474 718 vel
501 687 635 727 judices
668 687 809 727 ineptos.
851 687 968 727 Pingui
1001 691 1102 719 tentus

419 745 519 766 omaso
534 736 664 777 Furius]
684 736 818 767 Furium
834 736 1030 768 Bibaculum
1043 746 1100 768 no-

419 785 483 815 tari
503 784 640 816 volunt:
665 789 700 816 et
723 786 826 816 multa
841 785 1099 825 reprehensione

404 832 520 874 ‚digna
536 833 578 864 de
593 833 711 865 eodem
723 832 911 864 referuntur
921 833 1008 873 apud
1020 834 1099 864 Gel-

415 882 496 912 lium
511 890 621 913 xvru.
645 884 695 912 11.
717 882 835 922 quibus
854 882 994 913 accedat
1012 883 1098 922 qnod

417 930 553 969 conspui
566 939 585 960 a
594 930 679 962 Jove
687 930 793 969 Alpes
802 929 896 960 dixit.
912 929 1010 962 Quod
1020 939 1099 961 vero

416 981 517 1009 tennes
536 987 636 1010 omaso
659 977 807 1012 additur,
830 977 865 1008 id
889 978 941 1008 vel
956 977 998 1008 ad
1021 978 1098 1008 eda·

416 1026 555 1057 citatem
569 1025 710 1057 hominis
725 1024 949 1066 referendum,
962 1031 1000 1058 ut
1014 1026 1098 1058 illud

416 1074 450 1105 in
467 1074 636 1114 Epistolis,
658 1074 668 1092 ‘
681 1074 820 1105 Putiuas
841 1074 996 1106 coenabat
1009 1084 1097 1105 oma-

415 1122 467 1154 si.¹
498 1123 561 1154 Vel
577 1122 665 1164 quod
680 1122 783 1164 magis
796 1122 910 1159 credo,
921 1122 964 1153 ad
975 1122 1098 1162 ingenii

414 1171 663 1211 pinguedinem.
687 1171 828 1203 Torrent.
859 1171 973 1202 Teutas
985 1171 1099 1211 omaso]

414 1220 590 1252 Distentas
606 1220 781 1260 pinguibus
797 1219 972 1251 intestinis.

454 1271 494 1300 41
520 1269 632 1301 Furius
654 1270 804 1310 hybernus
825 1278 902 1300 cana
928 1269 1000 1300 nive
1025 1278 1096 1300 con·

411 1320 500 1357 spuet
529 1317 638 1357 Alpes]
671 1317 779 1348 Poeta
807 1317 1003 1353 Bibaculus,
1038 1318 1096 1357 qui

412 1375 488 1396 cum
519 1365 667 1397 brumam
694 1365 911 1400 describeret,
938 1365 1096 1396 utebatur

411 1412 474 1444 hoe
491 1423 601 1452 versu,
623 1414 778 1453 ‘Jupiter
799 1413 965 1453 hybernas
987 1412 1096 1451 cana,'

411 1463 474 1493 διο.
515 1461 665 1502 [Spurius
685 1462 829 1494 Chisiau.
842 1464 873 1493 2.
889 1465 925 1492 et
938 1461 1093 1492 vallicel.

410 1511 441 1539 1.
457 1510 593 1549 conspuit
609 1510 688 1541 Vat.
703 1510 752 1549 9.]

451 1559 492 1588 48
518 1557 653 1597 Inquiet]
683 1558 787 1588 Dicet
810 1556 851 1587 de
881 1560 926 1587 te.
971 1556 1014 1587 Ue
1036 1567 1091 1596 ρα-

409 1605 510 1636 tiens?
530 1608 566 1635 ut
594 1605 716 1643 amicis]
746 1606 853 1637 Quam
880 1605 1009 1644 patiens
1039 1611 1092 1636 est

410 1653 548 1692 Ulysses
562 1652 574 1681 ?

449 1702 492 1731 44
517 1700 625 1734 Plures
646 1699 803 1731 annabunt
826 1698 950 1740 thynni]
972 1699 1091 1731 Plures

407 1757 504 1780 senes
518 1748 590 1780 sine
605 1748 719 1779 liberis
734 1747 909 1788 accedent,
932 1757 1007 1788 quae
1023 1753 1090 1779 tuae

407 1797 626 1828 fideicausam
637 1806 728 1827 suam
739 1797 961 1828 committent.
981 1795 1091 1835 Thyn-

406 1846 442 1876 ni
454 1849 530 1876 sunt
545 1845 654 1885 pisces
666 1844 841 1875 admodum
857 1844 996 1883 celeres,
1009 1852 1090 1883 quo·

405 1903 479 1926 rum
500 1894 597 1925 multi
614 1895 791 1934 capiuntur
811 1894 845 1925 in
868 1892 1033 1933 Hispania
1046 1892 1088 1923 ad

405 1943 572 1974 columnas
589 1942 762 1974 Herculis.
783 1941 951 1973 Annabunt
965 1940 1089 1980 chunni]

405 1992 483 2024 Jam
498 1997 577 2023 ante
593 1991 775 2023 monuimus
798 1995 1006 2031 captatorem
1021 1991 1088 2031 pis·

404 2041 510 2072 catori
525 2050 598 2072 esse
611 2041 770 2072 similem:
792 2040 848 2081 qui
856 2040 990 2071 Tiresiae
1004 2049 1088 2079 pra».-

405 2093 508 2128 eepta
533 2093 656 2127 servet,
676 2089 759 2120 tales
783 2088 824 2120 ad
843 2089 958 2119 hasnos
977 2088 1087 2127 plures

403 2136 522 2166 thunni
551 2136 733 2176 confluent,
758 2145 841 2176 quos
868 2141 1030 2175 exceptos
1051 2135 1086 2166 in

402 2183 528 2214 vivaria
558 2184 690 2215 mittat:
719 2193 781 2214 nec
809 2188 936 2214 temere
967 2183 1084 2214 ‘thun-

401 2231 483 2262 nos'
505 2231 664 2269 nominat,
690 2231 814 2270 piscem
840 2229 1084 2270 praegrandem,

405 2284 441 2310 et
461 2279 614 2319 inprimis
631 2279 787 2309 nobilem.
811 2279 902 2310 Torr.
946 2279 991 2308 Et
1003 2281 1084 2309 ceta-

402 2328 452 2358 ria
466 2326 615 2366 crescent]
640 2326 773 2357 Vivaria
797 2331 833 2357 et
857 2326 1008 2366 piscinae,
1028 2326 1085 2357 nbi

402 2378 512 2417 pisces
535 2376 748 2417 praegrandes
773 2377 917 2407 aluntur.
958 2375 1085 2415 [Codd.

402 2426 494 2464 Feae,
503 2424 617 2464 titinni,
629 2425 719 2460 tinni,
733 2425 853 2465 thynni.
897 2425 975 2456 Vat-
990 2424 1085 2458 Rom.

403 2478 436 2506 9.
451 2473 566 2506 cetaria
580 2474 743 2513 crescant]

444 2527 485 2555 ⁴5
513 2523 639 2554 Validis-s
652 2522 744 2562 male]
766 2522 867 2554 Filius
881 2521 1084 2554 valetudina-

402 2572 473 2610 rius
485 2575 521 2603 et
536 2580 650 2611 parum
666 2570 790 2603 firmus.
832 2571 872 2601 In
883 2580 917 2601 re
932 2571 1084 2602 Praeclara

402 2621 536 2652 sublatus
571 2618 686 2657 aletur]
722 2619 915 2650 ‘Sublatum
928 2619 938 2633 ’
977 2623 1084 2658 vocat,

402 2677 501 2709 quem
531 2671 640 2708 pater,
669 2672 707 2698 ut
730 2668 904 2700 Terentius
927 2667 1083 2708 loquitur,

402 2716 555 2747 decrevit
578 2715 717 2747 tollere:
750 2717 843 2747 ‘rem
869 2715 1084 2756 praeclaram’

403 2774 496 2804 vero,
508 2765 634 2796 lautam
649 2769 750 2805 atque
766 2766 919 2806 opimam.
942 2765 1081 2796 Terreni.

881 304 1016 334 NO'rAE
1049 304 1304 336 VARIORUM
1336 304 1387 335 ΙΝ

1193 399 1235 428 46
1258 397 1412 429 Proeclara
1424 397 1560 430 sublatus
1568 398 1684 438 autur]
1697 399 1740 431 Iu
1750 409 1826 433 cen-

1151 454 1189 476 su
1204 447 1313 486 amplo
1327 447 1369 477 ab
1383 446 1526 478 infantia
1537 447 1580 478 ad
1591 448 1735 480 adultam
1749 455 1828 482 nta-

1151 498 1218 526 tem
1235 495 1448 534 producetur.

1190 545 1231 574 4⁷
1255 544 1378 575 Coelibis
1404 543 1588 584 obsequium]
1623 545 1827 588 Obsequium

1149 590 1290 623 hominis
1317 592 1390 624 sine
1412 592 1535 625 liberis.
1578 593 1684 626 Nndet
1708 595 1752 636 te]
1774 596 1828 627 Ne

1149 638 1313 672 fallaciam
1342 646 1432 673 tuam
1462 641 1592 682 prodat.
1617 642 1768 689 ,Leniur
1794 644 1828 675 in

1147 687 1245 727 spem]
1267 688 1407 728 Sensim,
1428 694 1464 720 et
1489 689 1647 730 paulatim
1669 690 1736 722 tuis
1757 690 1827 723 offi-

1149 739 1209 770 ciis
1219 739 1402 772 demerere.
1425 739 1524 780 [Tres
1535 739 1634 771 codd.
1642 740 1731 780 Feoe,
1743 741 1827 773 iudet

1147 790 1178 818 le
1188 797 1201 824 ;
1224 788 1267 819 al.
1281 787 1367 819 ludat
1381 791 1423 819 te.
1453 788 1603 819 Vallicel.
1620 790 1649 819 1.
1663 788 1784 830 leniam]

1187 837 1229 866 48
1250 836 1384 876 Arrepe]
1412 835 1537 875 Ἧσύχφ
1563 835 1646 876 ποδὶ,
1672 836 1735 867 hoc
1760 842 1825 876 est,

1147 884 1240 914 tacito
1264 886 1339 924 pede
1360 889 1396 916 et
1415 884 1551 922 cautim,
1564 884 1740 925 multisque
1754 885 1824 916 offi-

1146 930 1207 960 ciis
1223 939 1298 961 eum
1313 931 1476 961 demereri
1490 931 1598 970 stude,
1609 941 1675 972 quo
1689 941 1825 972 sperare

1147 978 1252 1018 possis
1267 983 1302 1009 te
1312 978 1477 1009 boeredem
1488 978 1659 1017 languenti
1667 979 1736 1010 filio
1746 980 1825 1011 sub—

1146 1027 1300 1057 stitutum
1315 1026 1399 1057 fore.
1424 1026 1518 1065 Cruq.
1562 1025 1701 1058 Scribere
1720 1036 1824 1059 seeun-

1145 1075 1201 1105 dns
1213 1074 1330 1113 Heres]
1352 1074 1429 1106 Hoc
1449 1074 1459 1092 ‘
1469 1073 1672 1104 substituere
1682 1073 1692 1088 '
1705 1079 1827 1106 vocant

1143 1122 1236 1162 JCti,
1261 1123 1356 1163 primi
1379 1121 1510 1154 scilieet
1534 1121 1678 1152 heredis
1698 1123 1784 1161 loco,
1798 1124 1826 1154 si

1145 1172 1374 1204 baereditatem
1400 1180 1466 1203 non
1491 1170 1623 1210 adierit,
1652 1171 1753 1202 alium
1776 1171 1826 1202 in-

1145 1222 1296 1253 stituere.
1339 1221 1434 1252 Suet.
1463 1220 1615 1251 Caesare:
1645 1219 1715 1251 ⁴1).
1739 1220 1824 1251 Bru—

1145 1275 1214 1301 tum
1228 1271 1328 1301 etism
1345 1270 1378 1300 in
1395 1268 1548 1300 secundis
1566 1268 1745 1300 heredibus
1765 1278 1823 1300 no-

1142 1318 1301 1351 minavit?
1341 1319 1386 1350 Et
1405 1319 1467 1350 boc
1486 1319 1596 1358 ipsum
1617 1322 1669 1348 est
1690 1317 1745 1348 ‘in
1769 1327 1825 1348 va-

1143 1377 1241 1399 cuum
1267 1367 1405 1403 venire.’
1434 1371 1608 1399 vacantem
1632 1365 1762 1398 scilicet
1783 1375 1823 1397 ac

1142 1416 1314 1456 caducam,
1340 1417 1417 1457 quia
1450 1415 1572 1455 primus
1605 1415 1701 1446 heres
1730 1414 1823 1445 adire

1144 1466 1194 1495 vel
1217 1466 1332 1504 noluit,
1356 1466 1409 1495 vel
1432 1472 1498 1494 non
1517 1462 1638 1503 potuit.
1657 1462 1822 1493 beredita—

1142 1516 1208 1542 tem
1224 1521 1402 1552 occupare.
1427 1512 1567 1543 Torrent-
1591 1510 1686 1550 [Vat-
1701 1512 1730 1541 1.
1743 1510 1820 1540 Val-

1140 1558 1229 1590 licel.
1245 1562 1275 1589 1.
1291 1564 1327 1590 et
1341 1559 1398 1589 ed.
1412 1559 1568 1598 Gryphii,
1581 1562 1612 1589 et
1632 1558 1693 1598 ut]

1180 1610 1223 1639 49
1244 1607 1356 1648 Heres,
1369 1611 1400 1638 et
1413 1607 1441 1637 si
1456 1606 1538 1646 quis]
1562 1606 1646 1638 Filio
1661 1607 1819 1647 lauguen-

1141 1654 1168 1684 ti
1190 1655 1401 1686 substitutus.
1442 1655 1554 1693 Egerit
1577 1655 1671 1695 Orco]
1690 1655 1726 1686 Si
1749 1657 1822 1697 quis

1139 1710 1235 1732 casus
1249 1702 1291 1733 ad
1305 1706 1446 1732 mortem
1459 1710 1596 1741 puerum
1613 1702 1820 1742 perduxerit.

1140 1750 1297 1790 [Cuniug.
1310 1750 1340 1781 si
1360 1750 1422 1790 qui.
1463 1749 1617 1781 Vanicel.
1645 1753 1676 1781 1.
1696 1756 1821 1791 arroget

1137 1798 1234 1838 orem]

1178 1849 1220 1877 50
1245 1847 1283 1879 In
1297 1856 1422 1878 vacuum
1433 1847 1551 1887 venias]
1574 1846 1615 1878 In
1627 1847 1737 1880 locum
1751 1848 1818 1880 bae-

1137 1894 1218 1925 rede
1235 1903 1382 1926 vacuum.
1424 1895 1559 1926 Petram
1572 1895 1635 1926 hoec
1643 1896 1818 1937 aleasallit]

1138 1942 1283 1974 Perraro
1296 1944 1351 1975 hic
1364 1949 1504 1976 eventus
1518 1943 1706 1978 frustratur.
1738 1947 1819 1978 Haec

1134 1990 1215 2030 alea]
1235 1991 1344 2022 Aleum
1357 2001 1417 2032 pro
1437 1990 1590 2033 aucupio,
1604 2002 1662 2024 seu
1677 1999 1819 2035 captura

1135 2040 1233 2071 dixit.
1263 2040 1327 2071 Vel
1341 2040 1384 2072 de
1399 2041 1537 2081 ancipiti
1555 2050 1666 2073 rerum
1681 2048 1817 2080 eventu,

1134 2088 1286 2120 nimirum
1302 2089 1356 2120 ubi
1380 2098 1432 2120 res
1451 2098 1519 2121 nou
1532 2099 1575 2121 ex
1590 2090 1727 2124 arbitrio
1741 2100 1816 2124 nos-

1134 2140 1199 2175 tro,
1213 2137 1274 2167 sed
1297 2146 1318 2167 a
1340 2136 1476 2168 fortuna
1498 2136 1680 2178 dependet.
1721 2139 1817 2179 [Vnt.

1132 2183 1227 2214 Rom.
1241 2186 1271 2215 3.
1281 2189 1318 2214 et
1332 2184 1486 2223 Angelic.
1498 2185 1652 2223 affluet,-
1674 2186 1770 2219 Vatt.
1784 2190 1804 2218 7
1809 2209 1818 2220 .

1133 2232 1184 2261 12.
1196 2235 1231 2262 et
1246 2230 1398 2270 Angelic.
1413 2233 1444 2263 1.
1459 2231 1564 2272 ludin]

1173 2281 1212 2309 51
1253 2279 1315 2314 Qui
1348 2280 1575 2320 testamentum]
1613 2281 1813 2324 Quicunque

1133 2330 1283 2358 testator.
1326 2327 1388 2357 Est
1401 2328 1537 2358 Tmesis.

1173 2377 1214 2405 52
1235 2374 1393 2414 Abnuere]
1415 2375 1597 2409 Recusare.
1624 2377 1670 2408 Et
1679 2378 1812 2419 ubam]

1130 2423 1275 2455 Tabulas
1291 2424 1495 2455 testamenti.

1172 2477 1212 2505 63
1239 2474 1283 2505 Ut
1293 2474 1376 2505 limis
1385 2474 1503 2514 rapias]
1525 2473 1573 2505 Ut
1582 2474 1722 2516 obliquis
1734 2485 1812 2508 ocu-

1131 2523 1171 2553 lis
1206 2523 1375 2564 inspicias.
1426 2523 1508 2559 Quid
1535 2522 1638 2564 prim
1665 2525 1811 2566 ummo]

1132 2571 1222 2604 Quid
1249 2571 1356 2612 prima
1380 2571 1494 2603 tabula
1521 2575 1646 2608 cerata,
1669 2571 1724 2613 (id
1745 2578 1810 2614 est,

1130 2619 1255 2659 primus
1270 2629 1381 2651 versus
1401 2620 1436 2650 in
1449 2629 1514 2660 quo
1528 2618 1738 2652 scribebatur
1752 2630 1810 2652 nn-

1130 2678 1204 2700 men
1221 2668 1410 2711 testatoris)
1425 2669 1504 2700 velit
1525 2669 1559 2700 in
1572 2669 1719 2703 seeundo
1735 2680 1807 2702 ver-

1129 2726 1180 2757 su,
1199 2717 1234 2748 id
1254 2721 1318 2756 est,
1333 2727 1430 2759 quem
1450 2717 1612 2749 baeredem
1628 2718 1806 2750 constitue-

1129 2767 1173 2798 rit
1188 2771 1339 2799 testator.
1382 2766 1492 2798 Prima
1503 2768 1629 2799 secundo
1642 2768 1721 2799 Cera
1733 2767 1808 2798 velit
