1916 3262
439 319 647 352 HORATH
679 318 953 350 caumana
989 319 1084 349 Lis.
1117 318 1188 348 111.
1219 307 1262 348 9.

135 423 282 465 priorem
298 423 424 463 vincat,
432 425 518 454 utet
529 431 548 453 a
559 420 701 452 Marone
714 419 834 460 Eclog.

137 482 206 504 vn.
221 473 276 506 cui
301 472 422 504 titulus
441 471 453 490 ‘
465 467 668 502 Meltbaeuse
710 468 835 500 Obiter

137 528 173 555 et
187 524 251 556 hoc
263 522 419 563 monebo,
431 519 676 563 probatissima²
689 523 781 550 notae
796 519 834 550 li·

135 572 216 605 bros
233 573 358 604 Lidium
370 580 503 612 semper
519 569 668 602 scribere
686 579 747 610 per
761 569 787 607 i,
800 573 836 600 et

138 622 235 654 Clozn
249 622 320 653 sine
335 620 553 661 aspiratione.
574 618 720 650 Torrent.
767 619 834 650 Do-

136 672 208 713 nec]
228 671 410 705 Quamdiu.

178 723 200 752 2
222 720 292 752 Nec
304 719 479 760 qaisquam]
495 718 605 751 Quem
623 717 727 758 pluris
743 716 836 749 face-

138 779 206 802 res.

178 823 199 850 4
227 818 338 858 Vigai]
362 816 491 856 Flet-ui,
506 817 587 848 vixi.

179 873 198 899 5
223 869 298 900 Non
311 868 407 900 ulium
419 867 538 908 magis]
561 867 693 899 Mureti
719 866 839 908 editio,

134 928 195 950 non
207 919 271 951 ulia
282 919 404 958 magis,-
426 917 486 949 sed
508 924 644 949 veteres
670 922 706 948 et
722 917 838 949 melio·

94 998 100 1003 ,
135 977 190 999 res
212 972 303 1000 uotae
326 967 473 1004 codices,
502 967 599 999 alium
621 968 760 1008 legunt3
789 973 840 1008 ut,

138 1018 148 1036 ‘
162 1018 310 1050 Coridon
337 1017 483 1049 ardebat
498 1017 650 1048 Alexin.’
694 1018 770 1049 Nee
787 1027 839 1049 re-

137 1066 310 1108 fertquod
333 1067 428 1106 alibi,
451 1071 461 1086 ⁸
474 1066 596 1098 ardere
614 1066 745 1107 virgine
762 1076 840 1108 rap·

137 1114 199 1156 ta,'
212 1115 299 1146 dixit
314 1115 500 1154 Horatius;
524 1125 601 1147 nam
617 1116 691 1156 ipsa
707 1115 764 1146 illa
781 1125 837 1146 va-

138 1165 244 1197 rietas
259 1165 386 1197 decora
396 1170 448 1196 est
462 1177 471 1197 ι
488 1171 524 1197 et
537 1165 682 1197 Ovidius
697 1166 708 1183 ‘
719 1166 839 1197 ardere

138 1215 173 1246 iu
190 1214 343 1256 virgiue’
366 1215 482 1246 dicere
497 1215 631 1246 maluit.
656 1215 746 1246 Torr.

180 1268 202 1296 6
222 1264 361 1305 Arsisti]
395 1264 568 1298 Quamdiu
591 1273 659 1296 non
696 1264 839 1295 alienam

138 1315 246 1356 magis
263 1315 396 1347 amasti.
442 1315 552 1355 Neque
565 1317 634 1346 erat
650 1314 755 1356 Lydia
771 1318 841 1354 post

141 1365 272 1405 Chloen]
295 1365 418 1405 Neque
443 1369 519 1395 erat
546 1364 652 1404 Lydia
667 1364 775 1394 minus
790 1364 842 1394 di·

137 1414 230 1446 lecta
245 1421 346 1454 quam
370 1412 491 1451 Chloe,
513 1413 566 1442 vel
583 1421 693 1452 neque
709 1411 840 1445 0111οὲ11

101 1466 105 1468 ’
137 1462 218 1494 1111111
234 1461 480 1502 anteponebas.
506 1460 675 1501 [Guelph.
690 1470 746 1492 nec
759 1465 840 1493 erat.

136 1511 334 1544 Markland.
348 1521 404 1553 ap.
425 1511 545 1552 Jaeck‚
566 1520 663 1552 neque
677 1520 762 1543 erum
775 1511 840 1552 Ly·

180 1614 201 1643 7
223 1611 326 1643 Multi
339 1611 445 1652 Lydia
458 1610 610 1652 nominis]
635 1611 710 1652 Ego
737 1610 843 1652 Lydia

137 1669 268 1701 magnas
283 1659 395 1692 famae.

182 1713 203 1741 8
227 1710 370 1742 Romana
391 1710 508 1742 clarior
532 1711 614 1751 Ilia]
640 1711 842 1751 Quanquam

142 1759 232 1791 enim
247 1769 389 1801 maguus
414 1759 485 1799 ille,
499 1761 557 1801 qui
582 1769 699 1800 regem
726 1769 844 1800 regum

141 1818 178 1840 se
194 1809 378 1846 scrihebat,
390 1814 429 1840 ut
437 1809 622 1845 Persarum
636 1819 696 1840 rex
711 1820 721 1848 ς
739 1814 774 1840 at
787 1810 846 1840 illa

141 1858 249 1889 multo
264 1857 372 1898 major
383 1867 459 1898 quae
470 1858 597 1888 Martis
613 1858 754 1898 dignata
767 1867 846 1889 con-

143 1906 276 1946 cubitu,
284 1905 427 1938 Romaui
440 1907 585 1938 nominis
596 1913 769 1939 auctorem
786 1917 846 1948 pe-

144 1954 250 1996 perit,
265 1960 302 1987 et
317 1956 424 1987 relata
439 1955 529 1988 inter
540 1956 730 1997 Nymphas,
744 1956 845 1988 Tibe·

146 2005 194 2037 ris
218 2015 305 2037 uxor
321 2006 434 2037 vocari
458 2006 640 2043 meruerit3
663 2005 706 2036 de
731 2014 796 2046 qua
820 2014 845 2037 1.

147 2055 217 2087 od.
245 2057 279 2086 2.
309 2055 457 2086 ror-rent.
502 2054 581 2095 Ilia]
611 2054 746 2086 Romuli
775 2065 847 2086 ma·

146 2108 211 2135 tre.

188 2156 210 2185 9
232 2152 366 2185 Thressa
382 2152 495 2192 Chloe]
518 2153 596 2184 Duo
624 2152 704 2184 libri
735 2154 847 2185 Cressa

144 2204 297 2243 habeut3
317 2209 355 2236 ut
382 2204 532 2236 ‘Cressa
556 2214 663 2246 genus
692 2204 848 2244 Pholo&

147 2253 237 2295 apud
267 2253 367 2294 Virg.
398 2254 476 2286 AEn.
499 2263 535 2286 v.
574 2254 735 2296 Optimus
766 2264 847 2286 vero

150 2303 274 2340 Trem,
284 2303 356 2334 sine
366 2303 586 2345 aspiratione,
596 2309 635 2335 ut
646 2305 656 2322 ‘
669 2303 773 2336 Trex’
784 2313 847 2344 pro

147 2353 158 2370 ⁸
169 2352 304 2384 Thrax'
315 2362 384 2384 non
399 2362 467 2384 uuo
484 2353 621 2395 Horatii
636 2354 724 2384 loco.
748 2353 848 2385 Grae·

150 2402 183 2433 ei
199 2411 281 2433 saue
296 2407 332 2434 et
346 2402 427 2444 Θρῄξ
440 2402 559 2434 dicunt
575 2407 611 2434 et
625 2402 730 2443 Θρηῒξ,
746 2407 849 2444 atque

150 2451 283 2491 Θρῇσσα
317 2457 354 2482 et
389 2449 541 2491 Θρηΐσσα.
606 2452 680 2482 Nos
715 2461 849 2493 quoque

151 2498 162 2515 ‘
176 2499 360 2531 'thracius’
375 2503 412 2531 et
426 2503 437 2518 ‘
447 2500 651 2539 Threicius:
665 2502 675 2518 ⁴
686 2501 850 2532 Thressa'

152 2551 190 2579 et
205 2547 216 2565 ‘
226 2546 412 2580 Threissa)
428 2548 570 2580 Tan-ent.
601 2549 733 2581 Thressa
743 2549 852 2591 Chloe]

154 2596 261 2628 Chloe
275 2606 318 2628 ex
328 2597 470 2628 'Thracia
484 2597 565 2629 mihi
579 2598 738 2640 imperat,
747 2604 783 2631 et
796 2609 851 2631 me

153 2646 268 2678 habet.
311 2645 385 2687 [Me
397 2656 481 2679 nunc
499 2647 612 2679 animoe
632 2649 782 2680 nonnulli
798 2658 852 2690 ap.

154 2696 294 2737 sacch]

199 2750 240 2778 10
262 2747 391 2788 Medos]
413 2747 556 2779 Musicae
573 2756 739 2779 numeros.

200 2799 241 2829 12
264 2796 303 2828 Sa·
315 2801 444 2838 parcent
457 2797 585 2838 animoe]
605 2798 639 2830 Si
655 2807 728 2829 mea
742 2802 852 2830 morte

158 2854 331 2887 assequar,
345 2851 383 2879 ut
397 2847 442 2879 sit
456 2846 538 2880 mihi
553 2852 725 2889 superstes
739 2858 749 2886 ;
771 2856 852 2888 qua·

1475 310 1587 351 1455

881 418 908 450 si
926 418 1072 459 diceret,
1083 418 1214 450 (3111οὲ11
1231 419 1350 450 antmae
1367 428 1437 450 suae
1454 428 1528 451 esse
1539 421 1588 453 di-

881 467 1037 501 midium.

926 521 966 550 13
990 518 1047 550 Me
1062 522 1162 550 torret
1167 518 1244 556 sace
1257 519 1380 560 mutua]
1402 518 1500 550 Ordo
1517 524 1589 550 est:

884 567 996 599 Calais
1011 568 1100 599 filius
1110 569 1247 599 Thurini
1262 569 1400 600 Ornithi
1416 573 1524 600 torret
1537 578 1590 599 me

884 617 962 650 face
978 625 1108 659 mutua,
1123 619 1156 650 id
1180 623 1246 657 est,
1268 629 1382 651 amore
1398 624 1516 651 mutuo
1533 629 1586 650 me

888 668 966 699 urit.

930 720 968 749 14
993 717 1115 758 Calais]
1139 717 1186 749 At
1203 718 1291 750 bona
1307 718 1372 750 ista
1387 718 1493 760 Lydia
1509 718 1590 750 alibi

886 767 1093 808 ‘Sybarim‚'
1119 768 1198 799 alibi
1230 769 1333 799 etiam
1357 768 1564 808 ‘Telephum
1582 768 1590 779 ‘

887 823 978 850 amat
994 828 1004 856 ;
1021 818 1049 849 si
1065 818 1165 849 modo
1182 818 1301 849 eadem
1315 823 1381 856 est,
1396 827 1471 860 quae
1486 827 1512 850 1.
1524 818 1592 850 Od.

886 870 917 900 8.
927 872 963 900 et
973 870 1026 899 13.
1049 868 1236 909 Telephum
1254 877 1335 899 saue
1353 868 1488 900 Horatii
1504 869 1591 899 riva-

885 918 952 950 lem
978 917 1083 949 fuisse
1110 922 1256 950 constat.
1279 919 1421 950 Torrent.
1470 918 1594 958 Calais]

888 967 998 1000 Calais
1012 974 1064 999 est
1079 977 1202 999 nornen
1220 968 1379 1007 amantis,
1393 967 1452 1009 qui
1467 967 1534 1000 fuit
1549 977 1591 999 ex

887 1017 1017 1048 Thur-io
1033 1017 1188 1057 civitate,
1202 1018 1236 1048 in
1253 1018 1328 1049 sinu
1341 1017 1549 1049 Tarentino.

934 1070 971 1099 15
996 1067 1063 1098 Pro
1078 1078 1136 1108 quo
1151 1068 1199 1098 bis
1209 1068 1318 1108 patiar
1331 1067 1428 1110 fuori]
1446 1068 1593 1099 Moritu-

890 1127 962 1149 rum
978 1126 1014 1148 se
1035 1127 1097 1158 pro
1113 1117 1230 1148 amicae
1247 1118 1356 1149 salute
1372 1118 1505 1148 dixerat
1520 1117 1596 1148 Ho-

890 1167 997 1198 ratius
1012 1177 1022 1198 ε
1039 1173 1075 1198 at
1089 1166 1213 1207 Lydia,
1228 1171 1358 1198 tantum
1377 1166 1473 1198 abest
1488 1171 1525 1198 ut
1539 1176 1593 1198 ce—

891 1217 965 1257 dat,
981 1217 1036 1248 bis
1059 1217 1258 1248 morituram
1285 1226 1322 1248 se
1349 1215 1544 1257 profitetur,
1566 1216 1594 1247 si

891 1277 932 1299 ea
947 1267 1080 1298 ratione
1097 1267 1209 1298 Calais
1232 1266 1283 1297 sui
1306 1267 1410 1298 vitam
1426 1266 1595 1297 redimere

891 1315 1012 1357 possit.
1043 1316 1153 1357 quue
1171 1321 1322 1347 veterum
1340 1315 1596 1356 superstitione,

891 1375 956 1407 qua
971 1375 1007 1397 se
1021 1375 1083 1406 pro
1100 1367 1241 1397 aliorum
1253 1366 1322 1397 vita
1334 1366 1435 1397 morti
1449 1366 1597 1396 devove-

891 1414 984 1446 bant.
1017 1414 1086 1446 Adi
1104 1414 1250 1446 Sueton.
1264 1415 1434 1456 Caligula,
1450 1424 1528 1456 cap.
1541 1417 1593 1445 14.

894 1463 1036 1496 Torreat.

935 1516 976 1545 16
999 1514 1104 1546 Puero
1111 1513 1188 1553 fata
1203 1514 1380 1555 superstiti]
1395 1514 1429 1545 Si
1443 1512 1594 1545 futurum

892 1568 957 1604 est,
968 1568 1006 1595 ut
1022 1563 1067 1595 sit
1081 1567 1268 1604 superstes.
1311 1564 1347 1595 Si
1363 1562 1464 1595 ruodo
1478 1562 1550 1595 fata
1565 1563 1596 1594 ei

892 1622 1034 1655 parcere
1060 1613 1181 1652 velint,
1198 1619 1234 1644 ut
1251 1612 1333 1644 mihi
1351 1613 1395 1645 sit
1410 1618 1597 1655 superstes.

892 1663 1002 1704 Steph.
1048 1662 1168 1703 Puero]
1190 1663 1295 1695 Calai.

937 1717 977 1745 17
1003 1714 1101 1754 Quid,
1115 1714 1145 1745 si
1155 1715 1272 1754 prisca,
1284 1713 1354 1754 fisa]
1378 1713 1447 1745 Hic
1460 1713 1537 1744 vide
1553 1723 1596 1744 ex

892 1768 1012 1794 mutuo
1028 1763 1200 1803 colloquio
1216 1764 1339 1794 amoris
1358 1762 1597 1803 redintegrati-

894 1821 1007 1852 onem,
1021 1811 1254 1853 scintillasque
1269 1822 1332 1852 per
1347 1812 1598 1843 aemulationem

896 1860 1092 1891 reconditas
1102 1860 1195 1891 exire
1207 1861 1242 1892 in
1253 1867 1404 1901 apertam
1416 1860 1598 1893 flammam.

896 1909 1010 1940 Prisca
1029 1908 1148 1949 Venus]
1170 1910 1234 1940 Est
1249 1909 1440 1941 intermissa
1455 1910 1597 1949 Venus;

896 1965 931 1990 et
956 1959 1004 1991 sic
1019 1958 1115 1990 dicta
1130 1958 1174 1990 ob
1190 1959 1313 1991 amoris
1336 1959 1598 2001 impatientiam,

897 2009 989 2050 cujus
1015 2008 1222 2040 intermissio
1253 2009 1431 2041 brevicula
1462 2010 1599 2042 videtur

895 2057 1023 2089 amanti
1059 2058 1232 2090 saeculum.
1268 2059 1365 2099 Cruq.
1433 2059 1519 2094 Quid
1554 2058 1598 2099 si]

896 2106 1002 2146 Quid,
1017 2107 1044 2137 si
1061 2107 1177 2138 Venus
1194 2107 1387 2138 intermissa
1402 2108 1505 2147 redit,
1522 2116 1597 2139 nos·

896 2166 962 2198 que
978 2156 1150 2188 discordes
1163 2157 1300 2197 copulat
1312 2157 1399 2197 jugo
1411 2157 1552 2196 aheneo,
1565 2157 1598 2189 id

896 2211 962 2246 est,
990 2215 1106 2238 amore
1135 2205 1363 2237 indissolubili
1380 2207 1392 2238 ?
1429 2206 1537 2248 [Quod
1566 2208 1594 2238 si

897 2255 998 2287 codd.
1016 2265 1071 2296 ap.
1086 2255 1226 2295 saecla]

941 2307 982 2337 18
1003 2305 1176 2346 Diductos]
1203 2306 1376 2346 Divulsos‚
1401 2305 1601 2347 diremptos,

899 2355 1084 2387 discordes,
1111 2354 1256 2386 Lambin.
1311 2356 1399 2396 Jugo
1419 2357 1502 2396 cogit
1528 2357 1599 2388 ahe-

898 2404 970 2444 neo]
1015 2403 1094 2434 Hoc
1117 2408 1186 2443 est,
1222 2404 1360 2444 sejuges
1398 2405 1598 2446 conjugare.

899 2452 1000 2486 Quod
1015 2457 1128 2483 autem
1143 2452 1236 2483 aeneo
1257 2452 1353 2484 addit
1377 2453 1500 2492 Poeta,
1527 2454 1599 2485 diu-

900 2502 1099 2533 turnitatem
1124 2501 1306 2541 siguificat,
1332 2507 1370 2534 ut
1399 2512 1424 2535 1.
1451 2503 1519 2534 Od.
1545 2506 1600 2535 33.

902 2551 979 2583 Hoc
1004 2555 1133 2582 tautum
1155 2551 1312 2590 interest,
1326 2551 1415 2592 quod
1432 2551 1480 2582 ibi
1494 2552 1598 2583 etiam

900 2600 1050 2632 moribus
1064 2600 1224 2640 impares,
1234 2601 1371 2631 Venere
1383 2601 1431 2631 sic
1449 2601 1599 2642 volente,

901 2650 1024 2682 amoris
1051 2649 1186 2680 viuculo
1210 2649 1375 2690 expedire
1401 2656 1596 2691 nequeunt:

900 2700 955 2732 hic
971 2699 1014 2730 de
1038 2703 1206 2740 perpetua
1219 2697 1363 2739 quadam
1379 2701 1598 2732 consensione

902 2750 1026 2781 amoris
1042 2748 1164 2788 agitur.
1190 2747 1333 2779 Torreat.

944 2801 986 2830 19
1008 2797 1180 2829 Excutitur
1196 2794 1306 2838 Chloe]
1331 2797 1435 2840 Quid,
1450 2799 1477 2832 si
1491 2799 1596 2833 Chloe*

902 2847 1041 2887 ejicitur
1056 2856 1075 2878 e
1093 2852 1233 2888 pectore
1245 2846 1342 2879 meo?
