1930 3204
456 277 662 310 nonam
696 277 973 308 οΑηΜιΝυΜ
1010 279 1104 308 ms.
1139 279 1204 307 ιν.
1234 269 1277 308 5.

184 369 199 398 1
224 367 320 399 Divis
333 372 402 400 orte
416 368 518 409 bonis]
534 367 613 400 Hoc
627 367 681 398 vel
697 367 740 398 ob
753 375 833 406 gen·

139 415 182 447 tis
195 416 311 457 Juliae,
325 419 381 449 cni
395 418 579 459 adoptione
601 417 748 448 insertus
764 415 833 447 Au-

139 469 276 506 gustus,
303 466 441 498 ductam
469 477 488 498 a
507 468 642 499 Venere
668 466 834 506 originem

139 513 238 552 dicit,
261 516 314 546 vel
331 516 374 547 ob
399 516 480 547 Divi
499 515 582 548 Julii
607 515 835 547 consecratio-

139 572 231 604 nem,
244 563 351 606 (uude
369 566 426 596 illa
442 564 601 606 frequens
622 564 696 605 ejus
711 564 836 595 numis-

138 618 267 645 matum
278 614 634 655 inscriptio,Caes.Aag.
642 614 709 645 divi
713 612 838 655 filius.)

139 662 194 693 vel
214 662 361 704 denique
384 663 473 704 quod
488 662 658 704 Apollinis
677 662 765 694 filius
787 662 838 694 vi·

140 712 216 744 deri
241 714 370 745 voluit:
395 713 439 744 de
464 722 530 754 quo
554 722 580 744 1.
605 713 672 744 Od.
693 716 726 745 2.
761 714 837 745 Tor·

139 765 222 794 reat.
263 762 358 794 Divis
381 766 447 793 orte
474 762 575 803 bonis]
594 763 696 795 Divis
724 762 838 803 propi-

140 811 213 851 tiis,
227 815 263 842 et
279 811 432 843 benificia
454 817 542 844 orte.
588 812 747 854 Romuzae]
772 813 837 844 Ro-

139 869 264 900 mnuae,
279 871 300 892 a
315 861 459 894 Romulo
475 863 590 894 Rome
604 864 794 895 conditore.

181 913 203 942 2
224 910 369 942 Romula,-
385 912 498 943 Custos
508 913 626 953 gentis]
641 913 709 944 Sex
719 913 840 953 optimi

141 959 242 993 codd.
258 960 387 992 liabent
399 962 570 994 Romiileoe.
593 962 660 994 Sed
677 967 686 980 ¹
699 962 843 993 Romula

142 1009 267 1041 tellus’
290 1010 394 1042 etiarn
424 1012 520 1051 Virg.
545 1011 646 1050 dixit,
670 1016 706 1042 ut
731 1012 842 1042 ‘Dar-

143 1058 232 1089 dana
262 1059 379 1098 arma‚’
413 1061 595 1093 ‘Dardana
621 1060 755 1101 pubes‚’
775 1063 842 1093 &c-

143 1108 288 1140 Romuloe
303 1114 415 1141 autem
437 1111 545 1149 gentis
566 1113 721 1143 custodem
744 1116 844 1143 vocat

145 1157 330 1200 Caesarem,
345 1163 384 1190 ut
404 1160 414 1175 ‘
428 1161 537 1200 gentis
558 1161 714 1191 humanae
730 1165 844 1192 custo-

145 1207 241 1239 dem’
254 1207 365 1249 ipsum
380 1209 515 1248 Jovem,
531 1219 556 1241 1.
574 1210 642 1242 Od.
657 1213 708 1241 12.
733 1211 846 1242 Custos

146 1257 236 1288 enim
265 1266 286 1288 a
315 1267 397 1289 cura
427 1258 583 1290 derivant
610 1260 846 1292 Grammatici-

144 1305 194 1337 At
206 1306 322 1347 populi
338 1317 421 1338 cura
436 1308 478 1338 ad
494 1309 684 1348 principem
700 1313 845 1348 spectat.

146 1356 263 1388 Quare
287 1360 323 1387 et
345 1355 490 1395 φύλακας
515 1357 676 1397 peculiari
701 1357 846 1398 quiadam

145 1405 276 1436 ratione
293 1404 394 1435 Plato
409 1410 511 1437 vocat
534 1406 708 1447 principes
724 1416 763 1438 ac
779 1416 846 1438 ma·

149 1453 327 1494 gistratus.
353 1454 498 1486 Torrent.

187 1506 208 1534 3
231 1503 368 1536 Patr-um
396 1505 512 1536 Sancto
534 1505 678 1545 concilio]
702 1506 774 1537 Pro
797 1516 847 1538 se—

146 1557 252 1584 natu:
277 1563 378 1594 quem
407 1559 445 1585 ut
468 1554 610 1591 Noster,
633 1556 680 1586 sic
702 1559 738 1587 et
753 1556 847 1596 Virg-

147 1603 348 1635 ‘sanctum’
388 1610 486 1636 vocat
517 1605 650 1637 AEneid.
681 1615 707 1637 1.
740 1605 850 1638 ‘Jura

147 1653 433 1695 magistratusque
471 1655 588 1695 legunt
626 1660 849 1696 sanctumque

148 1701 341 1735 Senatum.’

192 1754 214 1783 4
235 1751 352 1784 Sancto
377 1753 517 1792 concilio,
547 1753 632 1793 redi]
652 1753 778 1783 Sancto
800 1762 851 1783 se·

151 1806 308 1833 natorum
321 1802 438 1833 coetui.

194 1853 214 1880 5
238 1850 353 1881 Lucem
380 1851 490 1890 redde]
516 1850 548 1881 Ο
577 1851 664 1882 bone
687 1850 853 1892 Auguste,

154 1898 260 1930 redde
273 1903 309 1929 te
326 1899 460 1939 patrias,
475 1899 530 1929 cui
546 1899 604 1930 lux
621 1909 669 1930 es.

196 1949 219 1978 6
241 1947 349 1978 Instar
366 1947 448 1979 veris
472 1948 553 1979 enim
570 1948 687 1988 vultus]
709 1947 854 1982 Quando

154 1996 269 2028 vultus
298 1997 446 2027 tuus'ad
474 1997 729 2029 similitudinem
754 1997 854 2028 Veris

155 2044 323 2078 affulserit
346 2047 486 2086 populo,
516 2047 624 2087 major
645 2053 700 2078 est
721 2046 851 2078 dierum

153 2095 332 2127 serenitas.

196 2147 218 2175 8
240 2145 285 2176 Et
302 2145 391 2176 Soles
404 2146 514 2176 melius
527 2145 644 2186 nitent]
666 2146 722 2177 Sic
740 2145 811 2177 Od.
823 2149 855 2177 2.

153 2194 252 2235 hujus
267 2194 345 2226 libri
359 2205 367 2225 :
389 2196 399 2211 ‘
415 2194 446 2225 Ο
461 2195 519 2225 Sol
533 2194 669 2232 Pulcer,
683 2205 703 2225 o
719 2194 855 2226 laudan-

154 2245 212 2282 de,
247 2254 369 2277 cauam
402 2250 545 2285 recepto
577 2245 712 2277 Caesare
749 2245 856 2277 felix.’

156 2294 288 2336 Nitent]
313 2294 435 2327 Nitere
452 2295 621 2327 videntur.

199 2347 221 2375 9
247 2344 292 2375 Ut
314 2344 430 2383 mater]
454 2344 551 2376 Ordo
574 2350 650 2375 est:
676 2345 723 2375 Ut
749 2349 858 2376 mater

158 2397 259 2424 vocat
272 2393 374 2430 votis,
386 2393 567 2430 ominibus,
581 2398 616 2424 et
633 2393 794 2433 precibus
804 2393 860 2432 ju-

157 2449 280 2472 venem
294 2445 512 2471 cunctantem
527 2446 619 2471 trans
632 2451 769 2482 aequora
777 2442 859 2473 Car-

161 2489 270 2530 pathii
286 2490 401 2529 maris,
417 2499 518 2530 quem
546 2491 656 2521 Notus
669 2491 784 2522 invido
799 2490 861 2522 fla-

162 2545 199 2571 tu
215 2538 347 2570 detinet
362 2549 382 2569 a
397 2539 486 2570 dulci
512 2539 612 2570 domo
632 2541 765 2580 longius
782 2542 861 2572 anni

163 2588 287 2629 spatio,
308 2597 387 2629 nee,
408 2590 472 2619 ὅτε.
514 2590 664 2620 Juvenem
681 2589 787 2629 quem]
809 2590 862 2621 Fi-

162 2639 243 2671 lium
259 2648 368 2670 suum.
402 2639 500 2674 Qum
516 2640 617 2678 Notus
631 2639 753 2679 invido]
776 2640 862 2671 Tres

162 2688 351 2719 fidelissimi
379 2687 465 2719 libb.
491 2687 616 2719 liabent
643 2688 755 2719 Uvido.
782 2688 863 2720 illud

164 2744 277 2769 tamen
294 2737 400 2778 magis
417 2738 543 2779 placet.
563 2737 703 2769 Torrent-
737 2738 874 2779 Invida]

165 2788 322 2821 Adverso
337 2787 432 2821 flatu.

1475 269 1586 311 1507

929 367 970 396 10
995 366 1162 406 Carpathii
1185 363 1297 404 maris]
1317 365 1508 405 Carpathus
1534 369 1583 399 in-

886 415 958 446 sula
987 419 1052 453 est,
1081 415 1169 446 iuter
1195 413 1353 446 Rhodum
1380 420 1416 445 et
1433 414 1585 456 Cretam,

885 463 1072 505 AEgyptum
1101 474 1233 503 versus,
1262 464 1352 495 unde
1381 465 1416 495 in
1448 464 1585 497 Italiam

886 514 1095 555 navigaturis
1112 514 1225 546 Notus
1239 523 1307 545 non
1331 523 1438 556 usque
1454 524 1587 556 quaque

887 564 1052 596 obstaret.
1098 564 1108 582 ⁴
1122 564 1345 604 Carpathium
1358 563 1367 577 '
1405 573 1488 604 ergo
1526 575 1588 605 pro

888 623 1092 655 quocunque
1117 614 1202 645 mari
1229 614 1335 645 dixit:
1360 619 1419 645 aut
1447 615 1590 653 Notum,

888 663 916 694 si
932 663 1052 704 mavis,
1070 672 1132 704 pro
1149 673 1352 705 quoeunque
1365 668 1480 696 vento.
1495 665 1591 696 mini·

889 721 942 743 rne
961 712 1052 744 enim
1081 713 1218 744 anxium
1235 722 1307 744 esse
1323 715 1486 746 convenit
1502 715 1592 747 Poe·-

890 765 972 794 tam.
996 762 1140 794 Torrent.
1186 763 1351 803 Carpathii
1372 766 1460 795 trans
1480 763 1592 803 maris]

891 810 922 842 A
938 811 1114 852 Carpatho
1137 812 1248 843 insula
1268 818 1390 844 contra
1406 814 1592 854 AEgyptnm

891 861 1047 902 posita,a
1058 871 1124 903 qua
1140 861 1286 893 vicinum
1304 871 1396 893 mare
1410 862 1453 893 ad
1469 862 1596 903 AEgyp-

892 914 962 942 tum
976 920 1121 952 vergens
1137 912 1356 952 Carpathium
1369 912 1560 945 dicebatur.

937 964 976 992 11
1018 962 1224 993 Cunctantem
1247 961 1365 1002 spatio]
1397 962 1592 994 Morantem

894 1011 984 1042 ultra
998 1020 1134 1043 annum.

938 1063 979 1092 12
1002 1061 1137 1092 Detinet
1150 1071 1170 1092 a
1184 1060 1287 1100 donno]
1310 1061 1404 1092 Libri
1427 1061 1512 1092 Mss.
1527 1069 1597 1092 om·

896 1119 968 1145 nes,
983 1110 1134 1150 destinat,
1148 1110 1200 1141 vel
1215 1110 1347 1141 destinet
1363 1110 1501 1150 legunt:
1523 1110 1598 1141 nul-

897 1160 948 1190 lus
975 1160 1106 1192 detinet.
1148 1161 1195 1191 Et
1224 1160 1326 1200 paulo
1352 1164 1441 1200 post,
1464 1159 1599 1191 dimovet

897 1219 1018 1250 magno
1034 1218 1151 1241 omues
1165 1218 1346 1250 consensu,
1358 1219 1426 1241 non
1450 1210 1600 1241 demovet.

898 1259 996 1289 Torr-

942 1310 982 1338 13
1012 1307 1103 1338 Votis
1127 1306 1355 1347 ominibusque]
1376 1307 1456 1339 Non
1482 1307 1600 1339 adula-

898 1360 953 1386 tur
966 1355 1108 1394 Gaesari,
1120 1355 1180 1386 sed
1196 1356 1372 1386 historiam
1390 1355 1510 1387 refert.
1535 1356 1601 1386 Cu-

890 1406 948 1446 jus
966 1405 1013 1437 rei
1030 1405 1132 1438 fidem
1147 1410 1197 1438 tot
1212 1407 1338 1438 nummi
1355 1411 1501 1442 veteres,
1513 1416 1602 1437 mar-

899 1464 1098 1495 mot-umque
1115 1455 1356 1496 inscriptiones
1377 1455 1523 1494 faciunt,
1538 1465 1603 1487 nec

899 1512 965 1534 uuo
981 1503 1016 1535 in
1034 1504 1108 1536 loeo
1121 1504 1211 1536 Dion
1228 1505 1374 1538 Cassius.
1423 1506 1603 1538 Ominibus-

898 1553 971 1593 que]
995 1553 1100 1585 Bonis
1124 1555 1251 1586 verbis.
1297 1555 1550 1596 [Schoenborn.
1572 1560 1603 1588 2.

904 1602 994 1633 Votis
1003 1603 1155 1643 omnibus,
1170 1608 1201 1635 et
1215 1614 1285 1645 ¹1¹⁴oe
1297 1605 1440 1644 precibus
1451 1606 1570 1647 vocat]

944 1655 984 1683 14
1006 1652 1131 1684 Littore
1153 1654 1306 1695 dimovet]
1337 1655 1506 1696 Cruquius
1535 1666 1605 1687 ma-

902 1702 976 1733 vult
999 1711 1074 1732 cum
1107 1703 1272 1734 Lambino
1302 1705 1417 1743 legere
1442 1705 1580 1735 demovet
1595 1716 1606 1736 .-

902 1755 1015 1781 motus
1038 1752 1246 1783 auctoritate
1272 1752 1423 1784 Terentii
1448 1753 1482 1784 in
1502 1753 1608 1785 Adel-

903 1801 998 1839 phis:
1023 1801 1033 1818 ‘
1052 1801 1145 1832 Cave
1163 1802 1332 1841 nuucjam
1356 1803 1470 1834 oculos
1487 1813 1507 1833 a
1521 1803 1607 1835 meis

903 1850 1009 1880 oculis
1021 1859 1191 1891 quoquam
1208 1850 1389 1882 demoveas
1402 1851 1502 1883 mos!
1545 1853 1608 1884 Di-

903 1898 1006 1939 move]
1030 1899 1106 1930 Nec
1132 1898 1255 1931 faciem
1281 1904 1396 1932 movet
1413 1900 1456 1932 de
1479 1901 1609 1940 littore,

904 1948 946 1979 ad
963 1949 1053 1990 quod
1068 1948 1175 1981 filium
1190 1951 1412 1991 appulsurum
1428 1956 1558 1992 sperat.

950 2001 988 2028 1⁵
1012 1998 1192 2030 Desidet-iis
1210 1999 1289 2040 icta]
1311 2000 1368 2031 Sic
1386 2001 1495 2041 patria
1504 2000 1610 2041 justis

906 2046 1084 2079 desideriis
1101 2047 1235 2080 affecta.

950 2100 990 2128 1⁷
1016 2097 1117 2128 mm
1143 2097 1211 2137 bos]
1242 2099 1376 2130 Extant
1405 2104 1523 2130 vetera
1550 2109 1611 2130 nu-

905 2145 1064 2178 mismata
1079 2156 1155 2178 cum
1182 2148 1362 2180 simulacro
1378 2148 1560 2189 Apollinis,
1578 2149 1610 2180 in

905 2197 1001 2236 cnjus
1016 2197 1124 2228 tutela
1137 2202 1212 2229 erat
1227 2197 1424 2239 Augustus:
1441 2199 1483 2230 ab
1500 2200 1610 2230 altera

908 2254 987 2276 vero
1017 2252 1118 2285 parte
1150 2247 1202 2277 vir
1235 2256 1357 2287 arans3
1394 2247 1610 2289 adscriptum

905 2294 991 2326 Iul).
1009 2295 1100 2326 Cass.
1145 2295 1222 2328 Quo
1239 2297 1344 2328 veluti
1358 2296 1510 2336 symbolo
1527 2301 1611 2328 tem-

907 2353 1026 2384 porum
1042 2345 1153 2385 quies,
1175 2346 1323 2387 coelique
1349 2346 1546 2386 temperies,
1576 2350 1613 2376 et

909 2398 1013 2424 terrae
1056 2393 1217 2425 fertilitas
1255 2395 1480 2433 significatur.
1516 2396 1612 2426 Suet.

910 2452 985 2482 cap.
1009 2445 1062 2473 98.
1089 2444 1229 2475 Tor-rent.
1279 2445 1376 2476 Tutus
1406 2445 1459 2475 bos
1482 2443 1613 2482 etenim]

909 2493 959 2522 Te
985 2497 1172 2532 praesente,
1193 2503 1212 2524 ο
1229 2494 1356 2533 Caesar,
1380 2494 1492 2524 omnia
1520 2499 1614 2524 terra

911 2541 1064 2582 marique
1080 2546 1159 2572 sunt
1175 2543 1369 2582 tranquilla.

955 2592 996 2621 18
1020 2590 1199 2631 Faustitas]
1223 2592 1397 2624 Felicitas.

957 2642 998 2670 19
1023 2640 1176 2671 Pacatum
1204 2641 1353 2680 volitant]
1388 2642 1514 2674 Nautae
1542 2643 1613 2674 siue

913 2694 1008 2720 metu
1024 2688 1206 2729 piratarum
1230 2690 1403 2729 navigant.

956 2741 1000 2770 20
1036 2738 1166 2778 Culpari
1201 2739 1327 2779 meluit]
1374 2739 1478 2770 Fides
1514 2745 1617 2771 cavet

915 2788 1124 2820 commisisse
1147 2789 1365 2830 quamobrem
1385 2789 1556 2831 culpetur,
1579 2790 1614 2821 id
