1916 3262
383 310 398 352 1
410 311 493 352 494

424 417 445 444 6
467 413 539 443 Non
553 412 648 443 omnis
662 409 789 449 inor-iar]
814 411 890 441 Non
901 414 990 441 totus
999 420 1067 442 mo·

382 461 460 492 riar.
503 461 666 501 Multaque
685 468 758 500 pars
784 459 857 499 uzei]
886 459 984 490 Mens
1012 459 1065 490 vel

384 510 566 550 ingenium.

423 562 442 590 7
471 557 590 589 Vieabit
607 556 793 596 Libitinam]
815 556 939 587 Coelius
961 565 1066 588 xxix.

383 610 434 638 18.
469 607 577 637 locum
606 605 757 646 exponit.
807 605 926 637 Viaeabit
953 605 1066 636 Libiti-

380 656 468 696 nam]
490 653 637 694 Effugiet
652 659 806 685 mortem.
852 654 998 685 Libitina
1015 658 1067 685 est

384 706 456 735 Dea
472 704 624 735 funerum
639 715 646 734 z
671 703 836 743 significat
850 704 950 734 etiam
965 713 1066 744 capu-

380 753 462 792 lum,
486 753 539 783 vel
561 752 734 791 feretrum,
756 753 788 782 in
814 761 880 793 quo
901 752 1066 782 cadavera

382 801 568 832 efferuntur
580 802 621 832 ad
637 801 854 841 sepulturam.
895 801 996 841 Usque
1009 811 1065 840 ego

379 850 513 890 instem]
537 851 624 881 Nam
639 859 702 890 ego
722 855 857 890 postera
879 850 1064 882 futmorum

382 899 549 931 hominum
564 898 662 930 laude
678 908 809 938 semper
831 903 1008 930 renovatus
1031 904 1066 929 et

382 956 510 986 recens,
535 948 774 978 incrementum
800 957 938 986 sumam,
961 957 1065 989 usque

381 996 459 1027 dum
483 996 612 1036 imperii
640 996 782 1027 Romani
807 997 924 1027 a‘terui
954 996 1067 1027 futura

382 1044 539 1074 memoria
553 1047 619 1082 est,
632 1048 667 1074 et
677 1044 784 1075 donec
798 1044 958 1075 Pontifex
972 1045 1066 1075 Max.

380 1091 511 1121 ldualia
535 1091 731 1129 celebrabit,
753 1097 790 1123 et
813 1102 888 1123 cum
906 1094 1010 1131 tacita
1033 1098 1069 1124 et

382 1139 584 1176 verecunda,
612 1145 749 1180 propter
778 1150 947 1172 sacrorum
973 1151 1067 1172 reve-

385 1189 540 1227 rentiam,
567 1189 697 1228 virgine
715 1190 846 1220 Vestali
873 1191 905 1221 in
935 1191 1070 1230 Capito-

385 1237 464 1267 lium
498 1237 540 1268 ad
577 1247 672 1268 sacra
707 1237 862 1269 facienda
898 1239 1069 1271 ascendet.

380 1285 490 1316 Lubin.
538 1287 639 1326 Usque
673 1297 728 1326 ego
758 1287 897 1327 postera]
931 1289 1070 1328 Semper

380 1343 443 1372 ego
477 1343 594 1365 recens
621 1343 767 1365 crescam
798 1341 933 1375 postera
959 1337 1070 1375 laude,

381 1381 459 1412 dum
493 1382 645 1422 pontifex
690 1383 832 1415 scandet
867 1384 1069 1425 Capitolium

383 1439 456 1460 cum
475 1431 580 1461 tacita
594 1431 734 1470 virgine.

421 1480 442 1508 8
475 1478 605 1518 Recens]
642 1479 716 1510 Non
753 1489 942 1512 senescens.
984 1481 1070 1512 Dum

383 1526 568 1566 Capitolium
592 1527 739 1567 Scan-det]
762 1529 831 1559 Pcr
856 1530 1069 1570 Capitolium,

383 1574 476 1605 urbis
495 1580 595 1615 atque
619 1576 757 1616 Imperii
774 1579 997 1609 aeternitatem
1019 1580 1068 1610 in·

380 1623 509 1661 telligo.
551 1624 634 1654 Tuiu
656 1625 690 1655 iu
717 1626 867 1656 omnibus
894 1627 1068 1659 sacrificiis

380 1670 523 1710 publicis
553 1671 706 1703 Vestales
737 1673 954 1705 intervenisse
990 1685 1068 1706 con—

380 1721 459 1749 stat.
505 1719 627 1750 Posset
643 1725 677 1750 et
691 1729 731 1751 eo
749 1720 882 1760 referri,
898 1723 986 1763 quod
1002 1724 1068 1754 vir-

380 1778 421 1806 go
438 1769 588 1799 Vestalis
611 1779 630 1799 a
653 1770 819 1802 Pontifice
840 1776 951 1811 capta,
966 1777 1067 1814 atque

383 1818 416 1847 in
433 1818 553 1848 atrium
569 1819 684 1850 Vestae
705 1818 863 1860 deducta,
879 1821 956 1852 inde
978 1821 1067 1853 sorte

381 1866 444 1897 diis
459 1867 668 1907 supplicandi
685 1877 801 1899 caussa
816 1869 848 1899 in
867 1869 1068 1911 Capitolium

381 1916 597 1948 ascendebat.
628 1917 692 1949 Sed
709 1919 1004 1960 quomodocunque
1019 1931 1068 1951 as·

379 1964 543 2003 cenderit,
564 1966 705 1996 nominis
728 1967 778 1997 sui
803 1969 1067 2008 perpetuitatem

380 2013 492 2043 Poe'ta
514 2014 553 2044 iis
572 2015 681 2044 verbis
707 2015 884 2055 significat.
931 2018 1067 2048 Romam

382 2062 470 2092 enim
487 2062 672 2093 credebant
689 2068 849 2095 aeternam
865 2065 949 2096 fore.
976 2066 1068 2097 Hinc

380 2108 446 2139 illae
471 2110 703 2141 numismatum
732 2113 981 2153 inscriptiones,
1005 2123 1067 2145 no·

382 2165 435 2187 MA
460 2166 626 2190 aira-aua.
658 2160 828 2191 ‘Tacitae’
858 2167 968 2192 alitem
998 2163 1067 2202 epi-

379 2207 507 2238 tlietuiu
517 2209 637 2238 merito
649 2208 781 2247 Virgini
792 2209 920 2240 Vestali
936 2210 1067 2249 tribuit,

381 2256 467 2295 quod
491 2265 658 2287 sacrorum
686 2258 867 2296 consciam,
880 2264 916 2288 et
930 2260 940 2276 ‘
952 2259 1065 2300 Troja-

379 2313 455 2336 nam
477 2304 537 2336 soli
563 2305 616 2336 cui
642 2304 692 2336 fas
709 2305 831 2337 vidisse
854 2307 1066 2348 Minervam,'

382 2351 462 2383 niliil
487 2353 590 2394 magis
619 2363 715 2395 quam
739 2354 908 2385 silentium
933 2355 1064 2388 deceat.

382 2403 522 2434 Timent.
546 2403 629 2434 Dum
644 2403 844 2443 Capitolium]
868 2405 988 2437 Donec
999 2405 1064 2436 Im-

380 2451 509 2490 perium
527 2452 711 2482 Romanum
725 2451 870 2484 durabit.

420 2502 441 2530 9
464 2499 598 2531 scandet
618 2501 702 2541 cum]
723 2502 812 2532 Dum
838 2501 991 2542 pontifex
1015 2513 1064 2535 as-

378 2550 502 2581 cendet
525 2551 558 2581 in
575 2551 773 2591 Capitolium
791 2552 831 2583 ad
857 2562 950 2583 sacra
965 2553 1065 2584 Idua-

379 2599 422 2629 lia
450 2600 640 2639 peragenda
669 2609 743 2631 cum
777 2601 903 2641 virgine
935 2602 1065 2633 Vestali

380 2648 494 2688 tacita,
519 2648 552 2679 id
579 2655 643 2688 est,
669 2658 744 2680 cum
772 2650 898 2691 virgine
920 2654 1066 2690 tacente,

380 2693 456 2724 dum
482 2706 576 2728 sacra
602 2698 829 2730 celebrantur.
874 2700 952 2730 Cum
971 2700 1066 2732 tacita

386 2741 528 2782 Virgine]
549 2745 698 2777 Turneb.
714 2749 847 2778 xv11.''1.
861 2752 895 2778 et
910 2756 973 2779 xx.
989 2752 1041 2780 35.

422 2796 462 2823 10
485 2794 594 2835 Dicar,
615 2806 681 2834 quae
709 2797 836 2837 violens]
858 2797 954 2829 Ordo
982 2804 1058 2830 est:

835 319 975 348 NOTAE
1006 318 1268 349 VARlORUM
1302 319 1352 348 ΙΝ

1116 411 1190 450 Ego
1214 416 1347 450 potens,
1361 419 1402 440 ex
1427 408 1539 440 humili
1565 409 1735 450 princeps,
1748 410 1797 442 di-

1116 468 1174 489 car
1209 459 1387 490 deduxisse
1418 459 1560 489 AEolium
1591 467 1726 490 carmen
1755 459 1797 490 ad

1116 506 1220 538 Italos
1245 507 1373 546 modos,
1395 516 1459 548 qua
1482 507 1650 547 obstrepit
1675 507 1799 539 violens

1115 554 1265 595 Aufidus,
1280 561 1313 586 et
1329 565 1394 596 qua
1407 564 1532 595 pauper
1547 563 1643 595 aquae
1659 555 1797 586 Daunus

1116 604 1270 641 regnavit
1285 604 1464 644 agrestium
1487 603 1698 642 populorum.
1733 602 1799 634 Au-

1106 650 1208 692 fidus]
1230 652 1404 683 Violentus
1428 651 1559 692 Apuliae
1586 650 1721 691 fluvius,
1741 650 1800 681 ubi

1116 705 1213 730 natus
1228 706 1281 732 est
1295 701 1469 732 Horatius.

1160 752 1197 780 11
1223 750 1348 790 Pauper
1361 759 1448 790 aquae
1464 750 1610 790 Daunus]
1634 748 1722 781 Quia
1736 747 1801 778 ari-

1116 797 1166 828 dae
1192 797 1310 830 ditioni
1336 798 1483 838 praefuit.
1529 799 1614 830 Nam
1642 797 1683 828 ad
1706 796 1801 828 Aufi-

1116 846 1193 877 dum
1222 847 1352 887 Apuliae
1383 847 1517 878 fluvium
1548 846 1636 887 quod
1664 846 1801 884 attinet,

1116 903 1312 934 quamquam
1336 897 1363 925 is
1387 897 1497 926 Dauni
1521 905 1624 936 regna
1648 893 1799 935 praeflue-

1117 942 1188 980 bat,
1210 953 1273 973 non
1290 944 1366 974 ideo
1381 945 1488 974 minus
1505 950 1650 975 aestuosa
1665 943 1799 984 Apulia.

1117 991 1203 1021 Vide
1216 1001 1245 1022 ι.
1261 992 1327 1022 Od.
1343 995 1393 1023 14.
1418 992 1506 1022 Tor-r.
1549 993 1681 1023 Daunus
1694 1001 1800 1031 agres—

1118 1041 1210 1080 tium]
1244 1042 1382 1072 Daunus
1400 1051 1456 1072 rex
1474 1041 1605 1082 Apuliae
1619 1041 1695 1080 fuit,
1711 1051 1731 1072 a
1745 1050 1800 1072 cu-

1111 1089 1167 1129 jus
1181 1090 1316 1120 nomine
1336 1089 1457 1120 fluvius
1473 1090 1520 1121 sic
1537 1090 1725 1130 appellatus
1738 1095 1804 1127 est,

1117 1138 1172 1178 qui
1189 1132 1308 1169 fluvius
1324 1139 1366 1169 nb
1383 1139 1595 1169 vehementes
1611 1138 1658 1168 ibi
1673 1138 1802 1168 calores

1117 1195 1244 1226 pauper
1262 1196 1356 1227 aquae
1373 1186 1509 1217 (licitur.

1160 1237 1200 1265 12
1226 1235 1382 1274 Regnavit
1407 1234 1597 1276 populorum]
1628 1235 1685 1266 Sic
1701 1234 1803 1275 prisci

1119 1294 1249 1325 quoque
1265 1285 1468 1324 interpretes
1484 1285 1647 1324 legerunt,
1659 1292 1722 1314 nec
1737 1283 1802 1324 pri-

1117 1342 1190 1363 mus
1215 1333 1302 1363 hunc
1324 1334 1432 1364 locum
1457 1343 1500 1364 ex
1521 1334 1639 1365 Servio
1655 1333 1803 1364 restituit

1118 1380 1307 1411 Lambinus.
1353 1382 1442 1411 Libri
1455 1385 1563 1412 tamen
1579 1382 1662 1412 Mss-
1676 1390 1803 1419 omnes,

1119 1437 1200 1468 quos
1217 1428 1330 1459 videre
1342 1429 1800 1469 contigit,reguatorhabent:

1118 1482 1246 1507 tautum
1263 1478 1373 1517 potuit
1387 1478 1686 1510 Grammaticorum
1699 1478 1799 1509 auda-

1118 1526 1179 1557 cia.
1209 1527 1324 1560 Solent
1341 1533 1452 1558 autem
1469 1528 1597 1559 nobiles
1613 1528 1729 1561 Poe'tae
1742 1529 1800 1559 hu·

1113 1575 1261 1615 jusmodi
1277 1576 1495 1607 locutionibus
1508 1577 1560 1607 hic
1577 1577 1646 1608 illic
1659 1578 1799 1617 aspersis

1117 1625 1266 1655 excitare
1283 1625 1481 1664 Lectorem3
1502 1626 1600 1666 idque
1617 1626 1667 1656 vel
1679 1626 1799 1657 subau-

1117 1672 1238 1703 diendo
1253 1674 1390 1714 aliquid,
1402 1675 1451 1704 vel
1468 1675 1650 1706 imitatione
1664 1675 1801 1706 Graeco-

1118 1730 1201 1752 rum.
1231 1722 1311 1752 Tale
1329 1723 1409 1753 illud
1424 1723 1573 1762 Virgilii:
1589 1723 1800 1756 ‘Justitiaene
1814 1724 1817 1726 ’

1119 1769 1210 1809 prius
1233 1770 1345 1808 mirer,
1372 1769 1494 1801 belline
1514 1770 1662 1802 laborum
1672 1771 1694 1802 Ρ
1738 1773 1799 1803 Et:

1117 1820 1126 1836 ‘
1144 1818 1218 1849 Nec
1234 1823 1384 1849 veterum
1401 1819 1534 1849 memini
1550 1819 1688 1850 laetorve
1703 1821 1802 1851 malo-

1119 1866 1214 1898 rum.'
1255 1867 1322 1897 Et:
1346 1869 1355 1884 ‘
1370 1866 1559 1907 Implentur
1581 1867 1701 1899 veteris
1715 1868 1801 1900 Bae·

1118 1916 1172 1947 chi
1188 1916 1386 1957 pinguisque
1402 1915 1541 1948 ferinae.'
1584 1916 1640 1947 Sic
1661 1916 1673 1934 ⁴
1687 1916 1802 1948 desine

1118 1964 1353 2005 querelarum‚'
1364 1963 1557 1996 ‘Abstineto
1569 1964 1715 2004 irarum,'
1725 1964 1802 1998 ‘Jn-

1118 2015 1202 2045 vidit
1229 2014 1371 2051 avenae,’
1397 2016 1407 2031 ⁴
1424 2015 1603 2055 Decipitur
1628 2015 1804 2054 laborum,'

1117 2064 1246 2095 ‘Soluti
1269 2063 1432 2104 operum,'
1454 2063 1543 2103 apud
1569 2063 1690 2094 Horat.
1709 2063 1720 2080 ‘
1734 2063 1800 2094 De·

1115 2113 1278 2152 sipiebam
1310 2112 1455 2151 mentis,'
1486 2114 1496 2129 ⁸
1519 2113 1613 2143 Mille
1641 2121 1799 2144 annorum

1117 2161 1256 2202 vivunt‚’
1271 2165 1281 2179 ‘
1294 2162 1431 2192 Pendet
1446 2161 1567 2201 animi:
1583 2164 1593 2179 ⁸
1606 2162 1737 2202 Dignus
1750 2173 1800 2195 sa·

1116 2210 1220 2248 lutis‚'
1241 2211 1329 2250 apud
1347 2211 1500 2241 Plautum
1516 2222 1524 2240 :
1542 2215 1577 2242 et
1588 2211 1707 2242 similia
1720 2213 1801 2243 mul·

1116 2263 1153 2290 ta
1165 2268 1184 2289 a
1200 2259 1308 2289 Nonio
1325 2263 1495 2298 congesta.
1510 2260 1596 2290 Torr-
1640 2260 1795 2300 Regmcie

1114 2307 1303 2347 populorum]
1339 2307 1482 2340 Quidam
1510 2309 1626 2348 legunt
1642 2309 1799 2348 Regnator

1112 2357 1300 2397 populorum.
1343 2357 1499 2395 Regnavit
1509 2357 1700 2398 populorum]
1723 2357 1798 2390 Rex

1115 2405 1181 2436 fuit
1204 2404 1385 2444 agrestium
1418 2405 1627 2445 populorum.
1679 2405 1800 2438 Graeca

1115 2460 1167 2485 est
1198 2459 1378 2494 structura,
1405 2453 1587 2490 ἐβασίλευσε
1614 2456 1678 2486 τῶν
1703 2457 1796 2488 nacor.

1116 2505 1168 2534 Ex
1179 2503 1287 2534 humili
1298 2503 1420 2543 potens]
1450 2503 1516 2536 Qui
1532 2503 1688 2535 libertino
1703 2510 1798 2545 patre

1115 2558 1224 2588 natus.
1240 2558 1359 2593 potens
1375 2557 1411 2583 et
1425 2553 1530 2584 clarus
1545 2553 1674 2584 extitit.

1158 2605 1197 2633 13
1214 2601 1376 2642 Princeps]
1391 2602 1548 2632 Omnium
1565 2603 1701 2642 primus.
1723 2603 1797 2634 AEo·

1115 2655 1192 2685 lium
1204 2653 1339 2694 carmen]
1360 2653 1446 2684 Vide
1459 2663 1498 2685 n.
1512 2653 1579 2686 Od.
1593 2657 1644 2685 ta.
1665 2653 1797 2684 ‘AEoliis

1114 2702 1236 2734 fidibus
1261 2702 1480 2744 querentem.'
1522 2703 1657 2734 AEolium
1677 2709 1796 2733 carmen

1114 2753 1154 2782 ad
1178 2751 1288 2791 Italos]
1327 2751 1481 2782 Carmine
1505 2751 1610 2782 IEolio
1637 2759 1713 2780 usus
1742 2754 1796 2780 est

1117 2801 1249 2832 Alcaeus
1265 2810 1285 2831 a
1302 2801 1413 2832 Lesbo
1427 2800 1545 2839 insula,
1558 2799 1590 2830 in
1604 2808 1667 2840 qua
1680 2808 1795 2839 regna·
