1930 3204
431 243 450 283 1
458 243 542 285 620

431 347 583 376 constat:
609 344 654 374 ita
681 346 809 374 certum
837 347 902 382 est,
917 344 1115 384 Dactylico

430 400 502 423 rum
526 392 762 433 negligentiam
786 392 915 423 auxisse
938 393 1115 432 Lucilium,

428 439 652 472 lambieorum
679 447 788 470 autem
814 450 917 480 prope
934 441 1112 472 invexisse.

429 489 550 531 ltaque
579 491 668 531 quod
701 495 768 520 tam
798 499 938 529 operose
968 491 1112 522 Cornicis

430 538 560 570 Latinis
583 539 662 569 alibi
688 538 796 569 Poeta
821 538 952 578 objicit,
968 539 1056 580 quod
1071 549 1114 571 ne

429 582 562 628 q'uidem
579 587 661 618 locis
677 588 874 619 necessariis
891 588 1040 620 Iambum
1056 589 1114 620 ad-

429 637 616 676 mitterent,
627 637 659 667 id
671 637 798 668 Lucilio
811 637 990 677 peculiare.
1012 638 1113 668 Hein-

427 684 500 716 sius.
545 685 682 716 Maeotis
700 685 842 726 pedibus]
867 686 955 718 Quia
968 686 1113 717 Lucilius

429 743 506 765 usus
534 739 587 766 est
623 735 771 766 versibus
806 734 1036 773 Hexametris,
1064 734 1111 765 illi

426 782 599 815 lumbicis.

469 834 490 862 8
507 833 667 863 Emnnctoe
677 832 779 872 naris]
793 832 1027 871 Acrijndicio.
1043 833 1112 863 Du-

426 888 480 910 rus
501 889 674 920 componere
695 880 812 919 versus]
836 881 1020 920 componere
1046 890 1111 911 ver-

425 937 477 959 sus
494 933 557 967 est,
571 929 638 959 suis
654 929 728 959 illos
743 929 888 959 numeris
903 929 1112 969 pedibusque

425 982 557 1018 aptare,
587 987 627 1009 nc
651 978 831 1009 concinnos
860 979 1113 1020 modulatosque

427 1026 580 1058 reddere.
622 1022 677 1057 A‘d
707 1026 795 1066 quod
817 1026 1010 1059 durissimus
1040 1032 1112 1059 erat

427 1074 587 1106 Lucilius.
613 1075 756 1106 Tor-rent.

467 1126 488 1154 9
515 1122 670 1162 Vinosae]
706 1123 748 1154 In
778 1123 861 1155 hoc:
896 1123 985 1164 quod
1013 1123 1113 1155 duros

427 1180 541 1203 versus
560 1176 792 1212 componeret.

468 1221 508 1250 10
533 1220 577 1251 Ut
587 1221 746 1261 magnum]
756 1220 926 1261 Tanquam
939 1230 1009 1252 rem
1021 1231 1111 1261 mag-

425 1268 460 1300 ni
473 1271 644 1301 momenti.
689 1270 784 1302 Stans
793 1271 882 1310 pede]
905 1271 1006 1303 Nullo
1021 1272 1112 1303 labo-

425 1327 476 1358 re,
491 1322 527 1350 et
542 1324 692 1359 tempore
705 1319 910 1351 brevissimo.
935 1320 1013 1351 vid.
1025 1321 1111 1352 Tur-

426 1366 505 1396 neb.
521 1375 587 1397 vn.
600 1370 650 1398 19.

467 1419 505 1446 ll
531 1416 633 1450 Quum
647 1417 780 1457 flueret]
803 1418 887 1448 Cum
905 1427 1019 1449 versus
1036 1425 1110 1458 pro-

424 1463 582 1496 funderet
596 1465 800 1496 imenustos.
825 1466 903 1496 Erat
919 1467 1010 1506 quod]
1026 1467 1111 1497 Erat

423 1513 549 1554 aliquid
566 1512 652 1553 quod
666 1522 824 1552 sumeres,
838 1513 938 1553 idque
953 1513 1110 1544 imitatio-

423 1571 467 1593 ne
482 1562 631 1599 dignum.
665 1561 743 1592 Vid.
756 1561 906 1592 Turneb.
922 1569 980 1592 xv·
995 1564 1026 1593 9.

465 1613 505 1641 13
530 1610 690 1641 Scribendi
715 1610 811 1648 recte]
833 1610 882 1640 Ut
911 1613 1006 1640 recte
1029 1610 1109 1640 scri-

422 1658 531 1690 beret.
576 1659 659 1688 Nam
670 1661 705 1688 ut
719 1658 862 1698 multum]
886 1657 923 1688 Si
937 1658 1011 1697 quis
1026 1658 1109 1688 mul·

425 1711 494 1738 tum
508 1705 736 1744 scribit,niliili
749 1704 890 1735 aestimo.
912 1704 1005 1744 [Vnt.
1017 1705 1110 1735 Rom.

428 1757 460 1785 9.
471 1763 530 1784 mm
545 1753 670 1793 moron]

467 1804 507 1832 14
535 1802 696 1842 Crispinus
723 1802 849 1832 minima
879 1810 924 1832 me
950 1801 1108 1842 provocat]

423 1852 590 1882 Summum
601 1852 779 1882 adversarii
789 1855 993 1883 contemtum
1002 1855 1112 1882 osten-

424 1901 486 1940 dit,
503 1902 571 1942 qui‚
587 1910 661 1931 cum
678 1906 822 1942 quantus
838 1905 905 1940 est,
915 1901 968 1931 vel
984 1909 1060 1940 uno,
1071 1903 1110 1930 ut

424 1949 491 1980 dici
505 1950 601 1988 solet,
615 1949 755 1988 digitulo
766 1952 939 1990 provocat,
951 1953 1107 1990 tanquam

424 1999 514 2029 nullo
530 1999 666 2038 negotio
682 2003 917 2038 prostraturus.
953 1998 1038 2029 Sunt
1051 1997 1108 2038 qui

424 2047 465 2078 ad
483 2048 732 2087 provocantium
750 2054 880 2086 gestum
896 2046 1025 2077 referre
1040 2056 1107 2077 rna-

423 2095 512 2132 lint;
536 2095 704 2124 minimum
730 2095 816 2124 euim
838 2094 979 2133 digitum
1003 2094 1108 2133 porri-

423 2148 519 2183 gunt.
562 2142 608 2173 At
633 2142 797 2182 Cruquins
823 2141 866 2172 de
887 2143 897 2158 ‘
911 2142 1109 2181 sponsione'

422 2191 591 2231 intelligit,
606 2200 702 2230 quam
719 2190 893 2230 Crispinus
915 2193 1050 2229 paratus
1065 2189 1108 2220 sit

423 2239 550 2278 facere,
577 2240 635 2271 sed
660 2239 726 2270 levi
754 2239 906 2278 deposita
934 2238 1106 2268 summula.

428 2290 502 2320 Non
521 2290 640 2328 placet.
666 2288 755 2318 Torr.
799 2288 932 2318 Minimo
946 2296 1107 2326 meprovo-

423 2337 487 2377 cat]
509 2337 650 2368 Minimo
665 2336 781 2376 digito,
793 2335 881 2376 quod
897 2339 949 2365 est
966 2335 1107 2365 alterum

425 2386 641 2426 contemptim
669 2385 703 2415 in
727 2389 895 2415 certamen
915 2392 1108 2423 provocare.

424 2435 553 2476 Accipe]
582 2435 695 2466 Verba
723 2438 800 2465 sunt
828 2433 971 2474 Crispini
1000 2433 1108 2464 Hora·

425 2485 507 2515 tium
525 2484 751 2524 provocantis.

468 2537 506 2565 15
529 2533 640 2572 Accipe
659 2531 744 2572 jam]
767 2532 859 2563 Bene
874 2530 907 2561 in
923 2530 1108 2571 posteriore

426 2592 486 2614 sua
514 2582 660 2613 editione
695 2581 810 2612 Lamb.
851 2579 1011 2620 Accipiam
1047 2588 1108 2619 pro

425 2632 535 2671 Accipe
551 2631 630 2669 jam.
675 2631 735 2661 Est
755 2630 842 2661 enim
873 2631 976 2670 magis
1000 2629 1108 2660 Comi-

426 2689 515 2719 cum,
543 2690 582 2711 ac
611 2679 854 2720 Dramaticum,
885 2678 973 2719 quod
1007 2677 1107 2709 etiam

425 2728 602 2759 Turnebus
623 2737 682 2759 xv.
698 2731 730 2759 9.
746 2727 888 2759 censuit.
933 2727 1043 2767 Atque
1059 2726 1107 2757 ita

882 253 1020 282 NOTAE
1053 252 1266 282 vARloRtJ
1278 253 1306 280 Μ

1348 252 1397 282 ΙΝ

1163 345 1195 376 in
1212 345 1361 376 omnibus
1385 352 1478 384 paene
1502 343 1747 384 exemplaribus
1763 354 1839 377 nos-

1161 393 1221 424 tris
1236 393 1369 433 legitur,
1386 397 1422 422 ut
1443 401 1531 431 mox,
1544 392 1656 423 dentur
1670 400 1728 432 pro
1742 393 1839 434 detur·

1161 443 1312 472 Torreat.
1354 440 1838 472 Vid.Gui1.cante1-.1v.12.

1162 491 1271 531 Locus]
1297 492 1336 522 Iu
1353 501 1418 531 quo
1431 490 1624 523 scribamus.

1206 543 1245 571 lo
1269 541 1429 580 Custodes]
1451 540 1506 572 Ne
1528 540 1637 572 aliens
1651 549 1756 581 opere
1768 519 1840 573 uta·

1165 599 1248 620 mur.

1206 641 1244 669 17
1274 638 1332 670 Dii
1361 638 1432 670 bene
1452 637 1614 678 fecerunt]
1648 637 1842 678 Respondet

1163 686 1335 719 Horatius.

1205 738 1244 766 18
1257 736 1341 766 Raro
1349 739 1379 766 et
1386 745 1535 776 perpauca
1543 736 1711 778 loquentis]
1725 735 1842 767 anb.

1161 785 1362 820 necessaria,
1376 789 1413 815 ut
1426 785 1456 815 ei
1473 785 1577 816 visum
1597 789 1661 824 est,
1674 785 1842 825 conjectu-

1163 842 1209 872 ra,
1225 835 1390 873 loquentem
1402 833 1570 872 emendat,
1581 833 1765 874 quasivero
1775 839 1841 864 non

1163 881 1203 912 ab
1220 882 1328 912 animo
1353 882 1454 912 verba
1475 881 1599 921 linguas
1623 881 1842 922 suppediten-

1162 933 1227 960 tur.
1270 929 1356 960 Rara
1371 929 1470 960 etiam
1486 938 1548 969 pro
1560 939 1631 960 raro
1645 938 1710 962 non
1725 939 1792 961 nno
1809 931 1842 961 in

1161 977 1278 1008 codice
1293 976 1438 1016 repperi,
1453 985 1516 1007 nec
1531 976 1702 1016 displicet,
1721 982 1757 1008 ut
1770 978 1843 1009 Sat.

1165 1035 1215 1056 vr.
1246 1025 1445 1065 ‘Singultim
1465 1032 1573 1064 pauca
1586 1023 1740 1060 locutus'
1769 1025 1843 1056 Tor-

1162 1076 1242 1103 rent.

1205 1123 1246 1152 19
1267 1120 1313 1151 At
1342 1124 1376 1151 tu
1399 1119 1552 1152 conclusas
1574 1119 1704 1151 Ιιινοίκίι
1712 1120 1846 1158 follibus

1161 1179 1254 1202 auras
1282 1171 1383 1211 Usque
1407 1169 1604 1210 labor-anceio,
1625 1167 1695 1210 ⁸5⁶⁶]
1716 1169 1847 1201 Malum

1162 1219 1316 1255 Paetum,
1340 1219 1399 1250 sed
1428 1219 1584 1259 opinione
1607 1218 1659 1249 sui
1682 1215 1848 1255 inflamma·

1160 1269 1223 1298 hac
1235 1268 1395 1308 allegoria
1408 1267 1528 1299 irridet
1540 1267 1713 1299 Horatius.
1725 1266 1845 1298 elatio·

1162 1326 1236 1348 nem
1266 1317 1353 1349 enim
1375 1316 1476 1348 animi
1497 1316 1592 1357 ponit
1613 1316 1647 1347 in
1665 1315 1839 1356 pulmone:

1159 1376 1258 1407 quem
1295 1366 1383 1397 follis
1419 1365 1645 1406 appellatione
1674 1363 1841 1404 intelligit.

1159 1415 1204 1446 Et
1229 1423 1295 1446 non
1315 1414 1511 1454 simpliciter
1530 1413 1613 1444 dicit
1634 1411 1774 1444 Poetsm
1789 1420 1842 1442 ar-

1159 1467 1333 1502 rogantem
1345 1462 1439 1494 folles
1451 1461 1619 1492 fabrorum
1627 1459 1840 1492 ferrariorum

1158 1511 1304 1542 imitari:
1328 1511 1384 1541 sed
1400 1510 1495 1548 folles
1517 1509 1700 1545 laborantes,
1715 1510 1766 1548 ᾁσ.
1782 1518 1840 1549 op-

1159 1560 1255 1591 time:
1278 1569 1354 1591 nam
1367 1569 1441 1591 cum
1453 1562 1563 1590 cessat
1574 1557 1755 1597 fnber,non
1770 1562 1840 1589 tur-

1158 1613 1238 1648 gent
1254 1607 1364 1648 folles,
1390 1617 1500 1649 neque
1517 1611 1615 1639 vento
1629 1605 1735 1639 inflati
1752 1611 1840 1638 sunt.

1162 1657 1332 1687 casaubon.
1375 1656 1420 1687 At
1433 1656 1483 1696 tu]
1507 1656 1538 1687 Ο
1555 1655 1717 1696 Crispine.
1761 1656 1840 1686 Hir-

1159 1703 1238 1734 cinz's
1249 1703 1395 1744 follibus]
1419 1702 1565 1734 Follibus
1581 1712 1626 1734 ex
1638 1703 1728 1735 corio
1744 1703 1842 1734 hirci-

1158 1760 1202 1782 no
1217 1750 1328 1782 factis.

1183 1817 1190 1821 ·
1201 1801 1242 1830 20
1269 1800 1371 1840 Usque
1384 1798 1570 1839 laborantes]
1585 1798 1695 1831 Aures
1709 1808 1842 1839 semper

1158 1848 1288 1880 flantes.
1332 1849 1492 1880 Horatius
1505 1849 1733 1889 metaphorice
1742 1849 1842 1888 signi·

1159 1899 1239 1931 ficat
1253 1899 1399 1940 Crispini
1409 1908 1522 1931 versus
1535 1899 1681 1940 turgidos
1692 1898 1792 1930 fuisse
1806 1905 1843 1931 et

1160 1958 1286 1979 manes.

1199 2001 1238 2029 21
1273 1998 1391 2028 Beatus
1418 1996 1568 2036 Fannius]
1604 1996 1756 2028 Fannium
1785 2005 1840 2027 vo-

1158 2051 1236 2078 cant
1255 2046 1400 2086 quinque
1427 2046 1585 2083 codices3
1609 2049 1705 2076 vetus
1729 2045 1839 2075 Inter·

1159 2103 1236 2134 pres
1258 2094 1359 2124 etiam
1382 2091 1587 2124 ‘Quadrati’
1609 2101 1792 2131 cognomen
1807 2092 1839 2122 ei

1157 2140 1310 2180 imponit.
1351 2139 1405 2170 An
1423 2139 1511 2170 idem
1536 2139 1594 2179 qui
1613 2139 1684 2170 Sat.
1700 2147 1737 2170 x.
1750 2148 1839 2170 com-

1157 2193 1369 2225 memoratur,
1397 2187 1520 2227 ignoro.
1554 2187 1642 2218 Torr.
1686 2187 1838 2227 Fannius]

1156 2236 1303 2268 Fannius
1318 2235 1427 2266 Poeta
1442 2235 1702 2276 loquacissimus.
1750 2236 1839 2267 Ultro

1158 2284 1286 2315 Delatis
1298 2283 1412 2323 capsis]
1435 2283 1498 2315 Cui
1513 2291 1577 2314 non
1591 2284 1720 2324 petenti
1734 2284 1837 2315 Sena-

1157 2337 1209 2363 tus
1230 2332 1354 2363 detulit
1376 2341 1505 2372 capsas,
1531 2331 1648 2372 quibus
1669 2332 1745 2364 libri
1767 2334 1837 2373 ejus

1155 2382 1190 2413 in
1206 2381 1349 2422 Augusti
1371 2381 1571 2412 bibliotheca
1585 2387 1840 2422 reponerentur,

1155 2441 1222 2462 una
1245 2440 1319 2462 cum
1341 2440 1400 2461 sua
1421 2430 1566 2471 imagine
1585 2430 1628 2462 ad
1647 2431 1845 2463 memoriam-

1159 2483 1231 2523 eJus
1249 2481 1465 2522 prodendam.
1843 2492 1845 2494 ·

1197 2534 1239 2563 22
1262 2531 1386 2562 Delatis
1395 2531 1494 2571 capsis
1502 2534 1534 2562 et
1547 2531 1697 2571 minoe]
1713 2531 1837 2564 Biblio-

1157 2580 1287 2612 thecam
1299 2580 1424 2620 primus
1439 2580 1571 2620 publice
1582 2579 1723 2612 Athenis
1733 2580 1836 2612 Pisis·

1158 2634 1267 2660 tratus
1292 2628 1450 2666 instituit,
1473 2629 1587 2660 Romie
1605 2628 1736 2660 Asinius
1758 2629 1843 2660 Pol-²

1155 2677 1221 2709 lio:
1245 2686 1309 2717 qua
1321 2676 1364 2708 de
1379 2685 1414 2708 re
1429 2676 1578 2708 Isidorus
1591 2676 1649 2709 lib.
1667 2685 1733 2710 vn.
1754 2676 1835 2708 Gel-

1155 2726 1219 2758 lius
1230 2726 1316 2758 libro
1331 2734 1380 2758 vl.
1393 2735 1471 2768 σαψ
1483 2727 1545 2758 ult.
1561 2726 1690 2758 Plinius
1705 2733 1771 2758 vus
1781 2727 1832 2755 ³⁰.
