1916 3262
369 299 479 341 1220

834 309 876 345 Q.
907 305 1111 336 HORA'ru
1147 306 1316 338 FLAcct

370 401 529 442 Dicere
548 399 664 441 cedit
681 411 773 448 eos,
791 398 947 450 ignave
965 397 1099 438 multa
1117 397 1289 449 fatetur,

368 466 425 507 Et
439 467 566 519 sapit,
587 469 630 506 et
649 476 815 505 mecum
835 463 956 512 facit,
978 467 1022 504 et
1038 462 1152 504 Jove
1163 463 1336 516 judicat
1356 476 1494 516 aequo.

369 534 474 574 Non
493 531 692 584 equidem
710 531 914 577 insector,
931 528 1171 568 delendave
1191 529 1381 569 carmina
1410 527 1507 568 Livi

367 599 478 640 Esse
495 609 603 645 reor,
622 595 797 635 memini
817 605 915 647 quae
937 594 1161 646 plagosum
1184 594 1288 634 mihi
1305 607 1442 646 parvo

1731 594 1786 636 ¹70

369 664 579 704 Orbilium
601 661 788 710 dictare3
818 658 895 699 sed
914 658 1140 699 emendata
1161 657 1299 698 videri

367 728 656 779 Pulchraque,
677 729 720 765 et
738 725 910 765 exactis
931 724 1149 764 minimum
1172 724 1394 773 distantia,
1416 724 1571 764 miror:

369 797 485 836 Inter
506 806 604 847 quae
626 791 806 833 verbum
825 791 1004 831 emicuit
1025 790 1063 830 si
1079 791 1188 831 sorte
1209 789 1424 840 decorum,
1446 794 1491 831 et

366 917 524 957 scripsisse
547 917 705 948 existimat
728 920 756 947 et
775 915 938 955 agnoscit5
960 918 1040 946 recte
1065 917 1177 953 censet,
1202 915 1278 945 milii
1299 915 1498 956 astipulatur,
1513 919 1544 948 et
1562 915 1697 956 propitio
1710 916 1788 946 Jove

358 958 429 994 fert
441 959 606 997 judicium.
653 959 746 989 Haud
768 968 824 996 ego
846 960 927 987 certe
949 956 1082 995 despicio
1106 965 1160 986 nec
1184 957 1339 995 proscribo
1362 958 1501 996 pae'mala
1526 957 1708 992 Andronici,
1721 965 1788 997 ‹11⁴oe

363 1001 503 1030 recordor
517 1000 590 1030 mihi
602 1009 694 1039 puero
706 1000 824 1029 dictata
843 999 880 1028 ab
902 998 1014 1028 immiti
1031 996 1163 1027 Orbilio.
1207 997 1270 1028 Sed
1283 1002 1435 1036 accurata,
1450 999 1575 1038 eximia,
1589 999 1697 1037 elfere
1717 1007 1789 1038 per-

357 1040 445 1076 fecta
457 1042 583 1077 censeri,
598 1041 744 1080 indignor
755 1050 766 1070 .·
795 1040 876 1070 inter
888 1049 955 1079 (μα’
967 1039 995 1069 si
1002 1039 1090 1076 sorte
1102 1038 1197 1068 dictio
1211 1039 1359 1078 quoepiam
1373 1040 1551 1080 elegantior,
1565 1041 1649 1080 sique
1657 1039 1789 1071 versicu-

956 1133 1174 1145 ommee
1180 1133 1198 1144 o

362 1196 522 1234 pluraque.
566 1195 711 1227 Chisian.
728 1199 759 1225 5.
781 1206 799 1226 a
811 1205 854 1226 m.
868 1205 919 1234 pr.
941 1196 968 1226 si
986 1197 1128 1236 pleraque
1142 1198 1313 1228 darm—6⁷
1330 1197 1442 1228 Dicere
1456 1197 1553 1228 credit
1566 1195 1790 1228 Schoenborn.

366 1238 397 1265 2.
413 1238 444 1266 3.
468 1235 563 1267 Harl.
578 1239 609 1268 2.
626 1239 656 1267 3.
671 1240 701 1268 4.
715 1240 747 1269 6.
762 1239 793 1269 7.
817 1238 871 1268 alii
887 1237 986 1268 codd.
1004 1247 1057 1277 ap.
1081 1238 1197 1268 Lamb.
1212 1247 1325 1269 omnes
1347 1247 1401 1278 ap.
1415 1238 1528 1273 Feam,
1543 1241 1578 1269 et
1593 1236 1670 1269 edd.
1685 1236 1788 1278 antiq.

363 1278 468 1307 credat
484 1277 606 1308 Venet.
621 1282 657 1308 et
670 1279 829 1309 Glarean.
843 1288 895 1317 ap.
911 1279 1017 1309 Zenn.
1040 1280 1121 1309 cedit
1135 1279 1249 1310 Bentl.
1263 1289 1305 1309 ex
1321 1289 1388 1310 uno
1403 1279 1504 1310 codd.
1517 1278 1596 1310 inde
1608 1278 1709 1309 Baxt.
1725 1278 1791 1309 Cu-

365 1317 456 1355 ning.
483 1317 605 1348 Sanad.
628 1319 773 1348 Mervill.
797 1318 884 1348 Phil.
911 1319 1062 1359 Saudby,
1077 1319 1179 1350 Gesn.
1195 1320 1331 1359 Dorigh.
1352 1321 1490 1359 Bipont.
1505 1319 1658 1351 Oberlin.
1673 1318 1789 1351 Comb-

365 1357 498 1389 Wakef.
515 1359 621 1389 Zeun.
637 1359 742 1389 Kidd.
757 1358 878 1397 Jaeck,
893 1363 928 1388 et
943 1359 1096 1398 Doering.
1111 1360 1253 1396 fatemur
1269 1360 1496 1391 Schoenborn.
1511 1363 1543 1392 2.
1557 1363 1675 1392 3.—-69
1696 1360 1792 1391 Harl.

364 1402 397 1429 4.
412 1402 443 1429 6.
458 1401 489 1430 7.
512 1399 632 1440 aliique
654 1399 752 1430 codd.
775 1400 1020 1440 quamplurimi,
1046 1409 1120 1431 cum
1148 1401 1225 1432 edd.
1241 1401 1344 1440 antiq.
1364 1401 1559 1440 delendaque.
1602 1401 1668 1432 Sed
1688 1402 1791 1432 delen-

365 1442 442 1470 dave
453 1440 531 1471 Vat.
545 1443 575 1471 l.
591 1450 611 1471 a
625 1450 667 1472 m.
684 1450 733 1480 pr.
749 1441 841 1472 Vatt.
853 1444 885 1472 7.
898 1444 947 1472 15.
959 1443 1012 1472 24.
1033 1441 1198 1472 vallicell.
1212 1444 1243 1472 3.
1262 1442 1316 1472 alii
1333 1442 1413 1472 Mss.
1429 1442 1516 1482 apud
1533 1442 1600 1473 Cru
1626 1463 1634 1472 .
1649 1446 1685 1473 et
1695 1443 1790 1473 Torr-

366 1481 423 1521 qni
441 1482 579 1512 laudant
594 1482 626 1512 in
643 1486 734 1520 nota,
747 1482 803 1513 alii
816 1482 905 1522 apud
915 1483 990 1512 Val.
1008 1481 1057 1513 ita
1070 1486 1221 1513 notatum
1238 1492 1279 1513 ex
1294 1482 1358 1514 Ms.
1373 1483 1407 1514 in
1423 1492 1482 1514 ora
1496 1482 1580 1514 edit.
1601 1451 1680 1514 aldi
1696 1485 1790 1515 1609.

366 1522 456 1553 Bibl.
471 1523 574 1554 Barb-
588 1523 758 1554 revocavit
772 1523 804 1554 in
821 1527 949 1554 textum
965 1523 1064 1554 Baxt.
1079 1523 1156 1555 inde
1172 1523 1284 1555 Bentl.
1301 1533 1481 1564 anonymus
1501 1524 1593 1564 Traj.
1615 1525 1657 1555 ad
1682 1524 1789 1556 Rheu.

368 1566 462 1595 1⁷1³.
486 1564 571 1596 Cun.
585 1565 664 1596 San.
677 1565 786 1595 Merv.
800 1564 904 1596 Gesn.
922 1566 1005 1596 Dor.
1021 1565 1138 1596 Oberl.
1151 1565 1288 1600 Combe,
1298 1564 1432 1596 Wakef.
1442 1566 1552 1596 Wetz.
1567 1566 1672 1596 Zeun.
1685 1565 1790 1596 Kidd.

366 1605 448 1643 Fea,
470 1604 590 1643 Bothe,
615 1606 737 1644 Jaeck,
762 1610 798 1637 et
824 1605 978 1645 Doering.
1018 1605 1106 1636 Loevi
1120 1615 1162 1636 ex
1176 1615 1241 1637 uno
1265 1606 1339 1637 cod.
1362 1606 1554 1645 Bentleius;
1575 1611 1611 1638 et
1634 1607 1683 1638 sic
1704 1607 1788 1638 Exe-

366 1646 448 1677 Sax.
463 1646 541 1676 inde
558 1655 740 1687 anonymus
753 1647 843 1686 Traj.
857 1647 897 1677 ad
916 1647 1025 1677 Rhen.
1052 1650 1147 1678 1713.
1183 1647 1322 1686 Cuning.
1336 1647 1459 1680 Sanad.
1474 1648 1620 1679 Mervill.
1635 1651 1670 1679 et
1685 1647 1790 1679 Kidd.

367 1686 493 1718 refutat
507 1687 734 1719 Wetze1.-7o
756 1687 835 1719 Ald.
851 1691 943 1718 1519.
962 1689 994 1718 in
1011 1687 1171 1719 Biblioth.
1187 1687 1342 1728 Angelic.
1357 1693 1507 1720 notatum
1521 1689 1623 1720 habet
1637 1689 1670 1720 in
1685 1697 1790 1728 marg.

366 1728 492 1758 memini
505 1732 689 1767 quem—'72
712 1729 857 1760 Chisian.
870 1731 902 1759 6.
921 1738 1031 1767 parum
1053 1729 1214 1760 distantia.
1261 1729 1352 1761 Vatt.
1364 1732 1396 1760 7.
1411 1733 1466 1762 24.
1494 1730 1652 1770 Angelic.
1668 1733 1697 1762 1.
1718 1725 1791 1761 alii-

365 1778 430 1809 que
445 1769 542 1800 codd.
559 1779 613 1809 ap.
628 1770 728 1810 Cruq.
750 1770 972 1800 nimiam—'13
994 1770 1072 1800 Vat.
1089 1773 1139 1801 19.
1162 1780 1182 1800 a
1197 1779 1242 1800 m.
1269 1780 1321 1810 pr.
1346 1771 1469 1802 enituit.
1493 1771 1635 1812 Cuning.
1651 1775 1693 1802 ‘ex
1708 1779 1790 1803 aure

365 1819 437 1846 sua,
453 1811 575 1842 emicuit
589 1811 711 1841 verbum
725 1811 765 1842 si.
811 1811 851 1841 In
862 1810 927 1841 fine
944 1820 1056 1841 versus
1071 1814 1103 1842 et
1117 1820 1182 1842 non
1195 1811 1338 1842 habetur
1351 1811 1386 1842 in
1400 1812 1496 1844 Harl.
1506 1815 1538 1843 4.
1560 1813 1639 1843 Vat.
1651 1813 1748 1844 Rom.
1758 1815 1790 1844 8.

365 1860 431 1882 uno
447 1851 639 1890 Pulmanni‚
653 1852 781 1883 duobus
798 1852 911 1884 Bentl.
936 1851 1076 1883 totidem
1092 1853 1250 1883 Torrent.
1266 1853 1346 1883 item
1362 1853 1396 1883 in
1411 1853 1487 1884 edd.
1509 1853 1624 1885 Bentl.
1637 1853 1730 1894 Traj.
1746 1853 1790 1884 ad

366 1892 476 1924 Rhen.
501 1895 593 1924 1713.
624 1893 764 1934 Cuniug.
789 1893 912 1924 Sanad.
938 1893 1085 1925 Mervill.
1113 1893 1254 1934 Dorigh.
1270 1894 1417 1926 Wetzel.
1438 1893 1546 1926 Kidd.
1566 1895 1646 1932 Fea,
1667 1895 1790 1931 Bothe,

1005 1986 1143 2018 NOTAE

405 2051 448 2080 68
468 2049 546 2080 Jove
553 2048 676 2088 judicat
689 2050 790 2090 oequo]
819 2048 930 2080 Recte
946 2049 1049 2080 sentit

365 2101 402 2129 et
420 2096 568 2137 judicat.
611 2096 748 2136 Jupiter
761 2097 866 2128 omnis
882 2097 1048 2136 aequitatis

365 2146 453 2184 fons,
478 2149 516 2176 ut
545 2150 580 2176 et
608 2145 761 2176 scientiae
793 2155 832 2176 ac
866 2145 1049 2185 sapientiae.

1101 2057 1183 2089 quos
1199 2047 1349 2079 Orbilius
1366 2047 1475 2080 ferula
1493 2049 1687 2090 sentinaque
1701 2052 1789 2083 ceci-

1099 2096 1172 2128 dite
1213 2097 1308 2128 Vixit
1333 2097 1376 2128 ad
1401 2107 1523 2129 annum
1546 2098 1659 2130 oetatie
1682 2109 1789 2141 prope

1099 2145 1331 2185 centesimum,
1354 2145 1475 2176 amissa
1493 2146 1563 2186 jam
1578 2146 1705 2186 pridem
1721 2157 1789 2180 me-

363 2194 463 2226 Unde
498 2193 688 2224 Minervam
724 2203 766 2225 ex
799 2193 872 2234 ejus
907 2193 1048 2225 cerebro

364 2247 575 2283 procreatam
591 2242 758 2274 dixerunt.

406 2293 446 2322 71
471 2291 637 2329 plagosum
654 2289 822 2330 Orbilium]
850 2290 1048 2330 Magistrum

365 2348 486 2375 meum,
515 2338 708 2380 frequentes
745 2339 860 2378 plagas
895 2337 1048 2379 infligere

364 2389 510 2420 solitum.
548 2387 684 2419 Sueton.
701 2388 742 2418 de
756 2387 881 2419 ntuetr.
902 2387 1049 2419 Gramm-

365 2446 440 2477 cap.
455 2439 486 2468 9.
502 2436 549 2467 sic
565 2437 666 2467 habet
680 2446 689 2467 :
714 2436 724 2453 ‘
740 2435 887 2466 Orbilius
911 2436 1049 2476 Puppil-

364 2486 417 2516 lus
433 2485 706 2521 Beneventanus,
717 2494 804 2516 anno
820 2485 1048 2525 quinquagesi-

366 2543 419 2565 mo
435 2533 575 2565 Romam
600 2533 766 2574 migravit,
789 2534 930 2565 Consule
954 2533 1048 2565 Cice-

366 2591 464 2613 rone:
481 2582 595 2614 docuit
604 2582 732 2623 majore
745 2581 834 2612 fama
849 2592 946 2622 quarn
961 2592 1049 2613 emo-

365 2631 523 2662 lumento.
566 2631 707 2662 Naturae
737 2630 800 2661 fuit
825 2631 970 2668 acerbae,
985 2641 1050 2662 non

366 2678 464 2708 modo
474 2679 505 2708 iu
519 2680 768 2719 antisophistas,
783 2689 862 2720 quos
879 2681 966 2710 omni
982 2690 1048 2711 ser-

366 2735 462 2756 mone
477 2727 646 2765 laceravit,
664 2729 722 2758 sed
738 2729 838 2760 etiam
855 2729 887 2759 in
903 2729 1048 2770 discipu-

366 2775 437 2807 los.‘
481 2776 534 2807 De
557 2785 597 2807 eo
624 2777 791 2808 Domitius
815 2779 969 2810 Marsus:
992 2779 1050 2811 ‘Si

1099 2193 1223 2224 moria:
1238 2193 1327 2224 unde
1342 2197 1395 2225 est
1408 2193 1564 2225 Bibaculi
1585 2196 1765 2227 versiculus
1782 2207 1790 2227 :

1101 2241 1112 2258 ‘
1122 2240 1269 2272 Orbilius
1283 2241 1416 2272 ubinam
1437 2244 1502 2281 est,
1516 2242 1691 2274 literarum
1706 2244 1789 2275 obli-

1101 2289 1155 2320 vio
1167 2289 1179 2319 ἒ
1192 2289 1201 2302 ’

1148 2337 1257 2368 Videri
1287 2338 1406 2370 exactis
1435 2338 1593 2370 minimum
1627 2339 1787 2378 distantia.

1101 2386 1210 2426 miror]
1254 2387 1388 2418 Pariter
1414 2387 1457 2418 de
1485 2388 1572 2419 Livii
1604 2388 1788 2422 Andronici

1103 2436 1237 2476 scriptis
1252 2440 1370 2467 censet
1380 2436 1519 2467 Tullius.
1562 2437 1698 2478 Quippe
1713 2439 1786 2479 ejus

1102 2483 1231 2516 fabulas
1253 2494 1318 2516 non
1341 2485 1422 2516 satis
1440 2485 1558 2526 dignas
1573 2487 1640 2527 legi
1655 2488 1785 2527 asserit,

1103 2534 1135 2564 in
1153 2535 1274 2573 Bruto,
1289 2534 1330 2565 de
1341 2534 1536 2574 Senectute,
1549 2536 1612 2567 &c-

1144 2585 1185 2614 73
1206 2583 1339 2615 Verbum
1353 2583 1476 2614 emicuit
1493 2584 1521 2614 si
1536 2583 1625 2621 sorte
1637 2585 1786 2621 decanam

1103 2631 1170 2670 isc-J
1208 2631 1313 2672 Atqui
1340 2636 1488 2662 assutum
1514 2641 1636 2663 crasse
1663 2642 1703 2664 ac
1728 2633 1787 2663 vili

1104 2685 1189 2720 togae
1201 2679 1343 2711 frustum
1360 2680 1459 2720 panni
1474 2679 1632 2721 fulgentis
1648 2681 1785 2720 praecla-

1104 2741 1173 2762 ram
1183 2734 1306 2762 vestem
1319 2729 1403 2760 haud
1415 2728 1509 2768 facit,
1524 2734 1560 2760 ut
1574 2729 1670 2760 estin
1680 2729 1787 2769 Epist.

1104 2780 1144 2810 ad
1158 2778 1226 2811 Pis.
1239 2788 1287 2811 vs.
1299 2780 1349 2809 1⁵.
1393 2777 1468 2809 Nec
1483 2776 1638 2809 laudatur
1649 2778 1785 2810 caelator
