1930 3204
370 263 388 303 l
396 262 479 304 608

368 368 411 394 tae
427 365 615 405 exemplum
630 365 765 404 elegans
777 365 865 405 apud
878 365 950 396 Val.
961 365 1053 398 Max.

370 421 450 444 vm.
467 416 498 444 2.
512 424 522 452 ς
546 422 609 444 non
627 412 714 453 quod
730 412 946 444 addiceretur
962 414 1052 454 fisco,

367 461 426 492 sed
455 462 543 502 quod
571 462 691 492 marito
721 461 870 493 cederet.
910 463 1051 494 Torrent.

366 510 446 540 Doti
460 511 622 550 deprensa]
640 510 694 541 Ne
716 510 830 542 dotem
852 513 976 543 amittit
992 522 1051 542 ux·

366 566 404 588 or
431 569 450 589 a
474 559 544 589 viro
571 559 790 598 deprehensa.
842 562 970 599 Egomet
994 561 1052 600 mi]

367 606 510 645 Egomet
535 608 614 638 mibi
636 608 669 638 in
690 613 788 640 *tanto
812 611 956 640 tumultu
974 619 1052 640 con·

366 656 450 685 sulo.

409 706 470 735 132
488 705 648 736 Discincta
662 707 766 737 tunica
771 706 975 746 fugiendum]
986 706 1053 737 Tu-

366 752 442 783 nica
457 762 523 784 non
537 753 658 786 cincta.

409 803 470 832 133
508 802 560 833 Ne
587 803 703 834 nummi
731 804 872 844 pereant]
908 806 961 836 Ne
990 805 1051 836 sini

365 850 507 882 nummis
547 860 599 882 me
638 853 885 894 redempturus,
913 859 1052 894 propter

365 898 564 931 adulterium
593 903 816 933 commissum.
868 904 933 934 Aut
952 904 1051 944 pyga]

365 948 460 978 Nihil
481 949 514 979 in
535 949 597 980 hoc
612 950 802 987 obscenum,
817 952 875 982 sed
892 953 1053 982 succisam

365 994 518 1026 adultero
535 1005 673 1036 pernam
690 998 851 1037 intelligo.
887 999 987 1030 Unde
1000 1009 1053 1030 su-

362 1044 485 1082 pernati
505 1045 594 1084 apud
618 1046 766 1084 Festum,
791 1051 828 1077 ut
851 1047 949 1086 paulo
976 1053 1054 1078 ante

366 1092 522 1125 diximus.
567 1093 648 1124 Vid.
665 1094 814 1126 Turneb.
839 1103 880 1126 11.
902 1098 954 1126 2³.
980 1096 1053 1126 Tor-

364 1147 446 1175 reat.
490 1145 557 1176 Aut
575 1154 671 1186 pyga,
692 1146 761 1186 aut]
784 1146 837 1177 Ne
854 1151 971 1186 pereat
995 1157 1054 1187 py-

366 1201 418 1231 ga,
433 1193 465 1223 id
481 1199 547 1231 est,
563 1203 604 1226 ne
620 1199 717 1225 nates
734 1195 914 1235 vapulent:
933 1200 1005 1234 aut,
1017 1200 1055 1227 ut

366 1241 422 1272 alii
447 1242 572 1282 volunt,
593 1253 634 1274 ne
661 1243 773 1284 patiar
796 1244 1054 1285 raphanismum,

367 1290 409 1321 de
425 1301 490 1331 quo
511 1301 622 1332 supra.

410 1344 471 1373 134
492 1343 650 1382 Deprendi
673 1343 816 1375 miserum
838 1343 900 1383 est]
922 1345 1054 1384 Depre-

365 1390 466 1421 hendi
481 1391 515 1421 in
531 1392 694 1423 adulterio
705 1392 860 1424 miserum
873 1398 933 1424 est.
957 1394 1053 1425 Fabio

364 1440 413 1470 vel
424 1439 544 1480 judice]
567 1441 778 1481 Interpretes
799 1442 938 1472 Fabium
962 1443 1051 1474 hunc

366 1487 491 1520 Jctum
520 1488 660 1529 faciunt,
689 1490 775 1530 quod
805 1490 938 1521 minime
968 1500 1051 1531 opus

365 1543 451 1568 erat.
494 1538 638 1569 Tamum
659 1539 883 1579 intelligamus
899 1540 1051 1579 aliquem,

367 1587 423 1626 qui
447 1592 670 1618 matronarum
693 1592 841 1619 sectator
864 1589 1056 1627 acerrimus,

365 1644 444 1665 mox
468 1635 708 1674 deprehensus,
724 1646 763 1667 ac
778 1637 864 1667 male
880 1637 1053 1676 multatus,

367 1683 534 1714 Venerem
571 1684 660 1715 illam
700 1690 767 1715 tam
809 1685 1056 1724 detestabatur,

366 1740 462 1771 quam
486 1737 564 1763 ante
579 1732 785 1764 laudaverat.
807 1733 947 1764 Torrent-
995 1733 1055 1764 Fa-

366 1782 414 1812 bio
428 1783 587 1820 velJ'udice
605 1783 738 1824 vincam]
759 1782 794 1814 Si
812 1782 934 1813 Fabius
949 1783 970 1815 J
975 1783 1055 1814 uris-

367 1832 539 1862 consultus
555 1831 630 1872 (qui
655 1832 687 1863 in
709 1832 875 1863 adulterio
898 1832 975 1863 olim
991 1831 1056 1864 fuit

367 1880 611 1922 deprehensus)
627 1881 669 1912 sit
679 1881 786 1922 judex
803 1882 837 1912 in
846 1881 909 1912 hac
926 1891 961 1913 re
977 1891 1056 1913 con-

368 1929 516 1969 stitutus,
539 1939 605 1970 ego
626 1930 769 1969 vincam,
782 1929 814 1961 id
837 1935 904 1966 est,
923 1931 1055 1962 obtine-

371 1976 426 2006 bo.

367 2024 448 2055 Sur.
465 2033 522 2055 ιιι.
542 2025 741 2066 [Bamberg.
785 2027 836 2057 De
853 2027 1055 2066 Ermogenete

410 2073 494 2104 Gelli
503 2075 715 2114 modulatam]
758 2076 824 2106 Eos
839 2077 980 2115 primum
1002 2085 1053 2106 re-

412 2122 598 2161 prehendit,
623 2123 680 2162 qui
697 2132 795 2163 quum
819 2123 860 2153 ad
883 2134 943 2154 sua
965 2125 1052 2163 ipso-

412 2179 484 2200 rum
499 2169 581 2201 vitia
597 2170 810 2209 conniveant,
824 2171 857 2201 in
873 2171 990 2201 alienis
1005 2171 1052 2201 vi-

410 2218 531 2250 dendis
557 2218 711 2249 acumine
730 2219 900 2250 oculorum
928 2220 1051 2250 valent.

411 2267 548 2299 Deinde
573 2272 753 2298 amatorum
783 2273 818 2298 et
845 2273 975 2307 patrum
995 2278 1052 2298 ex—

412 2317 524 2356 emplo
540 2315 669 2346 leviora
684 2316 767 2346 vitia
781 2316 815 2346 in
828 2316 971 2347 amicitia
987 2316 1052 2347 dis-

411 2363 598 2395 simulanda
626 2373 698 2394 esse
721 2363 832 2394 docet.
875 2364 1054 2396 Postremo

412 2415 455 2447 ad
489 2414 785 2454 reprehensionem
817 2414 923 2445 Stoici
954 2415 1052 2446 Para-

411 2464 489 2497 doxi
511 2463 686 2504 dilabitur,
701 2464 757 2504 qui
781 2464 874 2504 paria
889 2473 961 2495 esse
978 2474 1054 2505 pec-

412 2517 490 2545 cata
505 2513 631 2544 dicunt.

411 2563 513 2594 Hunc
540 2562 735 2593 Sermonem
763 2570 782 2591 a
809 2561 949 2593 ridicula
974 2571 1055 2602 qua-

369 2613 445 2643 dam
457 2612 711 2644 decantatorum
723 2610 871 2643 moribus
889 2611 1056 2643 sententia

369 2670 505 2690 exorsus
521 2660 698 2696 Horatius,
709 2669 786 2690 mox
805 2660 908 2691 veluti
925 2669 944 2691 e
956 2660 1055 2691 turba

370 2707 573 2739 audientium
611 2707 835 2739 adversarium
878 2709 1053 2749 quemdam

369 2755 433 2788 sibi
445 2765 627 2798 opponens,
642 2766 681 2788 ac
702 2762 910 2797 quoerentem
927 2757 1053 2799 tingens

815 275 952 305 NOTAE
985 275 1243 308 VARIORUM
1277 277 1330 307 IN

1102 376 1143 397 an
1159 366 1230 407 ipse
1246 367 1302 409 qul
1319 367 1352 398 in
1373 367 1454 399 alios
1476 368 1617 404 diceret,
1633 368 1674 400 ab
1693 371 1780 402 omni

1101 415 1183 447 vitio
1205 417 1357 448 immunis
1380 422 1490 456 esset;
1513 427 1578 449 non
1606 418 1702 450 modo
1727 419 1784 450 ho·

1099 469 1193 495 neste
1218 466 1410 506 respondet,
1426 467 1485 498 sed
1507 466 1585 498 inde
1604 473 1714 498 sumta
1728 476 1789 498 σοι

1100 513 1410 555 casione,quomodo
1422 515 1563 547 comiter
1570 516 1683 546 amieis
1692 521 1786 547 uten-

1100 561 1189 597 dum,
1205 568 1304 603 atque
1321 563 1396 602 illis,
1412 564 1439 594 si
1456 564 1537 604 quid
1559 564 1648 596 forte
1665 573 1784 604 pecca-

1101 611 1220 651 verint,
1231 612 1469 651 ignoscendum
1485 614 1539 649 sit,
1551 613 1663 645 docet.
1683 614 1771 645 Yorr.

1141 662 1161 690 2
1183 660 1270 691 Inter
1296 662 1420 702 amicos]
1444 662 1539 694 Inter
1569 662 1692 693 amicos
1719 661 1786 693 sibi

1099 706 1290 740 familiares.

1141 759 1160 786 3
1184 757 1300 795 Injussi
1325 768 1477 798 nunquam
1508 757 1673 798 desistant]
1706 758 1784 790 Non

1101 805 1209 844 rogati
1241 811 1388 838 cantare.
1433 806 1567 845 Sardus]
1603 807 1673 837 Per
1703 815 1784 837 con-

1102 857 1288 892 temptum:
1313 855 1400 893 quod
1417 855 1449 885 in
1467 855 1598 886 homine
1621 854 1679 885 illo
1693 858 1784 885 esset

1102 901 1288 939 prudentiae
1314 907 1348 933 et
1374 903 1612 934 moderationis
1639 903 1695 934 vix
1717 903 1784 933 ulla

1101 949 1259 989 scintilla,
1274 951 1332 980 sed
1347 959 1441 981 vanae
1462 951 1636 991 cujusdam
1651 960 1786 991 persua·

1101 997 1200 1028 sionis
1216 1003 1249 1029 et
1261 999 1414 1030 stultitiae
1428 998 1623 1038 plurimum:
1645 1008 1711 1039 quo
1725 1009 1784 1030 no-

1103 1045 1192 1077 mine
1217 1050 1291 1077 erat
1314 1056 1372 1078 sua
1395 1052 1509 1088 gente,
1525 1051 1606 1088 puta
1625 1047 1785 1079 Sardibus

1100 1094 1288 1125 hominibus
1304 1096 1438 1136 iugenio
1461 1096 1574 1127 servili
1596 1096 1699 1137 probe
1714 1095 1787 1137 dig-

1103 1152 1175 1175 nus.
1200 1144 1295 1184 Cruq.
1339 1145 1458 1176 Sardus
1479 1145 1622 1186 habebat]
1643 1145 1786 1177 Hermo-

1103 1202 1205 1232 genes
1219 1194 1402 1233 Tigellinus
1416 1204 1458 1226 ex
1473 1195 1641 1227 Sardinia.

1143 1245 1163 1274 4
1191 1243 1274 1282 Hoc]
1308 1243 1384 1275 Hoc
1415 1245 1532 1276 vitium
1565 1248 1789 1276 cantatorum.

1105 1292 1224 1332 Coesar]
1247 1292 1429 1334 Augustus.

1142 1344 1161 1371 5
1181 1341 1301 1377 Patris,
1312 1345 1403 1382 atque
1415 1351 1511 1382 suam,
1525 1340 1601 1380 non]
1623 1341 1691 1373 Per
1705 1341 1785 1372 ami-

1100 1389 1212 1421 citiam
1238 1390 1321 1422 Julii
1345 1391 1499 1431 Caesaris,
1524 1390 1629 1432 patris
1653 1390 1704 1422 sui
1726 1398 1786 1431 per

1099 1437 1328 1478 adoptionem.

1142 1489 1163 1517 6
1185 1487 1222 1518 Sa·
1230 1487 1431 1527 collibuisset]
1451 1489 1497 1519 Et
1508 1488 1535 1519 si
1546 1487 1710 1529 Tigellino
1717 1487 1788 1518 eol-

1102 1534 1265 1567 libuisset.
1293 1536 1341 1567 Ab
1349 1546 1403 1568 ovo
1422 1536 1570 1576 nequead
1583 1535 1678 1576 mla]
1699 1536 1786 1567 Tota

1086 1584 1228 1628 'quippe
1265 1594 1362 1616 coena
1388 1586 1548 1616 cantabat
1581 1585 1784 1624 Tigellinus:

1101 1641 1177 1663 nam
1193 1633 1242 1667 ab,
1257 1642 1320 1664 ovo
1340 1633 1559 1673 incipiebant,
1575 1634 1679 1674 pomis
1699 1633 1787 1664 desi·

1102 1680 1234 1712 nebant.
1272 1682 1383 1713 Quare
1396 1687 1431 1713 et
1444 1683 1454 1699 ‘
1467 1691 1636 1722 pomorum
1652 1691 1767 1714 mensa
1777 1682 1788 1696 '

1103 1729 1197 1760 dicta
1211 1729 1329 1761 eadem
1340 1739 1415 1770 quae
1427 1735 1463 1761 et
1476 1731 1486 1748 ⁴
1498 1730 1668 1770 secunda:
1679 1736 1716 1762 ut
1729 1731 1786 1764 lib.

1104 1788 1153 1810 ιν.
1170 1779 1237 1810 Od.
1258 1783 1289 1810 5.
1313 1779 1510 1811 notavimus.
1555 1781 1610 1811 De
1638 1779 1692 1810 ovi
1707 1789 1788 1821 quo-

1104 1838 1169 1869 que
1183 1829 1217 1859 in
1240 1829 1344 1859 coenis
1360 1838 1420 1859 usu
1435 1838 1501 1860 non
1515 1837 1582 1859 uno
1597 1830 1670 1860 loco
1684 1828 1789 1859 Athe-

1103 1886 1196 1908 naeus
1209 1877 1242 1908 in
1253 1878 1510 1917 δειπνοσοφιστῶν
1521 1876 1624 1908 libris.
1647 1877 1787 1908 Torreat.

1104 1927 1154 1958 Ab
1177 1937 1231 1958 ovo
1250 1927 1351 1967 Usque
1369 1928 1409 1957 ad
1423 1927 1519 1967 mala]
1545 1925 1598 1957 Ab
1613 1934 1677 1957 ovo
1697 1924 1787 1967 quod

1103 1981 1178 2007 erat
1193 1985 1296 2007 coeuae
1312 1976 1454 2007 initium.

1145 2028 1164 2055 7
1186 2024 1239 2055 Ad
1249 2025 1344 2065 mala]
1364 2025 1478 2065 Usque
1492 2023 1534 2055 ad
1547 2033 1657 2064 poma,
1672 2023 1706 2054 id
1721 2026 1788 2062 est,

1102 2081 1205 2102 coenae
1221 2068 1332 2102 finem.
1365 2071 1495 2111 citaret,
1510 2072 1546 2102 Io
1561 2071 1696 2110 Bacche]
1720 2071 1787 2100 Vo-

1102 2121 1149 2150 cis
1161 2120 1382 2150 intentionem
1393 2119 1557 2159 significat
1566 2128 1641 2150 cum
1657 2120 1667 2136 ‘
1681 2118 1787 2150 citan-

1103 2167 1157 2198 di'
1173 2168 1275 2198 verbo
1298 2168 1425 2197 utitur:
1448 2175 1524 2197 nam
1538 2167 1548 2184 ‘
1565 2167 1671 2197 citare
1684 2166 1693 2179 ¹
1710 2175 1786 2206 pro-

1103 2216 1177 2256 prie
1207 2221 1259 2247 est
1284 2226 1343 2256 per
1373 2225 1561 2255 praeconem
1589 2224 1728 2254 vocare;
1750 2219 1787 2247 et

1102 2265 1274 2296 Plutarch.
1290 2265 1323 2294 in
1338 2264 1419 2295 Vita
1441 2263 1597 2303 Gracchi,
1612 2264 1700 2304 quod
1722 2265 1789 2296 Ro-

1103 2314 1190 2344 mani
1224 2313 1342 2344 dicunt
1368 2313 1477 2351 citare,
1503 2311 1716 2343 ἀνακαλεῖσθαι
1742 2313 1788 2353 τῇ·

1102 2361 1254 2401 σάλπιγγι
1266 2362 1387 2394 Graece
1401 2360 1560 2392 reddidit.
1597 2361 1646 2392 Ut
1658 2366 1787 2393 taceam

1103 2412 1166 2442 hoc
1188 2412 1260 2442 loco
1282 2410 1410 2450 optime
1435 2409 1627 2449 convenire,
1649 2409 1789 2449 perinde

1106 2470 1145 2492 ac
1172 2461 1197 2491 si
1227 2459 1396 2491 Bacchum
1420 2458 1453 2489 in
1479 2458 1643 2496 convivio,
1669 2467 1789 2498 magna

1107 2518 1188 2540 voce
1216 2513 1408 2540 consuetum
1436 2507 1515 2538 illud
1549 2507 1716 2546 intonans,
1751 2507 1787 2538 Io

1106 2559 1238 2596 Bacche,
1261 2557 1302 2588 ad
1332 2556 1484 2587 laetitiam
1506 2556 1644 2587 excitet.
1687 2555 1789 2588 Quod

1105 2608 1206 2649 igitur
1229 2605 1403 2638 Turnebus
1429 2613 1511 2637 xui.
1539 2607 1570 2636 1.
1592 2605 1629 2635 Ιο
1654 2604 1789 2636 Bam-lie

1105 2658 1210 2698 magis
1235 2656 1368 2698 probat,
1389 2664 1452 2686 non
1478 2664 1610 2695 possum
1635 2663 1700 2686 non
1721 2654 1787 2685 dis-

1103 2707 1240 2741 sentire.
1256 2710 1326 2737 tum
1342 2704 1431 2745 quod
1452 2704 1544 2736 nullo
1557 2704 1591 2735 in
1607 2703 1722 2735 codice
1736 2702 1785 2733 sic

1105 2756 1268 2797 scriptum
1297 2753 1444 2795 repperi,
1473 2757 1543 2785 tum
1572 2751 1661 2794 quod
1691 2752 1784 2783 loen·
