1916 3262
352 287 463 327 1244
818 300 858 335 Q.
892 296 1091 325 HonA'ru
1125 298 1295 327 FLAcci

353 388 573 429 Clarorum
593 394 809 442 apparent.
868 387 963 427 Nec
985 400 1197 428 sermones
1217 402 1293 441 ego
1311 389 1479 430 mallem
1671 390 1754 431 250

352 453 569 506 Repentes
589 467 663 506 per
680 454 866 501 humum,
887 465 1016 504 quam
1036 465 1103 493 res
1123 466 1374 507 componere
1394 459 1554 507 gestas,

350 518 659 570 Terrarumque
678 519 786 557 situs
808 521 850 557 ct
867 517 1043 558 flumina
1060 517 1218 567 dicere,
1238 524 1282 559 et
1303 533 1423 560 arces

355 583 580 623 Montibus
601 582 838 634 impositas,
858 587 902 622 et
921 583 1100 622 barbara
1120 595 1262 634 regna,
1283 586 1453 637 tuisque

352 647 578 699 Auspiciis
599 651 732 687 totum
749 647 943 688 confecta
962 647 1104 688 duella
1126 661 1200 700 per
1218 650 1377 699 orbem,

352 712 634 764 Claustraque
654 712 871 752 custodem
893 713 1014 764 pacis
1036 713 1278 754 cohibentia
1297 714 1326 754 J
1331 727 1469 764 anum,

352 777 409 817 Et
425 777 693 817 formidatam
714 777 883 816 Parthis
903 781 944 817 te
965 778 1155 830 principe
1177 777 1384 829 Romam-3

351 843 415 891 Si,
436 845 642 894 quantum
663 854 878 894 cuperem,
901 854 1077 894 possem
1098 854 1294 894 quoque:
1325 844 1400 884 sed
1420 858 1556 898 neque
1578 857 1754 899 parvum

353 907 533 947 Carmen
550 906 754 958 majestas
775 907 930 959 recipit
950 912 1039 956 tua,
1059 920 1136 947 nec
1157 920 1280 947 meus
1299 909 1428 950 audet

353 971 463 1011 Rem
485 975 650 1011 tentare
669 971 821 1024 pudor,
840 983 971 1023 quam
994 972 1101 1011 vires
1123 971 1229 1011 ferre
1249 979 1463 1015 recusent.

352 1035 568 1076 Sedulitas
589 1042 746 1084 autem,
769 1036 897 1076 stulte
918 1049 1047 1089 quem
1068 1036 1217 1088 diligit,
1237 1041 1380 1090 urget3

351 1101 583 1153 Praecipue
605 1114 700 1142 cum
723 1114 770 1141 se
789 1102 978 1142 numeris
995 1103 1268 1144 commendat
1286 1108 1328 1143 et
1347 1108 1456 1154 arte3

352 1166 497 1207 Discit
517 1167 630 1206 enim
653 1166 782 1212 citius
802 1167 1078 1219 meminitque
1096 1167 1298 1209 libentius
1318 1168 1425 1208 illud

1674 714 1758 755 255

1675 1038 1759 1080 260

346 1298 455 1336 poe'toe.
501 1300 570 1337 Ego
586 1310 659 1331 vero
678 1309 736 1330 non
757 1302 877 1331 mallem
890 1301 1020 1331 scribere
1039 1301 1164 1335 humiles
1175 1312 1333 1342 sermones,
1345 1313 1436 1343 quam
1449 1307 1502 1334 tua
1515 1303 1664 1335 celebrare
1677 1302 1759 1340 faci-

345 1347 435 1376 nora,
458 1343 486 1370 et
507 1341 586 1370 situs
608 1341 766 1380 regionum
788 1344 818 1371 et
830 1341 958 1379 fluuios,
973 1344 1002 1370 et
1025 1351 1108 1372 arces
1127 1344 1275 1373 montibus
1289 1344 1502 1382 intuitio-atas,
1517 1349 1549 1375 et
1564 1345 1660 1375 victos
1672 1353 1760 1382 reges

349 1378 502 1418 barbaros,
514 1384 544 1411 et
559 1381 635 1412 bella
654 1382 715 1411 tuis
728 1381 872 1420 auspiciis
887 1382 956 1411 orbe
969 1383 1031 1411 toto
1044 1381 1152 1420 finita,
1165 1386 1194 1412 et
1209 1385 1350 1423 templum
1369 1385 1526 1415 includens
1539 1385 1655 1415 «Ianum
1675 1385 1759 1423 pacis

348 1422 513 1460 custodem,
538 1426 568 1452 et
592 1423 717 1452 Ronnam
736 1426 765 1452 te
788 1425 935 1460 regnante
952 1422 1079 1452 Parthis
1092 1425 1301 1460 metuendam5
1322 1425 1350 1454 si
1364 1425 1486 1464 quidem
1501 1429 1617 1455 tantum
1631 1426 1760 1455 valerem

347 1464 492 1499 quantum
505 1466 690 1502 exoptarem.
732 1464 778 1493 At
792 1466 846 1493 tua
858 1463 999 1500 majestas
1012 1473 1069 1493 non
1083 1465 1221 1494 admittit
1235 1465 1313 1495 exile
1331 1474 1450 1496 carmen
1460 1476 1472 1502 ;
1493 1470 1523 1496 et
1537 1476 1603 1496 mea
1616 1475 1758 1497 verecun-

347 1502 400 1532 dia
415 1511 478 1532 rem
490 1504 619 1542 aggredi
633 1508 763 1543 veretur,
783 1505 822 1534 ad
845 1514 933 1543 quum
951 1504 1034 1534 vires
1055 1505 1177 1535 minime
1198 1506 1361 1546 sufficiunt.
1406 1507 1504 1536 Porro
1518 1508 1614 1547 officia
1625 1510 1760 1546 gravant

349 1552 418 1573 eum
431 1553 516 1583 quem
527 1546 620 1576 stulte
632 1546 744 1584 colunt,
765 1545 933 1584 praesertim
947 1554 1014 1575 cum
1026 1555 1057 1576 se
1068 1547 1251 1585 protrudunt
1268 1547 1402 1578 versibus
1415 1551 1445 1578 et
1461 1549 1606 1579 carmine.
1650 1547 1760 1578 Enim-

939 1646 1174 1660 eeeeeeeeeeee

351 1721 394 1748 tes
408 1718 631 1752 Schoenborn.
647 1725 678 1753 4.
699 1731 749 1753 res
759 1732 849 1762 quam
863 1723 928 1753 duo
941 1722 1038 1754 codd.
1055 1732 1109 1762 ap.
1125 1722 1358 1754 Volant—252
1373 1722 1552 1761 Bamberg.
1563 1726 1598 1753 et
1612 1721 1759 1758 Schoen-

350 1759 443 1790 born.
465 1762 496 1790 2.
518 1763 548 1791 3.
570 1764 600 1792 4.
625 1763 788 1794 Terrarum
810 1764 889 1794 situs
913 1767 944 1794 et
958 1764 1103 1804 flumina,
1129 1765 1199 1794 sine
1224 1767 1394 1803 que—253
1417 1764 1574 1794 Montibus
1597 1766 1627 1793 et
1644 1763 1763 1802 positas

349 1800 574 1834 schoenborn.
590 1806 727 1835 2.-256
749 1805 791 1834 Et
807 1804 1038 1840 formidandam
1062 1805 1138 1835 Vat.
1154 1805 1251 1836 Rom.
1266 1808 1296 1835 2.
1332 1808 1362 1835 et
1380 1804 1519 1844 principe
1539 1803 1763 1835 Schoenborn.

349 1843 488 1873 2.—259
509 1843 588 1874 Rem
602 1847 748 1884 temptare
761 1845 941 1885 Bamberg.
978 1846 1059 1876 vires
1071 1846 1252 1885 quamforte
1265 1847 1345 1876 Vat.
1362 1849 1390 1876 l.
1423 1848 1561 1876 recusant
1583 1844 1762 1883 Bamberg.

350 1883 575 1916 Schoenborn.
590 1888 621 1917 2.
637 1889 669 1917 3.
691 1887 769 1916 Vat.
785 1889 837 1918 1⁴.
860 1886 1003 1918 Chisian.
1017 1891 1048 1917 5.
1071 1887 1226 1918 Vallicel.
1243 1889 1274 1917 3.
1295 1892 1330 1918 et
1346 1893 1414 1918 tres
1439 1887 1493 1916 aiii
1511 1886 1609 1917 codd.
1625 1894 1680 1925 ap.
1695 1886 1762 1915 Va-

350 1924 531 1956 lart.—261
554 1926 651 1958 Harl.
668 1931 700 1959 6.
714 1928 848 1959 numeris
861 1938 929 1959 cum
942 1937 981 1959 se.
1017 1928 1092 1959 Vat.
1109 1931 1137 1959 1.
1153 1937 1174 1959 a
1189 1938 1231 1959 m.
1246 1938 1295 1968 pr.
1311 1935 1346 1959 et
1358 1928 1511 1959 Vallicel.
1526 1930 1556 1959 3.
1570 1927 1763 1958 commendet.

991 2022 1022 2052 N
1027 2021 1128 2052 OTAE

391 2081 453 2110 250
476 2080 543 2111 Nec
564 2090 713 2113 sermones
733 2092 787 2122 ego
805 2082 940 2122 mallem]
963 2082 1031 2114 Ad-

350 2132 444 2159 verte
459 2130 668 2168 prudentiam
681 2136 716 2162 et
731 2131 927 2163 modestiam
943 2131 1030 2162 Poe'-

351 2182 396 2207 tae
421 2178 539 2208 nostri.
587 2180 672 2220 Ego,
719 2180 839 2220 inquit,
875 2180 902 2210 si
932 2180 1030 2220 Epici

1085 2083 1174 2114 Flor.
1191 2093 1265 2122 cap.
1278 2084 1338 2114 ult.
1701 2096 1704 2099 ⁴

1123 2135 1184 2163 253
1216 2133 1291 2162 Tuis
1317 2130 1471 2171 Auspiciis
1494 2129 1645 2171 confecta]
1672 2129 1761 2161 Vide

1082 2189 1132 2211 iv.
1149 2181 1214 2210 Od.
1232 2183 1282 2211 14.

351 2226 504 2256 carminis
538 2227 704 2258 scribendi
732 2227 894 2259 facultate
929 2229 1032 2268 pone-

350 2283 432 2313 rem,
454 2279 547 2306 certe
574 2276 703 2306 mallem
732 2286 785 2307 res
809 2276 850 2307 ab
878 2276 1031 2316 Augusto

351 2324 512 2362 praeclare
543 2329 653 2364 gestas
690 2325 839 2356 versibus
875 2325 1031 2356 Heroicis

351 2372 555 2412 consignare,
590 2382 687 2413 quam
721 2374 846 2404 Satires
883 2372 1031 2413 pedestri

351 2429 444 2451 musa
459 2421 602 2452 scribere
617 2432 624 2452 :
649 2431 763 2453 verum
778 2423 866 2453 iuius
882 2423 1030 2453 materiae

352 2469 508 2509 gravitati
534 2471 621 2502 vires
638 2480 727 2502 meas
742 2473 885 2512 impares
901 2471 1029 2509 senti03

351 2518 568 2559 timeremqne
589 2520 599 2537 ‘
622 2520 798 2560 splendida
819 2519 911 2551 facta
932 2519 1031 2550 foedis

353 2567 485 2606 scriptis
501 2568 646 2599 illinere’
661 2573 696 2600 et
711 2569 889 2600 maculare.

394 2618 456 2645 252
467 2616 563 2648 Arces
569 2617 728 2648 Montibus
737 2617 908 2658 impositas]
918 2618 928 2635 ‘
939 2617 1032 2648 Prae-

354 2662 439 2692 sidia
467 2669 501 2694 et
522 2667 691 2698 custodias
717 2667 839 2708 ubique
872 2667 1035 2708 disposuit

356 2732 364 2740 .
378 2731 386 2740 .
400 2733 407 2742 .
422 2732 429 2741 .
444 2721 504 2750 per
526 2714 630 2745 Rheni
654 2715 788 2756 quidem
811 2716 917 2757 ripam
941 2716 1035 2756 quin-

354 2760 514 2799 quaginta
549 2764 687 2800 amplius
720 2765 858 2795 castelia
889 2763 1036 2794 direxit.’

1122 2231 1182 2259 255
1209 2229 1406 2267 Claustraque
1416 2228 1530 2257 custod.
1543 2225 1611 2266 Sym]
1642 2226 1762 2258 Portas

1082 2277 1192 2318 itaque
1203 2277 1279 2308 Jani
1295 2277 1434 2316 clausas,
1448 2281 1484 2307 ut
1497 2276 1587 2316 pacis
1600 2280 1761 2317 tempore.

1083 2334 1134 2356 iv.
1151 2325 1216 2356 Od.
1234 2328 1285 2355 15.

1124 2376 1186 2404 256
1217 2373 1423 2404 Formidatam
1453 2372 1598 2412 Parthis]
1628 2371 1708 2403 Vid.
1737 2380 1763 2404 ¹.

1085 2422 1151 2453 Od.
1167 2425 1217 2452 12.
1235 2427 1270 2452 et
1286 2424 1335 2453 19.
1361 2430 1417 2452 ιιι.
1433 2421 1499 2452 od.
1514 2425 1545 2453 5.
1562 2430 1613 2452 ιν.
1625 2420 1694 2453 od.
1712 2424 1765 2452 15.

1123 2473 1186 2502 260
1208 2470 1362 2502 Sedulitas
1389 2473 1501 2510 autem,
1531 2469 1600 2509 ξω]
1636 2469 1762 2500 Intem-

1084 2519 1247 2559 pestivum
1264 2517 1408 2548 officium
1424 2527 1486 2548 nec
1506 2517 1587 2549 utile
1604 2524 1670 2548 vnec
1691 2526 1764 2557 gra·

1085 2573 1154 2599 tum
1171 2567 1314 2604 videtur,
1329 2566 1387 2597 sed
1403 2566 1624 2606 potiusgrave
1639 2570 1701 2596 est.
1716 2603 1718 2605 ‚
1759 2576 1761 2580 ·

1125 2619 1187 2648 262
1210 2617 1315 2647 Discit
1325 2615 1404 2646 enim
1413 2613 1596 2655 citius,q·c.]
1617 2614 1687 2646 Cic.
1701 2621 1762 2654 pro

1085 2666 1259 2696 Muraena:
1283 2669 1292 2682 ¹
1305 2663 1366 2694 Cui
1386 2664 1509 2702 piacet,
1530 2661 1760 2698 obliviscitum

1087 2715 1140 2746 cui
1154 2714 1255 2752 dolet,
1265 2711 1434 2744 meminit-⁹
