1916 3262
365 283 473 324 1270
825 295 867 329 Q.
899 290 1100 320 ΗυηΑΤιι
1137 291 1304 321 nbscci

911 418 976 447 AD
1010 416 1216 446 PiSoNEs.

363 493 461 526 Hunc
474 495 605 531 librum,
617 494 671 534 qui
686 492 878 525 inscribitur
890 492 940 523 De
952 491 1030 523 Arte
1047 491 1183 530 Po‘e'tico,
1193 491 1233 522 ad
1246 491 1283 522 L.
1297 491 1462 528 Pisonem,
1472 490 1528 530 qui
1543 492 1659 530 postea
1668 487 1770 518 Urbis

405 546 523 577 Custos
548 546 626 584 fuit,
647 545 755 583 misit,
777 554 853 575 nam
876 549 910 575 et
933 545 1005 584 ipse
1026 543 1103 574 Piso
1119 543 1216 583 poeta
1238 542 1315 582 fuit,
1329 549 1364 574 et
1383 542 1567 573 studiorum
1585 539 1772 571 liberalium

404 597 564 635 antistes;
587 597 620 627 in
637 606 733 637 quem
748 595 866 627 librum
889 595 1057 634 congessit
1073 599 1246 634 praecepta
1266 593 1478 633 Neoptolemi
1492 590 1615 632 [Parii]
1629 590 1671 620 de
1687 588 1772 620 Arte

403 648 564 685 Poetica;
589 657 654 678 non
682 647 815 688 quidem
837 646 959 683 omnia,
974 645 1031 676 sed
1057 645 1322 675 eminentissima.
1350 644 1418 675 Vct.
1433 643 1532 673 Schol.
1548 642 1648 673 Baxt.
1690 639 1773 681 (Po-

404 704 471 731 test
486 700 539 730 hic
554 699 685 730 libellus
699 698 870 729 commode
891 697 1003 728 liaberi
1020 706 1081 737 pro
1098 696 1245 737 Epistola
1260 696 1349 727 Libri
1371 695 1508 727 secundi
1525 693 1638 731 tertia,
1651 691 1707 733 qui
1723 691 1772 722 sie

403 759 467 781 non
484 750 589 790 major
610 749 673 780 erit
689 749 787 780 Libro
802 749 919 789 primo.
964 748 1036 779 Nec
1054 753 1238 787 temporum
1253 747 1349 787 ratio,
1362 751 1417 778 aiut
1433 746 1519 777 aliud
1536 743 1772 782 necessarium,

403 801 491 842 quod
506 801 620 838 sciam,
635 805 864 840 argumentum
881 799 1004 830 obstat.
1049 799 1154 829 Favet
1171 799 1268 828 etiam
1291 798 1466 833 Charisius,
1483 797 1536 837 qui
1553 805 1586 836 p.
1602 797 1674 827 182.
1689 796 1720 824 3.
1736 797 1772 825 et

406 855 477 884 183.
494 855 542 883 10.
556 852 750 892 simpliciter
764 853 773 868 ‘
787 851 1011 891 Epistolarum
1021 849 1030 863 ’
1044 849 1190 888 nomine,
1202 858 1276 889 quae
1287 849 1339 880 liic
1353 849 1519 888 leguntur,
1530 847 1655 878 laudat.
1699 845 1772 876 Μι-

402 909 476 935 ture
492 907 602 933 tamen
618 907 653 933 ut
665 902 838 942 peculiaris
853 901 983 932 libellus
998 901 1164 939 laudatur,
1174 910 1193 931 a
1207 899 1413 932 Quintiliano
1424 900 1530 940 Epist.
1547 898 1588 930 ad
1600 896 1771 937 Tryphon.

403 955 460 986 ubi
475 954 671 994 simpliciter
685 953 793 984 Artem
812 953 968 983 Po'e'ticam
989 956 1099 990 vocat,
1115 955 1149 982 et
1166 959 1245 982 vni.
1260 953 1291 982 3.
1306 953 1358 982 60.
1381 960 1423 982 ex
1435 951 1445 968 ‘
1464 950 1570 991 prima
1583 953 1681 990 parte
1696 947 1772 979 libri

404 1006 447 1037 de
474 1005 559 1036 Arte
584 1004 741 1036 Poetica'
766 1005 872 1044 ipsum
899 1003 995 1035 affert
1021 1003 1231 1044 principium.
1273 1002 1464 1034 Priscianus
1492 1009 1624 1043 quoque
1653 1005 1688 1031 et
1717 998 1774 1036 alii

403 1057 622 1088 Grammatici
639 1057 758 1096 passim
773 1058 782 1074 ‘
797 1056 973 1087 Horatium
997 1055 1039 1086 de
1056 1055 1138 1086 Arte
1161 1054 1321 1085 Poetica'
1337 1054 1452 1086 citant.
1495 1053 1548 1084 An
1565 1051 1770 1084 occasionem

404 1108 580 1148 separandi
605 1108 776 1138 voluminis
802 1108 908 1147 dedit,
932 1107 1020 1148 quod
1043 1112 1079 1138 ut
1104 1107 1272 1138 Somnium
1287 1106 1450 1146 Scipionis
1476 1115 1517 1137 ex
1535 1103 1705 1135 Ciceronis
1727 1102 1771 1133 de

403 1159 592 1199 Republica
604 1168 706 1198 opere
721 1163 918 1199 excerptum
934 1158 1123 1190 Macrobius
1138 1158 1333 1198 explicavit,
1347 1158 1394 1189 sic
1410 1162 1539 1188 mature
1554 1154 1773 1188 Grainmstici

402 1210 581 1242 Horatium
596 1211 813 1250 interpretari
836 1210 990 1250 coepere?
1034 1210 1134 1243 Certe
1151 1210 1160 1226 ‘
1173 1209 1321 1240 Terentii
1335 1209 1451 1240 Scauri
1474 1209 1589 1250 (quem
1606 1206 1774 1238 Hadriani

403 1263 609 1302 temporibus
633 1262 782 1301 assignat
801 1262 932 1292 Gellius
949 1270 1000 1292 xi.
1018 1260 1085 1302 15.)
1129 1261 1447 1293 Commentariorum
1468 1261 1504 1291 in
1518 1259 1635 1291 Artem
1658 1257 1771 1290 Poeti-

402 1323 474 1344 cam
491 1314 624 1344 Horatii
642 1313 758 1343 librum
782 1313 831 1343 x.’
854 1313 968 1343 laudat
993 1313 1120 1344 Charis.
1145 1323 1177 1353 p.
1194 1316 1266 1343 182.
1281 1317 1311 1345 5.
1327 1317 1360 1343 et
1376 1315 1447 1343 188.
1474 1314 1526 1343 17.
1568 1311 1608 1343 In
1635 1310 1716 1341 Mss.
1737 1313 1772 1340 et

402 1365 520 1404 priscis
541 1364 738 1394 editionibus
753 1364 824 1403 jam
851 1369 927 1404 post
954 1365 1086 1404 Epodos
1108 1371 1141 1394 et
1163 1364 1301 1394 Carmen
1327 1364 1494 1394 Soeculare
1520 1362 1668 1402 ponitur,
1683 1361 1770 1392 utin

401 1416 466 1446 Ms.
491 1415 719 1455 Gottingensi,
733 1416 769 1446 it.
793 1415 825 1445 in
843 1415 922 1446 edit.
947 1414 1190 1446 Mediolanensi
1211 1417 1302 1446 1477.
1325 1414 1360 1445 in
1374 1414 1509 1444 Veneta
1524 1415 1617 1445 1479.
1634 1414 1696 1444 &c-
1717 1422 1772 1443 us·

401 1476 466 1507 qne
481 1466 522 1497 ad
538 1467 582 1497 H.
597 1466 823 1506 Stephanum3
846 1475 931 1496 nuuc
957 1466 1067 1496 medio
1088 1466 1174 1497 inter
1199 1466 1366 1506 Epistulas
1387 1470 1423 1496 et
1443 1465 1618 1496 Sermones
1633 1465 1718 1503 loco,
1733 1469 1770 1496 ut

400 1520 433 1549 in
447 1518 592 1549 editione
609 1519 736 1553 Zaroti.
751 1527 838 1548 nunc
854 1517 996 1558 denique
1012 1518 1126 1549 ultimo
1141 1517 1286 1549 omnium
1301 1518 1376 1548 loco
1391 1521 1466 1557 post
1481 1516 1660 1557 Epistolas,
1675 1516 1771 1556 cnjus

401 1570 546 1600 instituti
575 1574 690 1601 auctor
714 1570 844 1600 videtur
866 1569 1016 1600 laudatus
1035 1569 1135 1600 modo*
1155 1569 1200 1600 H.
1224 1569 1423 1609 Stephanus,
1437 1568 1493 1609 qui
1518 1567 1679 1598 rationem
1701 1568 1771 1608 ejus

402 1621 513 1651 reddit
539 1621 648 1651 Diatr,
665 1630 697 1660 p.
715 1623 765 1651 32.
809 1621 910 1651 Certe
935 1629 1000 1651 non
1028 1620 1194 1659 annotavi,
1209 1620 1264 1660 qui
1285 1624 1364 1651 ante
1379 1619 1470 1650 illum
1493 1619 1609 1650 ultimo
1625 1619 1699 1650 loco
1715 1628 1771 1659 po-

399 1677 495 1701 neret
513 1670 640 1710 Artem,
654 1681 763 1712 neque
780 1671 834 1711 qui
851 1674 926 1710 post
941 1671 1031 1701 illum
1047 1680 1112 1702 non
1136 1676 1288 1710 poneret.
1334 1670 1518 1710 nardum,
1532 1670 1588 1711 qui
1603 1670 1644 1702 Q.
1660 1669 1769 1701 Hora-

401 1723 482 1753 tium
509 1723 666 1753 Flaccum
692 1727 794 1763 negat
813 1726 985 1753 auctorem
1009 1722 1104 1762 liujus
1130 1721 1235 1753 libelli
1258 1731 1343 1761 esse,
1357 1721 1596 1761 respondemus
1620 1721 1702 1752 locis
1717 1721 1771 1759 iis,

400 1773 487 1804 unde
503 1774 529 1804 is
554 1779 651 1813 putat
673 1774 734 1805 lioc
760 1774 904 1814 probari.
918 1772 1033 1814 Gesn.)
1075 1774 1194 1804 Placet
1222 1773 1299 1803 mihi
1324 1772 1488 1803 sententia
1501 1771 1690 1810 Wielandii,
1713 1772 1771 1812 qui

401 1830 515 1865 negat,
531 1825 710 1856 Horatium
725 1826 866 1856 voluisse
879 1825 934 1856 hic
949 1824 1043 1856 Artis
1059 1824 1209 1856 Poeticae
1222 1824 1355 1856 tradere
1370 1827 1550 1864 praecepta,
1565 1822 1625 1854 sed
1638 1822 1772 1854 hortatu

400 1877 533 1907 Pisonis
556 1877 660 1917 patris
682 1877 838 1908 Pisonem
857 1885 1011 1917 puerum,
1029 1876 1124 1907 nimis
1149 1876 1191 1907 ad
1216 1874 1329 1907 versus
1355 1874 1526 1907 faciendos
1546 1874 1737 1916 proclivem,
1751 1882 1771 1903 a

399 1928 492 1968 poesi
514 1929 697 1968 deterrere,
713 1930 761 1960 rei
785 1927 983 1960 difficultate
1006 1928 1244 1964 demonstrata,
1260 1932 1295 1959 et
1310 1927 1411 1967 vitiis,
1430 1936 1504 1968 quae
1519 1926 1617 1967 vulgo
1641 1926 1771 1957 soleant

400 1980 575 2018 committi,
587 1979 753 2012 indicatis.

359 2053 582 2094 HUMANo
604 2052 737 2104 capiti
757 2053 970 2093 cervicem
989 2053 1130 2105 pictor
1149 2052 1351 2104 equinam

358 2117 387 2158 J
391 2129 545 2168 ungere
566 2117 605 2157 si
626 2117 746 2166 velit,
767 2120 809 2156 et
827 2118 970 2158 varias
987 2116 1186 2157 inducere
1206 2116 1391 2168 plumas,

400 2218 438 2248 Sa·
447 2219 548 2258 pictor
562 2220 689 2251 humano
703 2220 798 2260 capiti
810 2221 905 2251 addat
918 2221 1025 2251 collum
1035 2220 1187 2260 equinum,
1201 2219 1393 2257 diversasque
1404 2218 1524 2257 plumas
1535 2219 1665 2257 apponat
1677 2225 1769 2246 mem·

945 2301 981 2312 Ν
987 2301 1120 2312 ‘eomo
1124 2300 1177 2312 σου

400 2353 451 2383 Ad
464 2352 504 2384 L.
518 2354 717 2393 Calpurnium
730 2355 872 2385 Pisonem
887 2358 917 2386 et
931 2355 995 2394 ejus
1006 2355 1094 2396 filios
1108 2353 1254 2385 nonnulli
1267 2351 1364 2383 codd.
1379 2361 1431 2391 ap.
1441 2351 1463 2383 J
1467 2350 1561 2381 aeck.
1587 2350 1628 2386 Q.
1639 2349 1771 2383 Horatii

358 2392 462 2426 Flacci
481 2395 685 2434 Epistularum
698 2396 792 2426 Liber
806 2397 917 2427 tertius
931 2397 1052 2427 Sanad.
1091 2396 1229 2435 Epistola
1251 2394 1345 2425 tertio
1368 2394 1408 2423 ad
1431 2393 1559 2423 Pisones
1580 2391 1702 2424 Jneck.
1726 2393 1767 2428 Q.

359 2434 490 2478 Horatii
505 2436 611 2467 Flacci
627 2437 766 2477 Epistola
781 2438 820 2468 ad
838 2437 976 2475 Pisones,
1000 2437 1062 2468 sive
1083 2437 1133 2468 De
1147 2436 1228 2468 Arte
1248 2435 1372 2465 Poetica
1394 2433 1487 2464 Liber
1512 2433 1546 2464 in
1572 2432 1767 2473 quibusdam

358 2475 445 2507 aliia
484 2477 563 2508 vid.
584 2477 784 2518 Argum—2
808 2478 922 2509 Codex
939 2479 1148 2518 Bersumnni,
1170 2478 1307 2515 Jungere
1320 2475 1372 2515 qui
1386 2475 1469 2506 velit.
1503 2473 1586 2506 cod.
1602 2474 1698 2505 Sorb.
1716 2484 1769 2515 ap.

969 2552 972 2556 ’
993 2549 1130 2581 No'rAE

398 2613 415 2640 1
440 2610 583 2641 Humano
597 2610 703 2650 copiti,
716 2611 785 2652 ξω]
798 2610 868 2642 Per
882 2610 1033 2642 ridiculae
1086 2615 1262 2651 oportere3
1287 2614 1355 2640 tum
1377 2610 1414 2638 ut
1436 2607 1624 2638 cohaereant
1638 2611 1674 2638 et
1686 2614 1766 2639 con-

357 2660 392 2687 et
415 2663 607 2689 monstrosae
631 2659 771 2699 pieturae
786 2659 1033 2691 similitudinem
1087 2659 1221 2690 veniant
1241 2658 1396 2688 universa
1418 2660 1454 2687 et
1476 2655 1619 2696 singula,
1642 2659 1712 2685 tum
1727 2659 1765 2695 ut

355 2705 462 2745 primo
478 2706 549 2737 loco
564 2706 663 2738 docet
678 2707 852 2746 Horatius,
871 2707 1033 2738 uniforme
1086 2708 1128 2739 ad
1161 2706 1240 2748 quid
1269 2715 1369 2737 unum
1394 2704 1503 2735 omnia
1530 2701 1764 2743 respondeant.

356 2753 597 2794 opus,ejusque
610 2759 722 2794 partes
732 2756 949 2797 homogeneas
962 2765 1035 2788 esse
1085 2756 1172 2788 Vide
1189 2755 1330 2787 Aristot.
1347 2753 1445 2786 Poet.
1459 2761 1533 2793 cap.
1549 2754 1578 2783 1.
1594 2755 1630 2782 et
1642 2760 1711 2791 seq.
