1916 3262
356 296 466 338 1218

821 306 863 343 Q.
896 303 1102 333 HORA'rn
1138 303 1307 334 emico!

356 399 535 440 Plautus
554 398 609 439 ad
630 397 854 449 exemplar
875 395 1014 438 Siculi
1038 407 1268 449 properare
1285 394 1561 448 Epicharmi3

354 463 542 505 Vincere
565 464 772 505 caecilius
792 463 1020 515 gravitate,
1040 462 1267 502 Terentius
1287 466 1394 501 arte.

356 573 473 603 charmi
500 572 616 608 Sicu1i;
639 571 784 602 Coecilius
801 570 972 609 gravitate,
990 567 1151 599 Terentius
1164 567 1296 610 artificio
1309 572 1465 609 praestare.
1515 565 1585 597 Hos
1598 565 1732 599 ediscunt
1747 573 1784 595 ac
1808 573 1811 577 ·

951 661 990 673 ee
994 660 1190 673 “curce“

359 715 468 748 Attius
481 715 686 747 Lamb.—59
708 715 835 747 Pearce
850 716 892 747 ad
909 715 1007 746 finem
1024 715 1119 755 hujus
1135 724 1249 747 versus
1263 714 1493 756 interrogandi
1507 717 1618 746 notam
1634 710 1785 753 ponite-

998 781 1137 829 Nora}

362 860 556 892 Atheniensi
573 860 698 892 dictum
712 866 761 892 est
779 870 817 892 ιι.
835 861 909 892 Sat.
926 863 957 891 3.
974 863 1024 891 11.

401 912 442 940 ⁶8
464 909 599 940 Plautus
613 910 652 940 nd
664 910 833 949 exemplar,
847 909 917 949 ssa]
941 909 1046 948 Egre-

361 958 414 998 gie
444 958 678 997 Epicliarmum
709 958 833 988 imitari
859 958 894 988 in
923 957 1046 988 fabulis

362 1006 606 1037 constituendis
627 1011 664 1037 et
685 1006 854 1046 ornandis,
879 1011 982 1046 atque
1005 1005 1046 1036 ad

361 1055 489 1086 exitum
505 1055 590 1087 scite
616 1056 850 1096 perducendis.
891 1056 1047 1093 Plautus,

361 1113 403 1134 ex
418 1103 557 1134 Umbria
569 1104 739 1142 oriundus,
751 1103 883 1143 ingenio
894 1103 959 1134 fuit
972 1114 1047 1144 per-

360 1151 488 1182 urbano
505 1156 540 1182 et
557 1153 698 1183 maxime
713 1151 847 1183 festivo.
901 1152 942 1183 In
964 1153 1048 1183 urbe

360 1198 473 1230 floruit
484 1199 599 1230 iisdem
613 1201 821 1240 temporibus
831 1200 951 1241 quibus
960 1200 1048 1232 Pub.

360 1247 474 1288 Scipio
490 1254 524 1279 et
540 1249 587 1279 M.
599 1249 695 1281 Cato.
739 1250 927 1280 Comoedias
943 1250 1047 1290 scrip-

361 1297 406 1327 sit
423 1297 710 1337 vigintiquinque,
721 1306 763 1328 ex
778 1298 891 1328 Laelio.
919 1299 1048 1329 Latinae

361 1353 482 1384 parens
499 1349 534 1375 et
549 1346 705 1384 princeps
727 1345 906 1384 elegantiae
926 1345 1050 1376 dicitur

363 1393 499 1424 Gellio:
524 1398 558 1423 et
586 1393 713 1430 Musas,
741 1393 767 1423 si
807 1393 925 1424 Latine
958 1393 1050 1433 loqui

363 1442 500 1481 vellent,
514 1442 672 1472 Plautino
698 1451 849 1472 sermone
865 1442 1049 1481 locuturas,

364 1491 411 1521 ait
441 1491 548 1520 Varro
579 1499 621 1520 ex
649 1491 797 1522 Stolone.
823 1490 966 1522 Quintil.
989 1490 1048 1521 cit.

363 1539 519 1570 Mortuus
535 1543 586 1570 est
602 1540 640 1570 P.
657 1539 800 1570 Claudio
815 1545 851 1570 et
869 1540 908 1570 L.
930 1539 1050 1571 Portio

365 1588 459 1619 Coss.
496 1588 623 1619 Catone
637 1588 795 1626 Censore,
821 1597 864 1618 ex
881 1587 992 1619 Cicer.
1008 1589 1050 1619 de

365 1636 455 1668 Clar.
485 1637 583 1667 Orat.
608 1646 639 1667 n.
659 1639 712 1667 60.
757 1635 833 1668 Hoc
849 1636 913 1667 sibi
935 1637 1051 1676 Epita-

366 1686 479 1725 phium
503 1685 625 1716 fecisse
653 1685 798 1716 dicitur:
835 1690 844 1702 ⁴
867 1685 1052 1727 Postquam

364 1739 473 1765 morte
497 1739 550 1765 est
573 1740 692 1774 captus
708 1734 864 1770 Plautus,
881 1734 1053 1766 Comoedia

366 1784 473 1824 luget,
506 1793 607 1814 scena
642 1788 695 1813 est
730 1782 886 1813 deserta:
921 1783 1054 1814 Deinde

366 1834 464 1867 risus,
479 1832 656 1872 ludusque,
675 1832 856 1871 jocusque,
880 1835 916 1862 et
939 1840 1054 1862 nume-

365 1883 394 1913 ri
420 1882 590 1913 Innumeri
615 1881 714 1912 simul
752 1889 866 1911 omnes
893 1880 1053 1921 collacry-

368 1929 526 1961 marum!

409 1978 596 2017 Prope-rare]
619 1977 706 2009 Haec
729 1986 794 2007 vox
809 1977 937 2008 indicat
949 1975 1052 2008 offici-

367 2036 422 2056 um
438 2025 532 2066 gnari
548 2024 678 2063 Poetae,
697 2025 739 2055 de
759 2034 823 2065 quo
838 2024 872 2054 in
887 2024 995 2064 Epist.
1010 2024 1053 2055 ad

368 2075 438 2107 Pis.
469 2084 517 2105 vs.
548 2076 621 2105 148.
649 2073 811 2113 ‘Semper
832 2071 874 2103 ad
897 2077 1053 2104 eventum

369 2121 530 2154 festinat!

411 2170 513 2202 Siculi
540 2169 730 2210 Epicharmi]
757 2168 823 2199 Hic
853 2167 1052 2207 Pythagorae

370 2220 518 2257 auditor,
533 2218 687 2260 quaedam
701 2218 741 2248 de
764 2220 882 2247 natura
897 2225 1004 2247 rerum
1020 2220 1056 2248 et

369 2268 549 2306 medicina,
574 2267 762 2307 complures
791 2270 900 2296 autem
930 2266 1056 2296 Comoe-

370 2314 442 2347 dias
471 2315 634 2356 praeclare
669 2313 829 2353 scripsit:
861 2313 939 2354 quin
966 2319 1001 2344 et
1026 2314 1058 2345 ei

371 2364 550 2396 comoediae
575 2364 745 2395 inventum
772 2362 873 2403 aliqui
893 2362 1057 2394 tribuunt.

371 2413 427 2445 Ab
449 2423 489 2444 eo
515 2414 620 2445 multa
640 2418 732 2444 certe
753 2412 852 2443 Plato
881 2411 1055 2443 delibavit.

372 2462 463 2493 Tull.
473 2462 513 2493 ad
527 2462 677 2495 Atticum
692 2471 717 2492 1.
734 2464 784 2493 19.
801 2465 810 2478 “
822 2460 927 2492 Vafer
937 2461 992 2491 ille
1006 2461 1056 2492 Si-

373 2512 466 2542 culus
480 2511 663 2543 insusurret
684 2511 902 2550 Epicharmus
918 2510 1055 2542 cantile-

373 2552 449 2591 nam
476 2560 564 2591 illam
584 2570 695 2591 suam:
718 2560 818 2599 Νᾶφε,
849 2559 899 2591 καὶ
927 2559 1056 2598 μέμνασ’

375 2607 525 2639 ἀπιστεῖν·
541 2608 635 2649 ἄρθρα
647 2610 747 2641 ταῦτα
763 2611 824 2640 τῶν
844 2609 982 2650 φρενῶν.’
1013 2610 1058 2641 Et

375 2656 417 2686 de
451 2657 560 2689 Petit..
582 2660 716 2690 Consul.
748 2669 779 2690 n.
803 2662 857 2691 30.
885 2661 896 2678 ⁴
913 2661 1058 2692 Quamo-

378 2704 494 2744 brem,’
519 2708 636 2748 inquit,
661 2710 898 2750 ι’ῐεῐτι-ιχιιιρμ.εῒον
911 2710 992 2741 illud
1009 2714 1058 2741 te-

377 2759 478 2786 neto:
503 2756 651 2787 ‘Nervus
671 2763 774 2798 atque
797 2765 890 2791 artus
909 2769 983 2791 esse
1008 2769 1059 2790 sa·

1099 860 1248 900 pientiae,
1265 869 1329 891 non
1346 864 1471 892 temere
1487 855 1670 890 credere.'’

1140 911 1183 939 69
1206 908 1363 948 Cae-ilias]
1383 909 1512 940 Statius
1526 906 1696 945 Coecillus,
1709 905 1786 936 Me·

1100 957 1310 996 diolanensis‚
1324 961 1361 989 nt
1384 958 1500 989 volunt
1521 956 1677 997 qnidam:
1700 956 1783 987 scri-

1100 1006 1218 1038 bendis
1242 1005 1423 1037 Comoediis
1449 1005 1482 1036 in
1504 1004 1585 1036 urbe
1611 1003 1784 1036 excelluit.

1099 1055 1199 1086 Ennii
1227 1054 1456 1086 familiaritate
1477 1062 1517 1085 ac
1531 1052 1681 1084 Terentii
1693 1060 1785 1089 usus,

1100 1104 1198 1144 hujus
1215 1104 1316 1134 etiam
1332 1104 1532 1144 scriptorum
1549 1110 1680 1133 censor.
1722 1100 1787 1131 Fa·

1100 1152 1187 1183 bulae
1204 1151 1330 1183 Caecilii
1346 1153 1420 1193 plus
1431 1151 1570 1192 triginta
1583 1159 1603 1180 a
1614 1147 1785 1181 veteribus

1101 1201 1337 1231 celebrantur:
1362 1200 1392 1231 N
1396 1200 1563 1238 auclerus,
1577 1197 1727 1234 Procius,
1742 1197 1786 1229 E-

1102 1249 1270 1290 phestion,
1310 1250 1496 1290 Syracusae,
1535 1246 1786 1282 Pansimachm,

1100 1297 1288 1336 Epiclems,
1313 1297 1471 1336 Fallacia,
1496 1297 1701 1330 Faenerator.
1720 1297 1787 1326 &m

1101 1344 1244 1376 Quintil.
1266 1347 1275 1361 ‘
1289 1345 1458 1375 Caecilium
1482 1349 1613 1376 vetere·
1633 1343 1787 1376 laudibus

1100 1391 1239 1430 ferunt,’
1253 1393 1372 1433 inquit.

1147 1440 1323 1480 Terentius]
1356 1442 1444 1474 Pub.
1473 1440 1650 1472 Terentius
1676 1440 1787 1472 Poeta

1103 1490 1262 1529 comicus,
1282 1490 1484 1532 Carthagine
1506 1490 1678 1530 oriundus,
1703 1498 1788 1530 puer

1103 1538 1268 1570 adductus
1307 1540 1458 1577 Romam,
1483 1539 1630 1570 Terentii
1660 1539 1788 1570 Lucani

1104 1588 1235 1627 patroni
1251 1588 1424 1628 diligentia
1444 1588 1618 1619 institutus
1639 1596 1679 1619 ac
1693 1587 1788 1618 brevi

1104 1637 1333 1674 manumissus,
1362 1637 1405 1668 ob
1433 1637 1603 1677 egregiam
1630 1635 1789 1673 indolem,

1105 1685 1297 1725 ingeniique
1311 1684 1508 1716 facilitatem
1523 1688 1561 1718 at
1575 1683 1788 1724 elegantiam.

1106 1733 1193 1764 Pub.
1220 1733 1376 1772 Scipione
1398 1737 1435 1764 et
1453 1733 1492 1764 C.
1511 1733 1616 1764 Laelio
1638 1742 1714 1764 mus
1735 1737 1791 1763 est

1106 1781 1327 1820 familiariter,
1341 1781 1479 1822 aliisque
1495 1781 1694 1822 primoribus
1707 1780 1790 1812 civi-

1107 1830 1196 1861 tatis.
1241 1830 1384 1861 Statium
1399 1829 1568 1862 Caecilium
1578 1829 1722 1861 maxime
1731 1829 1791 1861 ob·

1106 1879 1265 1918 servavit,
1291 1888 1432 1920 eumque
1455 1887 1627 1911 censorem
1655 1878 1791 1911 adhibe-

1105 1927 1176 1958 bat.
1218 1928 1286 1958 Sex
1298 1927 1429 1959 fabulas
1445 1928 1580 1967 scripsit
1595 1928 1637 1959 ab
1653 1927 1791 1967 Apollo-

1105 1974 1188 2006 doro
1217 1979 1252 2006 et
1288 1976 1475 2006 Menandro
1506 1976 1639 2007 Graecis
1673 1975 1790 2006 Poetis

1106 2024 1282 2054 translatas
1299 2029 1395 2054 tanta
1410 2023 1518 2054 Latini
1534 2024 1695 2055 sermonis
1712 2033 1790 2062 pro-

1106 2071 1252 2111 prietate
1267 2075 1302 2102 et
1316 2076 1507 2110 venustate,
1529 2077 1566 2103 ut
1585 2071 1628 2103 ab
1649 2071 1789 2103 eruditis

1105 2120 1292 2161 quibusque
1306 2120 1388 2151 mire
1404 2121 1568 2152 laudetur.
1613 2120 1732 2152 Cicero
1746 2121 1788 2151 ad

1107 2168 1213 2202 Attio.
1249 2168 1434 2209 ‘optimum
1462 2169 1654 2200 Latinitatis
1677 2172 1791 2200 sucto-

1110 2216 1196 2248 rem’
1211 2216 1306 2248 dicit.
1328 2217 1470 2249 Quintil.
1481 2218 1551 2257 jam
1566 2217 1626 2248 cit.
1645 2217 1789 2248 ‘Teren-

1109 2266 1301 2305 tii-scripta
1325 2265 1365 2296 ad
1386 2266 1580 2305 Scipionem
1593 2263 1789 2298 Africanum

1110 2313 1325 2350 referuntur:
1355 2323 1474 2355 nempe
1508 2314 1552 2345 ob
1586 2313 1790 2353 singularem

1109 2363 1320 2401 elegantiam.
1365 2362 1548 2394 Ausonius:
1571 2361 1582 2379 ‘
1597 2362 1647 2392 Tu
1657 2369 1791 2402 quoquc

1109 2413 1166 2454 qui
1191 2413 1320 2444 Latium
1341 2413 1431 2444 lecto
1454 2420 1617 2450 sermone,
1641 2410 1792 2450 Terenti,

1109 2462 1221 2494 Comis
1245 2467 1281 2493 et
1306 2462 1445 2494 astricto
1466 2461 1636 2502 percurris
1660 2460 1791 2501 pulpita

1109 2511 1232 2542 socco!

1149 2559 1244 2600 Arte]
1276 2559 1424 2590 Terentii
1453 2559 1592 2591 solertia
1618 2557 1790 2599 praecipua

1108 2608 1174 2640 fuit
1198 2610 1232 2640 in
1257 2608 1481 2649 exprimendis
1506 2607 1669 2646 moribusg
1691 2615 1788 2648 qnam

1109 2658 1190 2689 satis
1203 2667 1300 2689 nemo
1315 2657 1450 2688 laudare
1463 2661 1579 2697 queat.
1619 2655 1707 2686 Vide
1720 2655 1789 2685 Do·

1109 2713 1178 2741 nat.
1193 2708 1227 2740 in
1241 2709 1378 2740 Terent.
1398 2707 1509 2739 Julius
1528 2706 1676 2745 Souliger
1690 2704 1790 2736 Poet.

1110 2767 1165 2791 m.
1189 2760 1243 2789 97.
1264 2758 1275 2776 ‘
1292 2756 1522 2789 laestissimam
1545 2754 1731 2787 orationem
1752 2757 1790 2787 et
