1916 3262
1482 298 1596 341 1323

1515 400 1600 439 410

627 308 691 338 1)ss
723 308 858 339 ARTE
893 307 1118 339 POETch.

148 401 247 443 Nec
265 400 370 442 rude
389 398 491 454 quid
512 398 657 453 possit
677 398 807 440 video
822 398 1038 452 ingenium
1056 409 1066 439 :
1097 397 1280 439 alterius
1299 397 1366 438 sic

146 467 301 510 Altera
320 466 465 522 poscit
484 478 613 520 opem
634 478 718 515 res,
739 468 783 506 et
803 465 1003 520 conjurat
1021 464 1181 505 amice.

74 564 85 571 -
147 535 240 585 Qui
259 534 404 577 studet
423 537 619 588 optatam
641 545 775 574 cursu
795 533 1045 586 contingere
1066 534 1243 582 metam,

148 601 296 644 Multa
314 601 411 642 tulit
429 600 621 654 fecitque
642 613 781 654 puer3
812 598 991 641 sudavit
1011 602 1055 640 et
1077 598 1208 649 alsit3

146 666 372 710 Abstinuit
390 667 567 710 Venere
587 674 634 708 et
648 668 783 708 vino:
815 667 890 720 qui
913 665 1075 721 Pythia
1095 669 1245 707 cantat

145 735 345 786 Tibicen,
356 734 515 777 didicit
535 735 673 789 prius,
695 734 987 788 extimuitque
1007 734 1282 786 magistrum.

147 801 244 845 Nec
265 803 377 845 satis
397 806 464 844 est
484 802 669 853 dixisse,
691 806 703 824 ‘
718 803 812 856 Ego
831 803 942 844 mira
962 799 1175 856 poemata
1195 813 1341 855 pango
1361 814 1371 842 :

1517 733 1603 774 415

145 929 273 966 natura,
287 927 336 958 rel
350 933 464 958 viatura
479 926 546 958 sine
560 926 746 959 eruditione.
791 926 847 958 Ita
867 935 918 958 res
936 936 998 957 nna
1019 926 1103 967 petit
1125 926 1280 959 auxilium
1294 925 1438 963 alterius,
1453 927 1483 955 et
1499 926 1604 954 mutuo

136 967 244 1007 Juvat.
270 969 334 1005 Qua·
347 970 434 1010 cupit
449 973 562 1002 metam
576 972 754 1010 exoptatam
764 979 858 1001 eursu
868 970 1037 1008 attingere,
1051 979 1071 1000 α
1084 969 1253 1009 juventute
1266 970 1365 1000 multu
1378 966 1510 1009 pertulit
1525 965 1605 1004 egit-

145 1020 216 1051 que,
229 1015 340 1044 astum
353 1016 383 1044 et
397 1013 509 1052 frigus
531 1011 692 1051 toleravit,
712 1012 885 1052 voluptates
898 1011 1069 1043 abdicavit.
1116 1013 1181 1048 Qui
1197 1012 1278 1043 tibia
1298 1011 1385 1043 canit
1405 1011 1439 1042 in
1461 1008 1604 1051 Pythia,

145 1056 218 1086 ante
231 1055 374 1086 eruditus
386 1058 435 1086 est
449 1058 480 1086 et
496 1054 648 1094 magistro
671 1054 814 1086 subditus
823 1054 907 1092 ficit.
951 1054 997 1086 At
1020 1055 1107 1086 modo
1122 1055 1236 1097 sufficit
1251 1055 1371 1086 dicere.-
1394 1054 1467 1093 Ego
1485 1051 1603 1093 perfec-

759 1160 917 1174 06000000
921 1160 999 1173 mo

146 1234 266 1272 Statii,
289 1244 345 1275 ego
359 1245 430 1267 non.
475 1235 607 1267 Heller.
624 1237 831 1276 Erga—410
855 1236 937 1267 Vat.
951 1236 1107 1267 Palam&
1126 1245 1145 1266 a
1161 1244 1205 1266 m.
1219 1243 1270 1275 pr.
1282 1234 1382 1275 possit
1393 1244 1405 1271 ,-
1428 1233 1478 1264 sic
1500 1232 1604 1264 etiam

146 1277 205 1307 alii
223 1277 308 1308 Mss.
326 1278 416 1317 apud
434 1278 550 1310 Lamb.
567 1278 612 1310 G.
629 1279 765 1310 Fubric.
782 1278 909 1310 Luisin.
922 1279 972 1310 ita
984 1278 1108 1311 Joann.
1125 1278 1290 1309 Sarisber.
1304 1277 1425 1308 Metal.
1438 1285 1462 1307 1.
1478 1278 1511 1307 8.
1529 1285 1606 1315 pro-

147 1319 207 1349 bat
225 1319 336 1350 Bentl.
361 1325 548 1360 sequnntur
570 1330 756 1361 anonymus
769 1323 864 1352 1713.
886 1322 972 1353 Cun.
991 1321 1095 1351 Baxt.
1117 1320 1196 1351 San.
1212 1320 1325 1352 Merv.
1349 1319 1439 1350 Phil.
1454 1317 1606 1357 Sandhy,

146 1361 256 1393 Genu.
270 1361 390 1394 Oberl.
406 1362 545 1398 Combe,
561 1362 695 1394 Wakef.
707 1364 820 1394 Wetz.
835 1363 944 1394 Zeun.
959 1363 1105 1393 Schelle.
1129 1360 1185 1393 Al.
1199 1361 1422 1402 prusia—414
1450 1360 1566 1392 Venere
1577 1363 1608 1391 et

146 1403 274 1435 Baccho
289 1403 388 1434 codd.
401 1404 554 1435 nonnulli
582 1404 748 1444 Lambini,
766 1404 824 1445 qui
839 1404 958 1435 landa-t
973 1403 1006 1434 in
1025 1408 1118 1442 nota,
1135 1403 1192 1434 alii
1215 1404 1300 1434 Mss.
1324 1402 1467 1434 Achillis
1489 1402 1607 1440 Statii,

145 1445 233 1477 edit.
260 1445 377 1476 Ptine.
407 1446 486 1477 Zar.
501 1449 595 1477 1470.
620 1447 730 1478 Venn.
749 1449 846 1478 1481.
864 1449 959 1478 1486.
981 1449 1078 1478 1490.
1094 1448 1190 1478 1495.
1213 1446 1370 1477 Britann.
1388 1447 1483 1476 1520.
1508 1449 1606 1475 notat.

146 1486 195 1518 H.
207 1487 327 1528 steph.
345 1488 379 1519 in
395 1489 546 1524 margine
559 1487 719 1520 editionis
732 1498 823 1528 suae3
840 1489 963 1520 iterum
979 1487 1181 1529 reproduxit
1192 1487 1481 1527 Sanad.Sandby,
1493 1487 1607 1518 Merv.

143 1532 254 1562 -416
277 1530 372 1561 Nunc
385 1531 466 1562 satis
480 1531 664 1572 Bamberg.
683 1531 817 1563 Heller.
831 1537 867 1563 et
882 1531 1111 1563 Schoenborn.
1126 1534 1156 1562 4.
1192 1531 1267 1562 Non
1280 1531 1360 1562 satis
1371 1529 1604 1561 Schoenborn.

148 1574 178 1603 1.
210 1573 220 1589 ⁸
236 1572 305 1604 Nec
318 1573 398 1604 satis
412 1574 529 1605 Bentl.
551 1583 595 1605 ex
615 1574 745 1605 duobus
761 1574 847 1605 Mss.
868 1578 905 1606 et
919 1573 1053 1605 levibus
1065 1574 1295 1614 argumentis3
1319 1579 1439 1604 contra
1453 1577 1604 1603 mentem

148 1615 310 1652 auctoris,
324 1615 380 1656 qni
398 1625 478 1647 vere
493 1616 545 1648 sui
561 1617 726 1658 temporis
747 1617 887 1648 abusum
902 1615 1066 1658 reprobat
1080 1626 1090 1655 3
1113 1615 1249 1657 poetam
1267 1616 1413 1657 aliquem
1426 1615 1530 1646 etiam
1547 1615 1604 1645 de-

152 1657 308 1696 ridendo,
327 1658 402 1699 ejus
417 1659 575 1690 versibus
590 1659 740 1691 insertis.
785 1658 922 1700 Objicit
942 1659 1122 1700 jactantiae
1144 1664 1180 1690 et
1195 1657 1459 1699 vaniloquentiae
1487 1657 1606 1697 poeta-

153 1708 240 1739 rum,
256 1700 312 1740 qui
326 1705 435 1732 artem
451 1701 588 1742 ingenio
604 1711 670 1733 non
687 1701 912 1743 conjungunt,
926 1701 1119 1740 exemplum
1132 1701 1350 1741 athletarum,
1367 1705 1401 1731 et
1416 1699 1607 1737 tibicinum,

149 1741 221 1782 qui,
243 1747 282 1773 ut
307 1742 340 1773 in
364 1743 433 1774 suis
457 1744 588 1774 artibus
611 1744 798 1785 excellant,
823 1753 887 1775 nec
913 1743 1102 1782 laboribus,
1127 1752 1191 1774 nec
1213 1742 1432 1774 abstinentiis
1449 1747 1607 1780 parcunt.

146 1783 237 1815 Vide
252 1783 295 1815 P.
311 1785 442 1816 Victor.
453 1787 536 1816 Var.
552 1786 648 1817 Lect.
665 1794 716 1818 vi.
729 1788 784 1816 20.
808 1791 844 1817 et
859 1785 980 1816 confer
995 1795 1020 1816 ι.
1042 1786 1154 1825 Epist.
1167 1787 1198 1816 2.
1214 1787 1268 1816 27.
1282 1794 1379 1825 seqq.
1394 1793 1434 1816 1¹.
1449 1783 1560 1823 Epist.
1574 1785 1607 1814 2.

148 1828 203 1858 90.
220 1835 316 1868 seqq.
360 1827 557 1868 Sequuntur
572 1826 767 1859 Bentleium
786 1827 873 1860 Cun.
890 1827 993 1859 Baxt.
1009 1827 1085 1859 San.
1102 1827 1214 1858 Merv.
1224 1827 1315 1859 Phil.
1331 1826 1438 1858 Gesn.
1452 1825 1608 1866 Sandby,

804 1933 952 1966 NOTAE

189 1998 254 2028 410
276 1995 368 2027 Rude
390 1995 566 2036 ingenium]
591 1995 676 2027 Arte
701 2005 766 2028 non
790 2006 848 2028 ex-

148 2045 303 2087 politum.
362 2046 458 2077 Bene
488 2047 693 2078 Plutarchus
724 2051 760 2078 et
790 2047 847 2078 alii

146 2096 321 2136 dixerunt,
350 2100 528 2128 ‘naturam
559 2096 632 2128 sine
663 2096 847 2138 disciplina

145 2154 271 2178 caecam
287 2145 385 2177 esse.'

187 2196 329 2228 Alterius
352 2195 398 2227 sic
417 2195 528 2227 Altera
549 2196 650 2237 poscit
672 2206 758 2237 opem
781 2197 847 2238 res]

145 2245 218 2278 Cic.
237 2254 316 2277 mox
331 2245 390 2276 cit.
405 2245 415 2263 ‘
429 2245 563 2285 Saepius
587 2245 630 2276 ad
654 2245 792 2277 laudem
811 2252 848 2278 et

144 2297 305 2328 virtutem
325 2301 449 2328 natura
464 2297 539 2328 sine
557 2296 727 2336 doctrina,
745 2307 846 2339 quam

145 2345 301 2378 doctrina
315 2345 388 2378 sine
402 2350 524 2378 natura
539 2346 658 2378 valuit.
702 2346 750 2378 At
769 2357 846 2378 cum

147 2393 191 2426 ad
206 2400 359 2426 naturam
374 2395 532 2427 eximiam
548 2400 584 2427 et
599 2396 766 2428 illustrem
790 2407 845 2429 ac-

147 2444 289 2476 cesserit
305 2445 392 2476 ratio
407 2446 562 2487 quaedam
583 2451 619 2478 et
634 2447 847 2480 confirmatio

146 2494 413 2534 doctrinoe,·tum
429 2495 510 2527 illud
527 2496 642 2528 nescio
661 2497 742 2538 qnid
760 2507 847 2537 prae-

147 2544 276 2575 clarum
292 2551 331 2574 ac
345 2543 516 2584 singulare
529 2545 671 2576 existit!
708 2547 796 2578 Vide
812 2554 848 2579 et

149 2593 300 2626 Quintil.

190 2645 255 2675 412
281 2642 348 2681 Qui
373 2643 478 2673 studet
502 2642 657 2683 optatam]
683 2643 849 2677 Ostendit

148 2693 325 2725 Poeticam
348 2699 471 2732 artem,
493 2693 636 2734 perinde
659 2703 698 2726 uc
716 2699 848 2728 ceteras

80 2778 85 2783 ,
149 2749 252 2783 artes,
280 2742 342 2774 sub
370 2742 533 2783 magistro
557 2742 753 2776 discendam
777 2755 851 2777 esse

150 2793 346 2834 priusquam
367 2796 589 2824 exerceatur:
613 2793 852 2836 neminemque

153 2852 226 2874 esse
251 2842 386 2883 poetam
410 2842 649 2883 excellentem,
667 2843 729 2875 nisi
753 2844 852 2886 longa

903 1995 1096 2028 eruditione
1112 1996 1265 2027 limatum
1281 2000 1318 2028 et
1332 1996 1531 2037 expolitum.

945 2047 1083 2087 Metam]
1132 2047 1256 2087 Locus,
1294 2047 1384 2078 unde
1418 2047 1606 2088 incipiebat

900 2105 1034 2135 cursuS‚
1057 2096 1240 2128 dicebatur
1255 2097 1265 2115 ‘
1285 2097 1440 2137 carcer3’
1464 2097 1521 2129 ubi
1547 2098 1605 2129 de-

900 2147 1048 2186 sinebat,
1063 2148 1073 2165 ‘
1092 2146 1208 2179 meta.'

942 2200 1006 2230 414
1023 2198 1186 2229 Abstinuit
1206 2198 1323 2230 Venere
1337 2201 1368 2229 et
1383 2199 1472 2240 vino]
1492 2197 1606 2230 Absti-

900 2248 1018 2279 nentia
1049 2253 1085 2280 et
1109 2248 1339 2289 temperantia
1373 2248 1457 2279 mire
1481 2249 1581 2289 juvat
1599 2259 1607 2279 :

901 2304 1021 2331 contra
1038 2299 1232 2340 voluptates
1247 2308 1370 2340 corpus
1389 2300 1607 2340 animumque

900 2355 1138 2391 corrumpunt,
1153 2355 1333 2388 enervant,
1347 2348 1518 2390 frangunt,
1530 2359 1606 2390 per-

901 2399 999 2431 dunt.
1030 2400 1078 2431 D.
1094 2399 1194 2430 Paul.
1221 2398 1263 2430 ad
1293 2399 1374 2430 Cor.
1398 2403 1407 2417 ⁸
1425 2399 1555 2430 Omnes
1571 2399 1605 2429 in

900 2449 1012 2480 stadio
1029 2453 1184 2487 currunt,
1200 2448 1260 2479 sed
1279 2458 1363 2479 uuus
1384 2449 1513 2489 accipit
1530 2449 1604 2479 bra-

899 2499 1013 2530 bium.
1029 2520 1038 2530 .
1054 2499 1131 2540 ‚qui
1159 2499 1194 2529 in
1223 2508 1332 2538 agone
1355 2497 1534 2529 contendit
1563 2498 1605 2527 ab

901 2548 1056 2579 omnibus
1085 2557 1121 2578 se
1150 2547 1300 2578 abstinet
1313 2569 1321 2577 .
1338 2570 1346 2578 .
1362 2569 1370 2578 .
1386 2551 1422 2578 ut
1446 2556 1605 2578 coronam

901 2596 1074 2638 accipiat.'

949 2647 1014 2682 Qui
1032 2645 1153 2686 Pythia
1167 2649 1272 2676 cantat
1288 2645 1429 2685 Tibicen]
1454 2644 1606 2677 Eximius

903 2696 1047 2738 quisque
1064 2694 1190 2726 tibicen
1203 2698 1343 2726 vocatus
1359 2694 1402 2726 ad
1418 2696 1604 2727 canendum

906 2746 939 2776 in
955 2744 1090 2785 Pythiis
1112 2742 1197 2774 ludis
1214 2741 1365 2784 Apollini
1382 2743 1486 2775 sacris
1498 2744 1540 2776 ob
1555 2745 1604 2775 in-

906 2794 1092 2827 terfectum
1110 2794 1302 2834 Pythonem
1318 2799 1525 2835 serpentem.
1562 2795 1602 2826 In

905 2845 946 2876 iis
963 2842 1067 2875 fiebat
1081 2846 1257 2875 certamen
1273 2843 1549 2887 citharoedorum.
