1916 3262
1478 289 1590 331 1317

1510 393 1594 434 370

623 302 684 332 DE
718 301 850 331 ARTE
884 300 1111 331 POE'rch.

138 400 382 442 Causarum
401 396 646 457 mediocris*
657 396 786 437 abest
804 394 964 437 virtute
986 393 1142 434 diserti

138 469 365 518 Messalae,
386 479 465 508 nec
486 465 571 506 scit
589 468 804 518 quantum
827 461 1071 504 Cascellius
1093 459 1235 501 Aulus
1252 473 1263 510 3

136 535 224 577 Sed
245 539 388 576 tamen
406 535 450 575 in
470 532 614 587 pretio
634 535 729 573 est:
761 530 1060 572 mediocribus
1080 541 1182 569 esse
1201 526 1349 582 poetis

137 602 244 643 Non
262 601 478 650 homines,
496 611 585 640 non
608 598 685 648 Di,
704 611 793 639 non
813 608 1072 639 concessere
1093 596 1325 637 columnae.

136 668 204 710 Ut
221 671 367 722 gratas
386 667 499 708 inter
517 678 692 707 mensas
712 664 978 719 symphonia
999 663 1188 713 discors,

138 735 195 777 Et
215 747 412 777 crassum
433 737 716 787 unguentum,
737 737 782 774 et
802 731 942 773 Sardo
964 744 1062 772 cum
1083 730 1212 772 melle
1231 743 1447 785 papaver,
1505 731 1592 773 375

137 855 283 887 Messala
290 866 304 894 ,·
326 865 382 888 nec
396 859 518 887 tantum
536 855 632 896 pollet
646 858 796 896 quantum
811 855 913 886 Aulus
932 853 1119 886 Cascellius.-
1135 857 1274 887 attamen
1289 855 1444 886 laudatur.
1482 854 1596 887 Verum

132 898 254 938 politam
269 898 450 930 mediocrem
465 908 527 930 non
544 899 659 937 serunt
676 897 748 936 Dii,
773 907 834 928 non
855 895 1003 936 homines,
1019 906 1081 927 mm
1096 897 1245 929 tabernoe.
1290 897 1379 928 Sicut
1394 898 1497 928 lautas
1509 898 1595 928 inter

135 941 240 981 epulus
261 941 422 972 incondita
437 942 567 982 musica,
590 944 619 972 et
643 941 704 972 vile
727 943 932 980 unguentum,
947 942 978 971 et
995 949 1132 981 papaver
1153 950 1222 971 cum
1236 940 1325 972 melle
1340 939 1441 971 Sardo
1456 940 1593 972 mixtum

740 1037 762 1049 O
766 1036 919 1049 ”NOOOO
923 1036 940 1048 O
944 1036 959 1048 0
963 1036 982 1048 0

136 1100 325 1133 tuordecim
338 1101 437 1134 codd.
452 1104 545 1142 Feae,
556 1106 586 1134 et
598 1106 821 1136 ‹ructon—371
836 1104 995 1135 Messalla:
1013 1101 1156 1134 Bodoni.
1181 1101 1325 1133 Messuloe
1336 1101 1434 1132 nescit
1445 1100 1595 1133 Schoen-

137 1142 234 1174 born.
259 1146 290 1175 1.
317 1145 449 1177 Heller.
471 1146 571 1178 Harl.
591 1149 620 1178 1.
637 1149 668 1178 2.
688 1149 719 1179 3.
734 1149 766 1178 4.
782 1150 813 1178 6.
830 1150 862 1179 7.
898 1147 956 1177 alii
982 1155 1038 1185 ap.
1063 1146 1179 1176 Feam.
1219 1144 1381 1175 Camelitas
1405 1143 1537 1175 Heller.
1560 1150 1597 1175 et

137 1185 370 1218 Schoeuborn.
385 1191 414 1220 1.
450 1189 619 1220 Cascellius
634 1194 765 1229 septem
777 1188 878 1220 codd.
891 1189 984 1226 Feae,
996 1194 1067 1219 tres
1081 1187 1278 1227 Pulmanni,
1290 1186 1479 1217 Comment.
1494 1186 1600 1226 Cruq.

137 1232 175 1259 et
191 1233 344 1260 notatum
360 1239 403 1261 ex
419 1230 496 1262 cod.
513 1231 546 1262 in
563 1241 622 1262 ora
636 1230 715 1263 Ald.
732 1233 827 1263 1509.
849 1231 882 1262 in
909 1230 1070 1262 Biblioth.
1087 1229 1267 1261 Barberin.
1314 1227 1381 1259 Alii
1398 1228 1500 1259 codd.
1519 1229 1596 1260 Cus-

137 1270 254 1309 senius,
277 1271 441 1304 Casellz’us.
474 1278 481 1290 ¹
501 1273 670 1304 Cascellius
694 1274 798 1305 etiam
822 1274 856 1304 in
881 1273 1066 1304 Pandectis
1091 1271 1312 1307 Florentinis,
1337 1277 1373 1302 et
1390 1271 1538 1311 vulgatis
1562 1272 1597 1303 in

137 1312 160 1343 l.
178 1321 210 1344 c.
228 1313 246 1354 ς
264 1316 295 1346 1.
311 1314 352 1345 de
367 1315 489 1355 Legat.
506 1322 542 1346 et
558 1316 633 1347 Fid.
650 1317 747 1347 1rr.l.
765 1325 814 1347 vr.
831 1317 848 1356 §
867 1319 898 1347 1.
914 1316 958 1347 de
978 1316 1071 1347 Dote
1087 1315 1191 1346 Prael.
1209 1316 1231 1345 Ι.
1247 1322 1351 1345 xxvr.
1367 1313 1410 1344 de
1425 1313 1529 1345 lustr.
1544 1314 1598 1345 vel

137 1354 242 1386 lustr.
260 1356 344 1396 Leg.
361 1362 397 1388 et
413 1357 493 1388 alibi
509 1367 625 1398 saepe3
651 1363 688 1389 ut
713 1357 830 1389 videre
856 1363 909 1388 est
935 1357 1025 1397 apud
1054 1356 1139 1387 Ant.
1155 1356 1382 1394 Augustinnm
1401 1356 1442 1386 de
1461 1356 1599 1387 Nomin-

138 1406 255 1438 propr.
281 1397 391 1429 Paud.
414 1408 490 1439 cap.
514 1402 542 1430 1.
572 1409 605 1430 n.
631 1401 682 1430 18.
707 1407 822 1431 avus
845 1407 1059 1431 cascecmvs
1084 1398 1175 1439 apud
1199 1398 1303 1430 Grut.
1330 1407 1363 1436 p.
1386 1399 1462 1429 240.
1485 1406 1596 1429 avus

136 1446 345 1472 casceurvs
371 1449 564 1472 ivcvunvs.
589 1451 622 1481 p.
639 1443 735 1473 1131.
751 1445 784 1473 6.
807 1446 843 1472 et
860 1442 917 1472 alii
933 1440 1090 1473 Cascellii
1109 1450 1142 1481 p.
1159 1442 1213 1471 39.
1229 1444 1262 1471 6.
1277 1441 1352 1471 228.
1366 1442 1397 1470 8.
1414 1441 1489 1471 241.
1505 1441 1596 1480 apud

136 1480 267 1514 Mun-nt.
293 1491 327 1523 p.
345 1484 440 1514 1319.
455 1485 487 1514 6.
505 1486 601 1515 1498.
619 1486 672 1515 11.
697 1484 803 1524 Vulp.
818 1484 900 1515 Vei.
919 1484 993 1516 Lat.
1012 1489 1094 1515 tom.
1111 1492 1154 1514 n.
1173 1493 1204 1523 p.
1221 1485 1295 1514 190.
1317 1490 1428 1514 Avus
1451 1490 1596 1514 cascar.-

137 1531 216 1555 mvs
237 1532 322 1556 avm
347 1532 486 1565 rluvs5
511 1536 554 1556 ex
570 1535 636 1566 quo
651 1526 764 1565 lapide
789 1525 929 1557 Pirrhus
956 1526 1113 1565 Ligorius
1129 1525 1267 1556 Horatii
1284 1525 1396 1555 locum
1415 1525 1600 1556 restituen-

98 1574 103 1579 ·
137 1567 216 1598 dum
233 1573 470 1608 proposuerat.
504 1569 560 1599 Ita
575 1569 663 1600 bene
681 1568 799 1600 Lamb.
816 1569 910 1600 Mur.
926 1569 973 1600 D.
990 1569 1112 1600 Heins.
1128 1567 1299 1608 Nanuius,
1315 1568 1486 1609 Desprez,
1498 1568 1598 1600 Baxt.

137 1609 253 1641 Bentl.
270 1619 456 1650 anonymus
470 1613 564 1642 1713.
581 1612 666 1643 Cuu.
683 1612 764 1643 San.
781 1611 894 1643 Merv.
909 1612 996 1643 Phil.
1011 1611 1115 1643 Gesn.
1129 1611 1204 1642 Val.
1221 1610 1305 1641 Dor.
1320 1609 1439 1641 Oberl.
1454 1610 1596 1651 Combe,

138 1650 275 1683 Wakef.
303 1653 415 1684 Wetz.
439 1653 548 1684 Zeun.
573 1654 732 1685 Schelle)
756 1654 944 1686 Pan-3⁷2
968 1654 1100 1685 Heller.
1127 1654 1161 1684 in
1189 1653 1309 1693 pretio.-
1339 1653 1599 1684 mediocribus.—

139 1695 202 1725 3⁷3
221 1694 294 1726 Non
310 1695 370 1732 Di,
384 1706 445 1727 non
461 1696 599 1728 homines
615 1697 694 1728 Vat.
716 1699 766 1728 10.
782 1697 861 1728 Vat.
879 1697 979 1728 Rom.
990 1699 1042 1728 10.
1056 1695 1155 1727 Harl.
1171 1698 1202 1726 7.
1218 1696 1275 1726 alii
1292 1695 1394 1726 codd.
1410 1705 1465 1735 ap.
1480 1695 1600 1728 Lamb-

140 1736 199 1776 qui
222 1736 413 1779 adoptavit,
430 1739 496 1768 duo
511 1749 565 1778 ap.
583 1739 713 1770 Valart.
729 1743 766 1769 et
780 1742 936 1770 notatum
953 1740 985 1769 in
1002 1748 1063 1768 ora
1081 1737 1159 1769 Ald.
1176 1740 1270 1769 1509.
1285 1737 1318 1767 in
1336 1736 1501 1768 Biblioth.
1514 1737 1600 1768 Bar-

140 1777 250 1810 berin.
283 1789 460 1812 consensere
475 1781 558 1812 Vat.
572 1783 714 1813 4.—-875
731 1781 776 1812 Ut
790 1790 929 1812 erumna
943 1790 974 1812 u.
989 1780 1103 1816 Sardo.
1118 1780 1191 1811 sine
1207 1783 1250 1815 el,
1266 1780 1348 1811 Vat.
1366 1783 1395 1811 l.
1412 1784 1448 1811 et
1466 1779 1598 1811 Heller.

801 1875 943 1907 NOTAE

182 1940 242 1969 3⁷1
277 1938 440 1979 Messala]
485 1938 636 1970 Messala
673 1938 839 1970 Corvinus

142 1992 258 2019 orator
272 1988 538 2028 disertissimum
555 1989 598 2020 de
613 1998 679 2030 quo
695 1997 751 2021 ιιι.
769 1989 839 2021 Od.

139 2039 193 2068 81.
210 2043 244 2069 et
258 2047 284 2069 1.
297 2038 372 2069 Sar.
390 2040 440 2070 10.

184 2089 368 2130 Cascellius]
379 2089 486 2121 Aulus
499 2089 688 2122 Cascellius
701 2089 837 2121 vindex

133 2138 222 2179 juris
236 2138 345 2171 civilis
358 2140 503 2172 scientia
519 2140 733 2182 praecipuus:
747 2141 837 2172 hunc

142 2189 358 2221 commendat
373 2190 449 2221 Val.
466 2190 562 2223 Max.
578 2192 642 2222 διο.

181 2241 244 2271 373
268 2239 342 2271 Non
369 2232 524 2280 homines]
573 2241 678 2273 Certe
709 2242 840 2273 mavult

139 2290 292 2322 eruditus
309 2290 451 2332 quisque
466 2291 576 2322 nullos
591 2301 691 2333 quam
713 2291 840 2323 medio-

139 2348 215 2372 eres
231 2349 348 2372 versus
363 2340 482 2372 audire
498 2346 533 2373 et
548 2341 676 2383 legere.

185 2389 260 2420 Non
274 2389 336 2430 Di]
372 2389 510 2431 Apollo,
523 2391 692 2431 Bacchus,
702 2393 814 2424 Musae
830 2402 840 2424 t

142 2439 197 2470 vel
219 2439 294 2478 Dii,
319 2439 354 2470 in
384 2449 523 2481 quorum
546 2440 643 2473 festis
667 2448 838 2474 canuntur

141 2488 292 2521 earmina
311 2492 348 2519 et
368 2495 516 2530 aguntur
530 2491 613 2523 ludi.
643 2493 688 2523 Et
705 2493 840 2534 quidem

141 2538 223 2570 nihil
239 2537 304 2570 nisi
319 2539 632 2578 praestantissimum
650 2541 728 2573 Diis
739 2541 840 2574 offer·

143 2588 171 2620 ri
188 2593 247 2620 aut
262 2588 399 2629 placere
413 2587 465 2619 fas
477 2594 544 2620 est.

187 2638 262 2669 Nm·
276 2636 440 2677 oolamnae]
463 2637 554 2670 Quia
579 2647 644 2669 non
666 2639 842 2673 invenient

143 2693 293 2720 emtores
307 2698 316 2718 ι
340 2687 400 2718 sed
417 2687 451 2718 in
468 2688 608 2728 pulvere
620 2693 656 2720 et
672 2690 842 2723 oblivione

137 2737 320 2781 jacebunt.
367 2737 542 2779 Columna]
574 2738 642 2770 Seu
673 2740 765 2781 pilae,
799 2741 841 2773 ad

141 2798 226 2829 φης
243 2787 321 2819 libri
343 2788 479 2818 venales
495 2788 715 2829 prostabant;
740 2790 842 2822 libra-

142 2838 270 2872 riorum
300 2837 450 2871 tabernae
477 2837 623 2879 publicis
654 2839 842 2880 porticibus

893 1938 1063 1980 contiguae
1088 1942 1123 1970 et
1151 1937 1271 1970 affixs’.
1315 1940 1372 1971 De
1402 1939 1452 1970 liis
1474 1939 1547 1979 jam
1573 1948 1598 1970 ι.

891 1991 966 2022 Sat.
981 1994 1014 2022 4.
1035 1993 1088 2021 71.
1105 1989 1184 2022 ubi:
1208 1991 1218 2007 ‘
1230 1989 1334 2021 Nulla
1347 1990 1492 2022 taberna
1505 1999 1598 2021 meos

892 2041 1017 2072 habeat
1032 2050 1142 2081 neque
1162 2041 1230 2080 pila
1245 2039 1403 2071 libellos)

935 2093 997 2123 874
1019 2091 1137 2122 Gratas
1146 2091 1230 2121 inter
1240 2090 1375 2130 mensus]
1388 2091 1484 2122 Inter
1495 2101 1597 2122 unam

892 2146 927 2172 et
943 2143 1087 2173 alteram
1105 2150 1254 2172 mensam
1268 2152 1277 2172 ι
1292 2141 1326 2171 in
1337 2140 1486 2172 secunda
1503 2150 1598 2172 men-

891 2202 940 2225 sa.

934 2246 998 2275 375
1027 2241 1244 2282 Unguentum]
1256 2242 1334 2275 Quo
1345 2241 1531 2273 utebantur
1543 2251 1599 2273 ve·

891 2300 984 2328 teres
1003 2294 1046 2326 ad
1060 2293 1213 2326 delicias.
1247 2302 1273 2324 1.
1287 2293 1357 2326 Od.
1374 2296 1428 2325 36.
1442 2298 1477 2325 et
1491 2296 1545 2325 38.

936 2345 1041 2377 Sardo
1053 2354 1122 2376 cum
1137 2344 1224 2375 melle
1234 2344 1386 2385 papaver]
1412 2344 1564 2375 Bellaria
1579 2353 1599 2375 e

891 2396 994 2427 melle
1011 2395 1212 2433 deterrimo,
1226 2394 1327 2435 quale
1341 2398 1394 2424 est
1407 2393 1574 2425 Sardoum
1592 2404 1602 2431 ς

891 2445 1021 2477 factum
1038 2444 1172 2475 scilicet
1185 2454 1228 2474 ex
1243 2443 1368 2474 amaris
1382 2443 1497 2474 herbis
1508 2453 1599 2474 cres-

894 2494 1054 2526 centibus
1071 2494 1104 2524 iu
1119 2493 1278 2524 Sardinia
1297 2493 1406 2523 insula
1421 2493 1532 2523 Italiae
1552 2492 1599 2523 vi-

894 2546 984 2577 cina.
1029 2543 1175 2575 Sardum
1190 2544 1272 2579 mel,
1297 2547 1334 2573 ut
1351 2547 1387 2573 et
1410 2542 1599 2581 Corsicum,

896 2595 995 2626 valde
1022 2603 1172 2624 arnarum
1197 2597 1250 2624 est
1276 2597 1312 2623 et
1332 2592 1457 2622 nullius
1482 2593 1599 2632 pretii.

896 2645 987 2675 Plin.
1014 2650 1093 2674 xrx.
1112 2644 1144 2672 8.
1165 2641 1175 2658 ‘
1190 2640 1377 2680 Papaveris
1404 2640 1504 2671 sativi
1533 2642 1599 2673 tria

896 2698 976 2725 sunt
992 2701 1128 2733 genera.
1151 2689 1356 2729 Candidum,
1372 2691 1466 2732 cujus
1482 2700 1598 2723 semen

896 2747 1021 2774 tostum
1048 2741 1082 2771 in
1102 2739 1252 2771 secunda
1274 2749 1390 2771 mensa
1405 2750 1479 2772 cum
1495 2742 1597 2774 melle

896 2792 987 2832 apud
1015 2790 1172 2831 antiquos
1202 2789 1370 2821 dabatur.’
1412 2791 1597 2824 Petronius

897 2841 1047 2883 satyrice
1056 2849 1160 2874 vanos
1167 2840 1415 2873 declamatores
1424 2842 1482 2883 ait,
1496 2843 1505 2860 ‘
1514 2843 1598 2874 mel-
