1904 3216
477 295 683 327 ιιοιιΑτιι
719 294 996 325 sannionum
1034 295 1130 326 Lm.
1163 295 1215 326 ιι.
1244 285 1286 326 3.

149 395 195 427 Et
210 393 254 426 de
270 392 386 425 Mania
409 391 547 434 quidem
570 392 660 430 Dea,
686 398 762 431 quae
779 388 846 419 La-

148 445 235 476 rium
258 447 369 475 mater
387 441 505 482 fuerit,
529 442 639 472 Varro
661 440 700 471 L.
721 438 760 470 1..
785 438 845 471 lib.

149 503 234 526 vm.
249 493 361 535 deque
383 491 552 525 communi
568 490 640 531 ejus
656 498 734 521 cum
750 488 845 520 Lari-

146 545 210 576 bus
225 545 318 576 cultu
340 543 471 585 prolixe
496 539 692 573 Macrobius
706 539 845 571 saturn.

147 603 174 625 r.
196 597 229 627 7.
245 594 324 626 mihi
350 598 467 625 tamen
482 591 639 623 videntur
654 588 757 620 iidem
784 590 845 621 Dii

145 644 238 686 (sive
255 642 384 677 Genios
398 652 456 674 eos
476 641 543 674 dici
559 638 674 681 malis)
689 649 772 681 quos
787 649 844 671 cu-

141 695 266 736 jusque
292 698 443 726 nostrum
469 689 635 724 custodiae
658 699 698 721 ac
726 691 844 721 tutelae

146 743 329 784 praefectos
353 752 426 774 esse
454 739 619 774 credebat
646 740 845 780 antiquitas,

144 794 288 826 diversis
317 792 507 825 nominibus
537 790 727 832 appellari:
766 800 843 821 cum

145 843 285 885 propitii
313 852 353 874 ac
376 840 527 882 benigni,
552 840 680 878 Lares3
709 845 746 871 et
773 840 843 880 qui-

143 892 221 924 dem
245 890 412 923 Proestites
433 889 650 931 cognomine,
675 889 729 920 vel
754 888 845 930 quod

142 945 270 983 praesto
296 942 366 973 sint
388 945 428 972 ut
454 940 613 972 custodes
637 949 711 971 esse
731 939 844 979 decet,

141 993 211 1032 vel,
225 997 264 1024 ut
279 991 390 1033 inquit
403 990 507 1024 Ovid.
535 994 545 1009 ‘
561 990 662 1023 Quod
679 995 845 1031 praestent

142 1042 251 1074 oculis
276 1041 388 1073 omnia
414 1045 489 1072 tuta
517 1040 609 1072 suis.'
653 1041 738 1072 Cum
762 1050 844 1072 vero

142 1090 260 1123 infesti
276 1092 329 1123 vel
345 1091 532 1123 sceleribus
547 1089 682 1128 offensi,
697 1091 706 1108 ‘
720 1091 822 1123 larvae
833 1091 842 1105 ’

143 1151 184 1174 ac
200 1141 431 1182 κακοδαίμονες,
455 1142 478 1174 i.
502 1151 532 1174 e.
554 1142 642 1182 genii
663 1142 762 1180 mali;
786 1142 844 1184 qui

143 1197 309 1224 terrorem
335 1198 440 1234 atque
468 1192 633 1224 insaniam
661 1193 844 1224 immittere

142 1242 383 1279 credebantur,
413 1243 508 1274 cultu
534 1242 579 1274 ob
604 1242 640 1273 id
667 1242 780 1283 aliquo
803 1252 843 1274 ac

139 1292 314 1324 sacrificiis
330 1293 500 1334 placandi,
522 1298 558 1324 et
581 1292 716 1334 quidem
740 1303 843 1334 porco

141 1341 323 1383 piaculari.
367 1343 528 1385 Denique
557 1344 680 1375 Manes
708 1352 844 1386 quoque

141 1391 314 1433 dicuntur,
339 1403 416 1425 cum
440 1394 583 1426 obsunt:
607 1394 662 1424 vel
687 1394 776 1435 quod
799 1394 841 1425 ab

140 1441 272 1484 inferis,
300 1443 365 1476 hoc
391 1450 456 1485 est,
480 1444 554 1475 Diis
582 1443 754 1483 Manibus,
783 1444 842 1485 qui

140 1494 227 1526 tales
242 1499 370 1535 essent,
385 1495 502 1526 venire
517 1493 767 1533 credebantur-3
786 1494 840 1525 vel

138 1544 202 1576 ἀπὸ
214 1546 272 1576 τοῦ
283 1544 456 1586 μαίνεσθαι,
476 1549 514 1576 ut
537 1548 647 1575 mater
666 1545 741 1584 ipsa
758 1549 840 1575 tunc

139 1595 271 1637 Mania,
301 1595 428 1637 alioqui
461 1595 551 1626 Lara
586 1593 641 1624 vel
669 1593 842 1633 Larunda,

138 1654 342 1687 quamquam
355 1650 390 1676 et
408 1654 428 1676 a
448 1642 616 1676 manando
632 1642 759 1674 dictam
782 1652 840 1674 vo-

140 1694 227 1735 lunt,
244 1695 316 1726 sive
330 1694 420 1726 bona
441 1694 513 1725 sive
535 1693 623 1724 mala
638 1692 721 1724 inde
736 1692 842 1724 dima—

138 1747 235 1775 nent.
277 1744 472 1781 Postremo,
485 1742 567 1783 qnia
583 1742 701 1780 Lares,
717 1750 840 1782 nempe

79 1808 85 1813 -
140 1792 290 1834 appositi
307 1792 406 1824 nobis
417 1791 577 1824 custodes
595 1791 668 1822 sive
686 1791 801 1831 Genii,
822 1801 841 1822 a

139 1841 260 1874 funere
291 1842 395 1874 etiam
421 1850 601 1883 superesse
622 1841 843 1882 putabantur,

140 1890 269 1924 factum
285 1892 364 1924 inde
379 1896 419 1924 nt
432 1893 538 1923 Lares
550 1890 763 1930 dicerentur,
778 1891 843 1923 eti-

140 1952 195 1974 am
215 1942 385 1974 hominum
412 1943 534 1974 animae
561 1940 712 1973 redactae
728 1941 761 1973 in
778 1951 840 1973 nu-

138 2002 269 2024 merum
299 1993 465 2024 Deorum.
510 1992 602 2023 Had.
630 1991 726 2024 Junii
760 1991 839 2023 Ani-

138 2043 304 2075 madvers.
326 2052 376 2076 ιν.
401 2046 436 2075 7.
458 2042 609 2075 Turneb.
636 2051 703 2074 vn.
731 2045 783 2074 10.
804 2046 839 2074 et

140 2097 293 2126 xxvi-2.
318 2093 460 2126 Tor-rent.
494 2093 638 2125 Immolet
652 2092 766 2134 oeqm's]
789 2093 839 2124 Ut

138 2153 174 2175 se
195 2148 331 2185 gratum
346 2143 507 2176 ostendat
523 2143 676 2183 Laribus,
689 2142 746 2184 qui
761 2152 838 2175 eum

138 2203 157 2225 a
174 2194 327 2235 petinrio
338 2198 375 2225 et
387 2194 533 2224 avaritia
548 2193 750 2225 liberarunt.

192 2246 253 2275 165
292 2243 406 2274 Verum
434 2242 616 2274 ambitiosus
651 2246 683 2274 et
716 2243 837 2284 audax]

137 2294 277 2326 Certum
292 2296 358 2332 est,
382 2291 497 2334 Θρασὺν
517 2293 743 2333 Philosophia,
769 2302 836 2324 non

137 2352 214 2374 eum
232 2342 334 2373 modo
359 2351 447 2381 esse,
472 2342 530 2382 qui
553 2342 737 2373 metuenda.
758 2351 838 2373 con-

137 2392 262 2424 temnit
276 2395 313 2422 et
335 2391 370 2422 in
385 2400 427 2422 eo
449 2391 584 2423 modum
607 2391 758 2431 excedit,
779 2390 839 2422 sed

138 2447 175 2474 et
189 2441 385 2481 gloriosum,
401 2445 437 2472 et
453 2441 510 2481 qui
526 2439 650 2472 fortem
676 2440 840 2474 imitatur.

139 2491 259 2524 Qualis
285 2490 343 2521 ille
371 2489 405 2520 in
433 2490 612 2529 Eunucho,
641 2490 770 2521 Thraso
797 2490 839 2522 ad

139 2541 280 2572 verbum
294 2545 346 2572 est
360 2539 483 2571 audax.
508 2539 718 2572 Ambitiosus
734 2540 839 2580 igitur

138 2595 175 2621 et
191 2589 314 2629 audax,
330 2593 384 2620 est
399 2588 594 2620 ambitiosus
609 2594 644 2620 et
660 2589 838 2630 gloriosus.

139 2640 306 2672 Heinsius.
357 2639 441 2680 [Hic
465 2649 591 2680 porcam
621 2640 765 2680 Cuning.
794 2650 838 2672 ex

136 2691 286 2732 ingenio,
309 2689 389 2722 inde
411 2689 535 2722 Sanad.
557 2689 639 2722 vid.
662 2699 705 2722 u.
726 2690 838 2732 Epist.

137 2743 171 2772 2.
189 2740 280 2780 ιιι]

183 2794 246 2823 166
268 2791 411 2832 Naviget
431 2790 634 2833 Anticyram]
664 2790 839 2832 Purgetur

138 2841 342 2883 Helleboro,
371 2842 451 2884 quia
480 2841 614 2874 insanus
641 2847 706 2874 est.
753 2842 839 2879 Quia

1487 287 1601 331 1705

899 389 981 421 enim
995 389 1124 431 differt]
1147 389 1296 422 Gloriosi
1307 389 1462 431 hominis,
1475 391 1519 423 de
1531 402 1598 434 qno

900 450 1002 481 supra
1026 441 1171 482 egimus,
1186 440 1275 473 aliud
1298 441 1452 484 sequitur
1467 442 1598 476 vitium.

900 489 993 522 Raro
1008 491 1097 522 enim
1110 492 1216 532 gratis
1232 491 1318 523 tales
1330 498 1600 534 consequuntur,

899 549 1000 580 quam
1021 540 1147 582 ubique
1174 546 1416 574 consectantur
1439 543 1599 583 gloriam?

899 598 966 630 quo
982 588 1034 629 tit,
1051 595 1087 621 ut
1103 591 1138 621 in
1156 591 1323 632 parasitos
1338 595 1374 624 et
1393 591 1601 634 adulatores,

899 648 919 669 a
945 639 1066 680 quibus
1092 641 1288 682 laudantur,
1303 652 1365 674 sua
1379 641 1602 684 profundant.

897 689 998 722 Quod
1021 690 1145 722 Plauto
1157 691 1378 734 ArtotroguS,
1394 692 1531 725 Gnatho
1546 697 1602 725 est

895 738 1068 778 Terentio,
1083 740 1231 772 Horatio
1248 747 1302 773 est
1315 743 1469 775 Balatro.
1492 743 1600 775 Para-

897 788 982 819 situs
1011 790 1163 822 scilicet:
1194 791 1251 832 qni
1281 792 1446 833 imprimis
1475 793 1600 835 Satyra

898 843 997 871 sexta
1018 841 1220 880 praeclarum
1244 843 1326 873 artis
1349 853 1419 874 suae
1442 843 1476 875 in
1501 843 1600 875 Nasi-

898 889 990 922 dieni
1005 900 1102 922 coena
1113 891 1175 923 dat
1190 892 1384 932 specimen:
1400 893 1410 910 ‘
1421 893 1504 924 Cum
1520 893 1600 925 Ser-

898 939 978 971 vilio
994 940 1190 981 Balatrone,
1204 940 1378 982 Vibidius,
1400 951 1484 984 quos
1511 942 1601 974 Μω-

900 999 1002 1022 cenas
1019 991 1210 1023 adduxerat
1227 992 1389 1024 umbras.’
1416 994 1484 1025 Et:
1507 994 1517 1011 ‘
1533 994 1601 1025 Ba-

897 1041 987 1073 latro
1017 1042 1228 1083 suspendens
1256 1042 1368 1074 omnia
1392 1051 1487 1082 naso,
1512 1042 1601 1075 Haee

898 1097 951 1123 est
977 1091 1130 1124 conditio
1154 1092 1304 1132 vivendi,
1327 1092 1468 1124 aiebat.'
1505 1093 1600 1134 Lege

898 1150 980 1182 ergo
992 1141 1057 1173 hoc
1072 1142 1147 1174 loco
1162 1153 1171 1173 :
1198 1143 1284 1178 Quid
1297 1143 1378 1174 enim
1393 1142 1515 1184 differt,
1531 1144 1601 1175 Ba-

897 1191 1013 1223 latroni
1028 1191 1136 1223 Dones
1161 1193 1309 1233 quicquid
1333 1193 1439 1234 habes,
1462 1203 1503 1225 an
1520 1203 1600 1225 nun-

897 1251 989 1281 quam
1011 1245 1100 1274 utare
1122 1243 1268 1283 paratis?
1305 1243 1395 1277 Quid
1421 1244 1526 1285 enim,
1548 1244 1601 1276 in·

898 1292 982 1333 quit,
1008 1291 1137 1334 differt,
1161 1293 1251 1325 sisne
1280 1293 1479 1326 ambitiosus
1502 1294 1602 1326 etita

898 1341 1079 1382 gloriosus,
1114 1346 1153 1374 ut
1182 1343 1465 1384 quemadmodum
1493 1345 1600 1377 Thra-

896 1400 995 1422 sones
1021 1392 1079 1424 isti
1104 1393 1230 1433 solent,
1246 1393 1278 1424 in
1294 1394 1462 1434 parasitos
1488 1395 1603 1426 omnia.

896 1440 1063 1483 effundas,
1087 1451 1129 1474 an
1157 1452 1329 1485 nunquam
1352 1448 1450 1475 utare
1466 1444 1506 1475 iis
1522 1454 1599 1486 quae

895 1491 1048 1532 parasti;
1083 1501 1197 1523 verum
1230 1492 1279 1523 ita
1308 1492 1352 1524 sis
1377 1493 1532 1526 sordidus
1560 1504 1601 1526 ac

894 1550 1035 1582 parcus,
1049 1545 1088 1573 ut
1110 1550 1154 1573 ne
1171 1542 1354 1583 contingas
1377 1543 1511 1584 quidem
1528 1548 1602 1584 tua,

894 1601 937 1622 an
953 1591 987 1622 in
1001 1591 1168 1633 parasitos
1180 1592 1294 1624 omnia
1308 1591 1484 1625 effundas?
1500 1594 1602 1626 Hein-

892 1642 969 1673 sius.
1012 1643 1233 1684 Barathron]
1270 1644 1280 1661 ‘
1296 1643 1523 1676 Barathrum'
1554 1645 1601 1677 Α-

894 1691 1018 1731 thenis,
1041 1696 1081 1723 ut
1106 1692 1116 1709 ‘
1134 1692 1324 1724 Latomias'
1338 1693 1529 1733 Syracusis,
1549 1695 1600 1726 lo-

895 1749 971 1772 cum
987 1739 1090 1772 fuisse
1100 1741 1174 1781 jam
1198 1745 1280 1773 ante
1307 1741 1454 1774 diximus
1473 1747 1600 1775 tetrum

895 1793 931 1820 et
950 1788 1170 1831 profundum,
1194 1789 1228 1820 in
1250 1800 1351 1831 quem
1367 1790 1460 1822 noxii
1477 1791 1600 1824 demit·

895 1838 1071 1871 tebantnr.
1105 1839 1232 1871 Pulcra
1263 1849 1345 1882 ergo
1375 1842 1600 1875 translatione

896 1898 960 1929 pro
983 1889 1150 1921 helluonis
1173 1895 1292 1922 ventre
1318 1897 1461 1933 usurpat
1489 1893 1600 1925 Hora-

896 1940 986 1980 tius3
1010 1945 1048 1973 ut
1073 1941 1108 1972 in
1126 1941 1238 1982 Epist.
1254 1942 1297 1974 ad
1312 1943 1468 1984 Vaalam,
1491 1944 1501 1962 ‘
1515 1944 1600 1976 Per-

894 1990 1002 2023 nicies
1031 1991 1296 2034 barathrumque
1321 1993 1484 2027 macelli.’
1532 1995 1601 2027 Ea-

893 2041 972 2073 dem
995 2041 1093 2074 verbi
1120 2041 1289 2083 ‘gurges’
1314 2047 1368 2075 est
1393 2044 1492 2076 ratio.
1524 2045 1600 2077 Tor-

893 2095 974 2124 rent.
1019 2092 1237 2134 Barathron]
1260 2093 1385 2125 Ventri
1400 2094 1599 2127 omnivoro?

892 2142 1122 2174 Athenienses
1132 2143 1165 2174 in
1179 2143 1383 2175 Barathrum
1397 2144 1511 2176 locum
1524 2154 1602 2186 pro-

892 2191 1084 2226 fundiorem
1101 2193 1275 2226 maleficos
1295 2194 1536 2227 demittebant.

936 2246 999 2275 167
1023 2244 1172 2285 Paratis]
1204 2245 1384 2277 Quaesitis.

935 2297 997 2326 168
1014 2294 1145 2326 Servius
1156 2295 1329 2336 Oppidius]
1345 2295 1432 2329 Haec
1442 2297 1597 2339 descrip-

894 2342 941 2373 tio
955 2343 1027 2374 sani
1043 2344 1189 2375 hominis
1206 2344 1318 2384 posita
1335 2350 1389 2376 est
1410 2355 1473 2386 pro
1490 2347 1600 2387 thesi3

893 2392 1002 2422 utitur
1017 2392 1108 2423 enirn
1125 2393 1284 2432 exemplo
1300 2393 1408 2424 Servii
1429 2399 1464 2426 et
1490 2395 1602 2437 Oppi-

895 2440 955 2476 dii,
982 2441 1078 2481 cujus
1106 2441 1283 2472 consilinum
1306 2441 1340 2472 in
1367 2442 1601 2477 admonitione

895 2490 1078 2521 liberorum
1116 2490 1212 2531 ponit
1240 2495 1410 2533 tamquam
1446 2493 1602 2535 ἀνακεφα-

894 2539 1024 2571 λαίωσιν
1034 2540 1107 2580 jam
1123 2540 1292 2572 dictorum
1309 2541 1352 2572 de
1369 2543 1535 2576 avaritia:
1556 2545 1601 2577 si-

891 2591 962 2622 mul
977 2595 1012 2622 et
1027 2590 1147 2622 transit
1164 2590 1205 2622 ad
1225 2591 1420 2624 ambitionis
1444 2598 1481 2625 et
1501 2595 1600 2627 luxu·

892 2641 953 2671 riae
983 2639 1175 2672 stultitiam.
1213 2640 1309 2682 (ἕως.
1373 2642 1494 2675 Canusi
1522 2646 1599 2687 duo]

892 2689 1074 2721 Canusium
1091 2693 1145 2720 est
1159 2689 1321 2730 oppidum
1336 2691 1370 2722 in
1386 2691 1546 2734 Appulia.

936 2742 999 2771 169
1021 2739 1164 2780 Diome]
1187 2739 1366 2772 Divisisse.

934 2792 996 2822 171
1023 2790 1126 2831 Tales,
1143 2789 1236 2828 Aule,
1256 2791 1419 2833 nucesque]
1440 2792 1539 2825 Telos
1562 2800 1599 2828 et

892 2850 997 2875 nuces
1017 2840 1158 2883 puerilis
1179 2840 1253 2874 ludi
1276 2840 1381 2876 fuisse
1405 2846 1597 2888 materiam,
