1982 3230
560 328 914 360 amsromfflum
952 329 1048 359 mn.
1082 329 1112 359 1.
1142 319 1213 360 20.
1502 318 1618 360 1205

155 424 208 466 In
227 425 357 467 breve
377 430 420 466 te
437 423 552 477 cogi,
574 424 729 478 plenus
752 438 850 466 cum
872 425 1053 478 languet
1073 427 1252 466 amator.

155 490 295 542 Quod
317 492 358 533 si
377 503 466 532 non
486 490 592 532 odio
611 492 843 544 peccantis
864 491 1030 545 desipit
1059 504 1212 546 augur,

155 557 297 600 Catus
318 559 403 600 eris
425 557 602 608 Romae,
616 558 756 600 donec
778 564 821 601 te
838 559 1012 601 deserat
1031 562 1157 601 aetas.
1562 558 1618 598 10

154 624 464 668 Contrectatus
483 626 563 667 ubi
589 627 798 669 manibus
817 626 1075 669 sordescere
1095 627 1214 681 vulgi

153 691 375 747 Coeperis,
397 698 475 734 aut
493 693 636 735 tineas
656 707 818 748 pasces
838 696 1085 738 taciturnus
1106 695 1284 744 inertes,

151 760 247 803 Aut
263 760 405 815 fugies
425 760 622 811 Uticam,
645 767 723 804 aut
744 763 920 806 vinctus
940 763 1126 805 mitteris
1148 761 1353 804 Ilerdam.

148 886 210 910 m
220 887 309 911 nemo
321 879 509 920 proscindet.
553 881 653 913 Nosti
666 891 740 913 vero
754 885 786 914 te
800 881 835 913 in
852 885 974 914 ameum
987 882 1158 923 compingi,
1177 891 1245 913 cum
1261 882 1359 914 lector
1373 880 1475 922 primo
1489 880 1612 919 acidus,

147 929 230 970 mox·
239 921 438 963 fastidiosus,
456 924 604 964 negligit.
652 924 743 960 Quod
764 925 794 955 si
807 934 869 956 non
882 924 999 956 insanit
1013 934 1117 965 augur
1131 924 1201 956 odio
1216 924 1435 966 delinquentis,
1452 924 1564 956 Romae
1579 923 1614 954 in

145 966 247 1012 pretio
261 964 327 997 eris
339 975 496 1008 usquequo
512 971 542 998 te
549 966 702 1006 juventus
713 967 850 1009 deficiat.
896 968 975 999 Cum
988 971 1093 1000 autem
1106 967 1194 1007 vulgi
1209 967 1351 999 manibus
1367 968 1466 1000 tritus
1488 966 1613 1006 negligi

146 1006 292 1048 ancipies,
321 1009 370 1040 cel
393 1010 474 1042 clam
502 1010 624 1042 nutries
647 1010 762 1042 blattas
775 1010 914 1047 inutiles,
936 1011 985 1042 vet
1009 1010 1201 1051 ablegaberis
1221 1010 1360 1053 Uticam,
1386 1011 1435 1042 vet
1453 1009 1613 1050 obligatus

760 1099 1003 1112 oeeeeeeeooea·
1030 1095 1034 1098 '

149 1162 193 1195 de
212 1163 297 1196 Arte
314 1164 413 1198 Pofit.
429 1168 502 1197 103.
519 1175 544 1198 1.
562 1167 674 1207 Epist.
695 1169 743 1199 17.
756 1170 788 1199 8.
814 1177 856 1199 n.
875 1167 986 1208 Epist.
1004 1170 1036 1198 2.
1054 1169 1106 1198 16.
1128 1164 1251 1198 Potius
1278 1164 1436 1197 conferre
1462 1163 1616 1196 debebat

148 1215 188 1237 n.
206 1206 318 1248 Epist.
342 1209 371 1239 1.
387 1211 463 1240 221.
480 1209 564 1250 seq!
584 1209 657 1241 Fen.
704 1210 745 1241 In
771 1210 843 1251 ejus
868 1210 1075 1241 sententiam
1102 1209 1249 1249 pedibus
1273 1208 1408 1239 iverunt
1424 1216 1614 1248 anonymus

146 1249 238 1290 Traj-
255 1250 298 1281 ad
324 1251 432 1283 Rlien.
451 1253 548 1284 1718.
570 1252 694 1283 Snnad.
711 1253 823 1284 Merv.
842 1252 949 1284 Gesn.
976 1251 1131 1292 Sandby,
1150 1251 1297 1291 Dorigh.
1319 1250 1441 1282 Oberl.
1469 1248 1615 1288 Combe,

151 1291 286 1323 Wakef.
303 1293 413 1324 Wetz.
430 1293 540 1326 Zeun.
558 1294 662 1326 Kidd.
680 1295 821 1335 Bipont.
835 1300 871 1326 et
882 1294 1005 1328 Jaeck.
1040 1294 1094 1325 ubi
1108 1293 1178 1334 quis
1192 1294 1295 1325 etiam
1312 1293 1382 1324 Fea
1399 1297 1434 1324 et
1457 1292 1615 1332 Doering.

145 1334 200 1366 abi
223 1339 255 1366 te
278 1336 353 1376 quid
381 1336 593 1376 Cirning.—8
615 1337 766 1368 Chisian.
782 1341 814 1367 5.
838 1337 909 1375 cogi
931 1341 971 1367 te.
996 1335 1148 1367 Chisian.
1169 1338 1203 1366 6.
1235 1344 1321 1365 nnus
1347 1334 1512 1371 Bentleii,
1535 1333 1615 1364 edd.

147 1377 264 1409 Bentl.
289 1377 380 1418 Traj.
405 1378 448 1408 ad
476 1378 584 1408 Rhen.
613 1380 709 1409 1713.
732 1377 876 1417 Cuning.
898 1377 1026 1408 Sanad.
1051 1377 1202 1407 Mervill.
1231 1376 1321 1407 Phil.
1344 1375 1453 1407 Gesn.
1480 1375 1614 1407 Valart.

147 1419 288 1462 Bipont.
312 1419 468 1451 oberlin.
483 1419 602 1452 Comb.
621 1418 761 1451 Wakef.
778 1419 923 1451 Wetzel.
940 1418 1048 1450 Zeun.
1066 1418 1175 1450 Kidd.
1199 1418 1280 1459 Fen,
1296 1418 1422 1457 Bothe,
1438 1416 1562 1456 Jaeck,
1578 1422 1615 1449 et

147 1462 310 1504 Doering.
334 1462 444 1503 plenus
457 1471 527 1494 cum
549 1463 688 1502 languet.
723 1462 907 1494 Barberin.
932 1461 1169 1494 Schoenboru.
1186 1463 1217 1493 2.
1233 1464 1263 1493 3.
1277 1463 1310 1492 4.
1334 1460 1435 1492 Harl.
1451 1463 1483 1493 3.
1499 1463 1530 1492 7.
1554 1461 1613 1493 alii

144 1504 244 1536 codd.
269 1505 518 1547 quamplurimi,
540 1511 575 1536 ct
601 1505 680 1537 edd.
706 1506 813 1547 antiq.
837 1515 904 1536 cum
917 1506 1030 1545 plenus
1044 1505 1252 1544 languea-⁹
1276 1503 1508 1535 Schoenborn.
1532 1505 1564 1534 2.
1579 1506 1612 1535 4.

142 1546 267 1587 decipit.
302 1548 380 1579 Vat.
397 1550 449 1579 19.
464 1548 603 1588 dissipit.
637 1547 797 1588 Angelic.
814 1550 846 1579 3.
861 1548 1005 1588 despicit.
1029 1547 1126 1579 Vatt.
1146 1550 1197 1578 15.
1213 1549 1264 1578 17.
1283 1551 1318 1577 et
1337 1545 1498 1587 Angelic.
1511 1549 1543 1578 2.
1560 1547 1613 1577 de-

143 1589 249 1628 serim
269 1590 317 1622 ita
340 1590 398 1622 alii
424 1591 508 1622 Mes.
536 1590 626 1632 apud
653 1591 786 1622 Valart.
815 1591 900 1623 edit.
926 1590 1022 1622 Med.
1039 1592 1134 1621 1476.
1159 1589 1272 1620 Venn.
1291 1591 1385 1620 1478.
1402 1591 1499 1620 1479.
1516 1590 1613 1620 1483.

147 1634 242 1665 1486.
258 1634 355 1665 1490.
373 1635 468 1664 1495.
492 1633 583 1665 Flor.
602 1635 696 1665 1482.
720 1633 836 1665 Bentl.
867 1634 988 1664 deseret
1011 1633 1111 1664 Vatt.
1127 1635 1159 1664 9.
1179 1634 1229 1663 lo.
1256 1634 1306 1663 18.
1333 1631 1482 1663 Chisian.
1499 1635 1530 1663 5.
1554 1631 1612 1662 alii

146 1675 230 1706 Mss.
254 1675 346 1716 apud
367 1676 447 1707 Val.
470 1675 518 1707 ita
543 1675 628 1709 edit.
652 1675 748 1707 Med.
777 1678 874 1708 1477.
908 1676 997 1708 Cun.
1019 1675 1146 1707 Sanad.
1172 1675 1284 1706 Merv.
1307 1673 1461 1716 Sandby,
1490 1674 1613 1706 Vni.—

146 1719 184 1749 11
212 1718 436 1751 commetat-as
450 1719 605 1751 nonnulli
622 1718 724 1750 codd.
739 1729 795 1759 ap.
812 1719 930 1758 Feam,
947 1719 1047 1751 Gott.
1063 1718 1148 1749 Exc.
1170 1717 1251 1749 Sax.
1268 1717 1386 1749 Zarot.
1403 1722 1438 1748 et
1461 1717 1613 1748 Schoen-

145 1759 242 1793 born.
255 1763 377 1793 2.-12
401 1762 585 1802 Bamberg.
602 1761 727 1794 inertis.
763 1761 999 1793 Sclioenborn.
1013 1763 1044 1793 4.
1065 1764 1242 1809 posttea-et
1266 1769 1438 1800 suprascr.
1453 1769 1480 1800 s,
1506 1765 1544 1790 ut
1567 1759 1615 1791 sit

141 1804 822 1878 {ifif‘ffisslvnisshffi'isskssissf'li-'135
839 1807 910 1876 ⁰:1².
925 1806 1142 1876 'ztfsstn’uitz
1162 1802 1217 1875 {¹22¹
1235 1801 1614 1885 332‘ff2·.‚⁸¹ffl„{'3¹5³51²1

147 1890 243 1919 1509.
256 1890 351 1920 1519.
373 1889 481 1922 Junta
498 1891 593 1920 1503.
611 1888 692 1919 inde
707 1888 800 1929 apud
815 1888 898 1919 alios
915 1897 1023 1928 nsque
1040 1887 1083 1918 ad
1097 1887 1214 1919 Lamb.
1227 1886 1285 1927 qui
1301 1886 1455 1917 restituit
1469 1886 1614 1924 vinctus,-

145 1930 271 1962 iterum
286 1930 431 1970 refutat,
446 1932 517 1962 late
533 1935 661 1971 praeter
677 1931 936 1970 necessitatem,
951 1929 1147 1961 Bentleius.
1192 1929 1260 1960 sed
1277 1938 1377 1961 nemo
1393 1938 1462 1960 rem
1481 1938 1544 1960 acu
1562 1933 1613 1960 te-

145 1972 238 2013 tigit.
282 1973 469 2014 Autsugies
488 1974 627 2011 Uticam,
643 1976 699 2005 aut
711 1974 837 2005 vinctu
852 1973 990 2004 mitteris
1004 1973 1156 2004 Ilerdam.
1199 1973 1324 2004 Sensus
1339 1981 1383 2004 ex
1395 1972 1485 2012 juris
1500 1971 1613 2003 civilis

146 2016 287 2048 notione
304 2017 444 2057 pendet.
488 2016 668 2055 Exulabis,
694 2016 805 2057 inquit
827 2015 996 2047 Horatius
1020 2015 1108 2046 libro
1123 2024 1197 2051 suo,
1213 2015 1246 2045 in
1265 2014 1470 2055 longinquas
1486 2018 1612 2046 terras.

146 2058 200 2090 Ex
223 2058 333 2091 tribus
361 2058 542 2100 speciebus
566 2058 658 2089 exilii
676 2059 752 2089 duae
769 2062 881 2098 erant,
906 2059 916 2075 ‘
930 2058 1002 2089 lata
1023 2057 1131 2098 suga:
1152 2061 1187 2088 ct
1208 2056 1416 2097 ‘relegatio’
1439 2057 1473 2087 in
1498 2057 1612 2088 locum

143 2100 430 2142 determinatum3
455 2107 493 2134 ut
519 2102 660 2142 exponit
682 2101 883 2133 Marcianus
905 2100 940 2132 iu
963 2101 986 2132 1.
1004 2100 1152 2132 Exilium
1174 2104 1206 2132 5.
1223 2098 1259 2131 ff.
1275 2100 1318 2131 de
1336 2098 1469 2131 lnterd.
1486 2105 1523 2131 et
1546 2099 1612 2131 Re-

144 2143 211 2186 lcg.
246 2141 300 2176 Ad
317 2145 460 2186 primam
478 2144 601 2176 alludit
618 2144 796 2184 Horatius,
810 2154 888 2175 cum
905 2143 1098 2183 ait,sugies,
1110 2153 1326 2193 quocumque
1343 2143 1512 2181 volueris3
1530 2147 1614 2184 puta

143 2185 178 2216 in
196 2185 364 2227 Africam,
381 2187 542 2227 Uticam3
567 2187 610 2218 ad
634 2187 819 2219 secundam
842 2191 980 2228 spectat
1002 2186 1142 2218 mittens
1157 2185 1318 2218 Ilerdam?
1341 2186 1424 2218 Fea.
1468 2185 1613 2217 Ilardum

143 2228 222 2262 Vnt.
237 2232 269 2263 7.
291 2230 374 2262 Vat.
393 2230 488 2262 Rom.
503 2233 536 2263 9.
579 2230 747 2262 Hiber-dam
772 2230 853 2262 Vat.
871 2231 969 2262 Rom.
985 2232 1018 2261 7.
1041 2235 1079 2261 et
1093 2228 1250 2270 Angelic.
1265 2231 1297 2260 ³.
1331 2229 1447 2261 iter-das
1463 2229 1612 2261 Schoen-

187 2384 207 2413 7
231 2381 304 2414 Scis
323 2383 362 2414 In
378 2382 467 2415 breve
487 2386 518 2414 te
532 2383 614 2423 cogi,
626 2382 698 2424 ξω]
721 2382 796 2414 Scis
811 2382 845 2414 in
900 2381 962 2413 sim
978 2381 1013 2413 in
1029 2379 1206 2413 fastidium
1229 2379 1396 2412 incurres.
1439 2378 1496 2411 Sic
1519 2379 1611 2412 enim

142 2437 325 2473 angustum
338 2437 375 2465 et
387 2433 572 2465 discrimen
585 2432 694 2472 redigi
709 2437 756 2472 te,
768 2441 846 2463 cum
899 2431 973 2464 fere
988 2431 1040 2464 fit.

138 2479 210 2523 jam
223 2483 398 2522 aspernari
409 2482 530 2524 incipit
543 2482 600 2524 qni
618 2482 712 2523 prius
725 2481 847 2523 dilige·
945 2486 986 2515 12
1002 2483 1116 2514 Tinea-5
1126 2481 1247 2523 pasces]
1264 2481 1472 2522 Neglectum
1485 2485 1521 2512 et
1533 2489 1610 2522 pro·

144 2532 216 2564 bnt.
260 2529 329 2563 Alii
359 2532 429 2564 sic:
462 2533 537 2564 Scis
569 2538 605 2564 te
630 2532 788 2565 contrahi
811 2537 848 2565 et
893 2533 1030 2575 jectum
1046 2533 1196 2565 exedent
1211 2532 1313 2564 tineae
1330 2536 1367 2564 et
1383 2532 1516 2564 blattae.
1550 2530 1611 2561 Ta·-

144 2580 366 2622 complicari3
392 2581 460 2621 vel,
474 2591 542 2613 non
559 2583 730 2623 integrum
747 2587 783 2614 tc
800 2583 847 2614 le-
900 2584 1060 2625 citui-nus]
1083 2582 1275 2622 Obscurus,
1291 2586 1328 2613 et
1348 2579 1530 2622 despectui
1554 2578 1611 2610 ha-

145 2631 192 2673 gi,
208 2631 267 2662 sed
279 2630 435 2672 qna’dam
449 2631 602 2671 pervolvi
618 2631 801 2671 duntaxat,
813 2638 850 2664 et
901 2635 993 2668 bitus
1007 2645 1016 2675 ;
1035 2635 1110 2676 jam
1126 2633 1324 2666 tacentibus
1345 2632 1388 2663 de
1415 2636 1449 2662 te
1466 2630 1611 2662 homini.

146 2682 313 2723 pleraque
330 2680 502 2722 praeteriri
518 2690 537 2711 a
552 2681 683 2713 lectore
701 2683 773 2723 jam
790 2682 850 2715 de·
902 2684 978 2717 bus.

145 2730 240 2763 fesso
254 2736 291 2763 ct
306 2731 504 2771 languente.
946 2737 987 2766 13
1012 2734 1131 2773 Fugies
1148 2730 1288 2771 Uticam]
1310 2730 1488 2772 Tanquam
1504 2730 1609 2763 exilio

133 2795 135 2798 ¹
187 2785 210 2814 9
235 2781 325 2818 Quod
338 2782 367 2813 si
380 2791 442 2813 mm
456 2781 539 2822 odio,
553 2779 622 2822 εμπ]
645 2780 678 2812 Si
696 2790 763 2812 non
780 2791 850 2814 om·
902 2785 1265 2822 mulctatus,sermone
1276 2779 1506 2813 Romanorum
1519 2780 1610 2813 haud

144 2834 224 2865 nino
249 2832 364 2873 fallor,
387 2832 414 2863 si
440 2832 528 2864 benc
554 2840 715 2873 auguror,
741 2833 851 2872 primo
904 2833 1050 2874 amplius
1066 2831 1224 2864 celebris.

143 2883 282 2926 quidem
297 2883 451 2916 novitate
467 2881 709 2924 celebraberis,
728 2886 762 2915 at
777 2893 851 2916 sen·
953 2884 1095 2926 Uticam]
1118 2884 1209 2916 Urbs
1238 2887 1292 2915 est
1318 2882 1448 2915 Africae
1477 2883 1608 2916 Catone
