1890 3230
408 291 517 335 1732

408 405 443 427 se
457 407 464 426 :
489 405 551 427 nec
567 395 700 426 dubium
713 393 790 434 quin
803 393 973 425 notissima
988 393 1089 424 fuerit

409 450 488 475 tnnc
517 442 665 473 omnibus
694 441 821 480 fabula,
848 451 921 482 qnae
952 452 971 472 a
996 442 1088 473 nobis

405 501 493 523 nunc
509 493 672 530 ignorata,
687 489 838 530 frigidior
851 491 935 521 forte
947 490 1088 530 cuipiam

407 546 507 579 atque
536 539 679 578 ineptior
701 539 866 570 videatur.
910 538 1088 570 ‘Fortem'

406 591 517 617 autem
533 592 644 626 vocat,
660 593 697 618 ut
712 597 803 628 saepe
816 588 956 618 Plautus
970 588 1087 618 hones-

343 664 350 673 ,
405 640 475 665 tum
506 645 546 666 ac
577 635 731 675 probum.
773 635 928 667 Nasicam
961 641 1087 674 contra,

405 685 415 700 ‘
425 683 635 714 Metuentem
651 684 791 715 reddere
806 683 957 723 soldum,'
968 684 1024 724 qui
1039 683 1086 714 ni-

403 730 450 760 bil
479 730 611 771 integre
636 737 736 772 atque
762 740 805 762 ex
828 731 894 762 fide
917 731 1085 762 redderet.

401 780 624 811 ‘Procerum'
651 790 730 811 vero
758 780 904 820 ‘filiam,'
926 780 981 821 qni
1003 790 1085 820 prae-

405 829 523 859 stantis
537 828 650 860 formae
666 839 743 870 pars
764 829 913 870 corporis
939 829 1087 869 proceri-

404 882 474 915 tas;
487 878 661 908 nihilenim
673 878 827 917 pusillum
837 878 999 917 pulcrum.
1014 878 1087 908 Tor-

404 929 484 956 rent.
502 926 605 956 Gener
614 926 784 965 hocseoiet]
797 926 954 957 Coranus.
975 926 1087 957 Socero

403 974 500 1012 dabit,
512 974 617 1013 atque]
640 975 771 1005 Nasicae
788 973 883 1005 dabit
894 974 1087 1017 testamenti

402 1022 542 1053 tabulas.
573 1023 676 1063 [Tunc
685 1032 779 1061 gener
793 1022 945 1063 Angelic.
960 1026 990 1054 1.
1009 1024 1085 1053 Cum

400 1080 495 1109 gener
510 1070 590 1102 Vat.
615 1072 725 1102 Palat.
747 1074 776 1103 1.
806 1071 883 1102 Tum
906 1080 998 1110 gener
1021 1071 1085 1101 haee

403 1119 481 1150 Vat.
497 1119 544 1159 9.]

443 1170 484 1198 67
507 1169 661 1208 Negatas]
685 1169 776 1201 Quas
798 1168 965 1209 inspicere
987 1177 1084 1208 nega·

403 1216 462 1247 vit.
505 1215 598 1255 [Vat.
615 1221 645 1248 5.
660 1215 815 1255 rogatam]

444 1267 485 1296 68
508 1265 647 1305 Accipiet
660 1267 791 1301 tandem,
803 1269 834 1296 et
844 1266 971 1306 tacitus]
993 1266 1085 1296 Non·

403 1314 484 1344 nulli
499 1314 581 1345 Mss.
616 1314 758 1354 Accipiet
773 1315 893 1345 tandem
908 1313 1031 1352 tacitus,
1043 1314 1085 1344 le-

400 1365 467 1400 get,
478 1362 678 1402 invenietque.
718 1363 852 1393 Placet.
872 1362 1017 1392 Volebat
1029 1371 1085 1392 au·

403 1415 472 1439 tem
497 1409 612 1440 vivens
634 1410 740 1441 adhuc
756 1410 907 1441 Coranus
931 1419 1003 1441 eam
1028 1410 1084 1441 de-

403 1458 496 1497 cepti
508 1459 709 1490 insidiatoris
725 1460 933 1499 voluptatem
949 1468 1082 1499 capere.

407 1505 544 1536 Torrent.

444 1556 486 1584 69
509 1554 631 1585 Proeter
650 1555 784 1595 plorare]
807 1556 864 1587 Sic
890 1564 915 1586 ι.
938 1555 1011 1586 Sat.
1033 1558 1084 1585 10.

403 1605 454 1633 91.
477 1603 747 1641 ‘Discipularum
773 1604 862 1634 inter
887 1603 990 1642 jubeo
1014 1604 1083 1642 plo-

401 1658 475 1680 rare
495 1650 692 1681 cathodi-ase
736 1650 884 1680 Sumtum
908 1659 927 1680 a
941 1650 1084 1684 Graeeis,

403 1698 576 1738 Aristoph.
622 1700 745 1730 Pluto:
779 1698 839 1736 ἐγὼ
866 1697 923 1736 μὲν
950 1697 1086 1736 οἰμώζειν

402 1747 486 1785 λέγω
501 1746 560 1778 σοί.
605 1746 808 1777 Concinnior
827 1751 938 1778 autem
958 1746 1023 1777 erit
1039 1747 1086 1777 lo·

403 1805 475 1834 cus,
490 1795 516 1826 si
528 1795 676 1826 Coranus
689 1800 893 1835 captatorem
903 1804 997 1825 suum
1007 1803 1085 1825 con-

403 1844 511 1884 ceptis
527 1844 636 1874 verbis
657 1845 778 1883 plorare
794 1852 836 1874 ex
850 1844 965 1882 legato
975 1843 1085 1883 jusse-

401 1892 456 1929 rit,
472 1897 509 1923 ut
529 1893 644 1923 restim
666 1893 811 1923 urbanus
833 1892 964 1933 quidam
979 1891 1084 1932 (quod

402 1941 437 1970 in
467 1941 574 1972 veteri
603 1950 767 1972 marmore
793 1941 926 1972 memini
946 1939 1084 1981 legisse)

402 1989 537 2020 inimico
552 1999 611 2020 suo
627 1989 707 2021 dare
722 1999 756 2021 se
771 1994 973 2021 testamento
988 1989 1084 2020 dixit.

405 2039 544 2071 Torrent.
575 2040 700 2071 Praeter
711 2039 844 2080 plorare]
867 2039 1000 2071 Praeter
1014 2039 1085 2079 plo-

402 2091 509 2119 ratum
539 2093 575 2119 et
599 2086 726 2119 fletum.
769 2087 914 2127 Suisque]
943 2087 1018 2118 Suae
1047 2085 1084 2116 fi-

402 2135 468 2165 liae.

443 2185 484 2213 70
508 2183 589 2214 Illud
598 2185 639 2214 ad
650 2184 727 2223 hoec]
743 2183 842 2213 Aliud
854 2183 988 2213 Tiresiae
999 2191 1083 2221 prae-

402 2235 536 2270 ceptum
553 2233 594 2262 ad
611 2231 810 2270 captandum
826 2240 950 2262 senem.
989 2230 1083 2269 [Vat-

404 2283 455 2310 10.
472 2284 506 2310 et
521 2280 598 2310 Vat.
617 2281 710 2310 Rom.
727 2282 778 2309 10.
792 2279 831 2309 ad
846 2279 920 2314 hom
944 2278 1038 2308 Vatt.
1054 2280 1084 2307 5.

403 2330 434 2358 7.
450 2332 486 2358 et
502 2327 676 2358 Barberin.
691 2329 724 2357 2.
739 2326 863 2365 adhuc]

443 2379 483 2406 71
518 2376 685 2416 Temperet]
712 2375 748 2406 Si
773 2379 878 2414 regat.
923 2373 1009 2414 Illis]
1032 2373 1086 2404 Li·

403 2425 511 2462 berto‚
525 2425 632 2463 uxori,
645 2425 696 2454 vel
709 2422 917 2454 concubinae.
958 2421 1084 2462 [Liber-

402 2478 489 2504 tusne
514 2474 591 2504 Vat.
615 2473 710 2504 Rom.
731 2475 762 2503 7.
781 2472 852 2502 istis
866 2471 944 2502 Vat.
960 2473 990 2501 1.
1007 2480 1027 2500 a
1041 2479 1084 2501 m.

402 2522 469 2562 pn]

443 2575 485 2602 ⁷2
507 2572 641 2612 hodes]
654 2571 804 2603 Laudare
814 2570 916 2601 debes
928 2568 1082 2600 libertum

402 2621 456 2650 vel
471 2621 653 2652 mulierem.

442 2671 482 2700 73
505 2670 641 2708 Adiuvat
651 2670 704 2701 noc
713 2669 842 2710 quoque]
864 2667 938 2700 Hoc
948 2676 1078 2709 quoque

403 2719 570 2749 conducit.
614 2719 731 2759 Ipsum]
754 2719 868 2759 Ipsum
893 2726 1004 2748 senem
1024 2725 1078 2747 ca-

401 2775 491 2805 pere.
529 2768 659 2807 [Vincet
673 2767 768 2799 Vatt.
782 2770 814 2800 2.
829 2769 860 2798 4.
875 2767 946 2797 7.9.
963 2766 1012 2795 12.
1027 2766 1077 2795 13.

865 303 1002 333 NOTAE
1029 299 1285 334 vARtoRuM
1318 302 1369 334 IN

1137 394 1280 425 Chisian.
1293 397 1324 425 2.
1346 399 1380 426 et
1396 395 1547 435 Angelic.
1566 396 1609 436 1.]

1177 445 1218 473 74
1241 443 1361 474 Scribet
1374 444 1454 474 mala
1465 444 1612 485 carmina]
1636 444 1671 475 Si
1682 444 1815 478 scribet.

1143 490 1269 530 Vecors]
1296 491 1426 522 Stultus
1451 493 1502 522 vel
1530 493 1676 523 insanus.
1720 492 1814 532 [Vat-

1138 541 1167 569 1.
1194 545 1229 571 et
1256 541 1400 572 chisian.
1425 543 1455 572 1.
1477 542 1594 577 scribit,
1613 542 1702 583 quod
1722 551 1814 574 rece-

1136 596 1214 627 pere
1225 589 1303 628 Fea,
1319 589 1442 628 Bothe,
1455 595 1490 621 et
1501 590 1523 621 J
1526 591 1637 631 sech]

1176 639 1216 667 75
1243 637 1331 668 Ultro
1349 639 1532 679 Penelopen]
1557 639 1622 670 Sub
1637 639 1765 680 Ulyssis
1781 643 1815 670 et

1135 684 1314 724 Penelopae
1331 688 1480 726 personis
1493 687 1634 727 insurgit
1649 687 1682 718 iu
1697 688 1815 719 Roma-

1134 743 1193 764 nos
1209 735 1443 777 putidissimus,
1457 737 1511 777 qni
1525 747 1599 768 snas
1615 746 1734 768 uxores
1747 747 1815 768 ma-

1133 786 1244 814 tronas
1259 783 1395 823 pudicas
1411 789 1447 815 et
1462 786 1629 825 honestas,
1641 786 1814 816 baeredita-

1134 831 1175 861 tis
1189 832 1403 872 assequendae
1424 834 1544 873 gratia,
1557 835 1610 865 vel
1632 834 1752 865 invitas
1766 835 1814 865 ul-

1134 883 1186 910 tro
1209 880 1437 919 perducebant
1460 881 1501 911 ad
1524 891 1620 912 senes
1637 881 1815 913 adulteros.

1136 929 1228 966 Cruq.
1267 928 1372 968 Ultro]
1394 929 1470 958 Non
1486 934 1618 969 rogatus
1633 939 1770 961 uxorem
1781 931 1813 961 ei

1135 980 1223 1006 tuam
1235 984 1385 1015 suppone
1398 981 1563 1017 tamquam
1576 977 1707 1016 potiori.
1721 978 1814 1016 [Vat.

1136 1028 1165 1054 l.
1187 1023 1308 1064 aliique
1334 1024 1431 1055 codd.
1457 1034 1511 1064 ap.
1537 1024 1688 1056 Oberlin.
1709 1035 1815 1057 caveas

1133 1075 1230 1110 rog-et.
1272 1073 1351 1103 Vat.
1379 1073 1474 1103 Rom.
1499 1075 1531 1104 9.
1554 1083 1625 1104 cave
1645 1083 1690 1105 ne.
1734 1074 1814 1105 Vat-

1136 1121 1230 1151 Rom.
1246 1123 1276 1152 1.
1291 1130 1362 1152 cave
1375 1130 1433 1151 non
1445 1124 1543 1159 roget.
1578 1122 1657 1152 Vat.
1673 1121 1768 1154 Rom.
1781 1125 1814 1153 2.

1134 1164 1262 1208 αἰκία]

1176 1220 1216 1248 76
1239 1216 1390 1257 Putasne]
1410 1217 1523 1248 Verba
1537 1222 1614 1250 sunt
1629 1218 1756 1259 Ulyssis
1770 1219 1812 1250 ad

1133 1266 1305 1297 Tiresiam.

1175 1316 1215 1344 77
1239 1315 1370 1345 Perduei
1380 1315 1509 1355 poterit]
1529 1315 1539 1333 ⁴
1551 1314 1742 1346 Perducere
1755 1314 1764 1329 '
1778 1320 1815 1346 et

1134 1366 1144 1383 ‘
1156 1365 1343 1400 deducere:
1360 1365 1400 1396 ad
1417 1366 1535 1396 amoris
1549 1365 1813 1397 conciliationem

1134 1414 1323 1454 pertinent:
1347 1414 1436 1444 unde
1447 1413 1529 1444 dicti
1550 1414 1559 1431 ‘
1574 1413 1815 1454 perductores,’

1133 1472 1197 1493 non
1227 1463 1365 1493 multum
1387 1472 1406 1492 a
1423 1461 1593 1493 lenonibus
1615 1461 1814 1493 differentes.

1133 1511 1310 1550 Flagitium
1340 1516 1451 1541 autem
1480 1511 1508 1540 si
1537 1511 1673 1541 maritus
1702 1509 1812 1540 uxoris

1133 1559 1208 1588 leno
1243 1558 1298 1588 sit.
1340 1558 1477 1588 Tor-rent.
1521 1558 1656 1588 Perdam·
1682 1559 1811 1598 poterit]

1133 1606 1341 1636 Persuaderi.

1174 1654 1215 1681 78
1238 1653 1334 1682 Recto
1357 1652 1517 1690 depellere]
1540 1651 1591 1682 Ad
1616 1652 1813 1684 adulterium

1133 1699 1314 1738 impellere.
1359 1699 1452 1738 [Vat.
1468 1699 1563 1730 Rom.
1577 1701 1607 1729 3.
1622 1699 1765 1731 Chisian.
1785 1703 1813 1732 1.

1133 1751 1165 1778 2.
1185 1748 1334 1779 Vallicel.
1360 1750 1391 1778 4.
1417 1753 1452 1779 et
1474 1747 1568 1780 Jnnt.
1595 1749 1688 1778 1503.
1711 1749 1814 1788 nequi·

1131 1796 1228 1836 vere.]

1175 1848 1216 1876 79
1235 1845 1326 1877 Venit
1340 1845 1434 1885 enim]
1451 1844 1647 1885 Respondet
1659 1844 1814 1875 Tiresias.

1134 1893 1403 1932 Parcajuventus]
1425 1893 1525 1924 Venit
1536 1893 1695 1932 juventus
1706 1891 1813 1923 illibe-

1133 1943 1223 1982 ralis,
1243 1946 1278 1973 et
1293 1942 1446 1974 restricta
1466 1941 1500 1972 in
1524 1950 1676 1981 maguum
1694 1940 1814 1972 donan-

1132 1990 1185 2021 do.

1173 2042 1214 2070 80
1234 2039 1376 2079 Veneris]
1394 2037 1456 2069 Rei
1471 2038 1646 2068 Venereae.
1679 2036 1813 2075 cutim]

1133 2087 1283 2118 Ventris.
1305 2087 1438 2127 [Veneri
1452 2086 1594 2118 Chisian.
1610 2085 1658 2126 1.]

1172 2138 1211 2166 81
1236 2137 1336 2174 Frugi
1351 2136 1412 2175 est]
1436 2136 1535 2166 Casta
1550 2139 1613 2165 est.

1175 2187 1214 2213 82
1237 2183 1288 2212 De
1307 2192 1377 2213 sene
1399 2183 1552 2222 gustarit]
1575 2183 1610 2212 Si
1631 2182 1720 2214 senis
1741 2191 1810 2212 mu·

1133 2240 1213 2260 nera
1241 2231 1284 2261 sit
1313 2230 1415 2261 semel
1448 2235 1599 2269 experta.
1643 2230 1811 2270 Lucetium]

1134 2278 1275 2308 Lucrum
1304 2287 1323 2307 a
1352 2286 1431 2307 sene
1461 2281 1648 2316 acceptum.
1701 2278 1810 2317 [Vatt.

1134 2326 1228 2356 Rom.
1251 2329 1325 2357 23.
1343 2335 1361 2356 a
1385 2335 1427 2356 m.
1454 2335 1504 2365 pr.
1528 2330 1563 2356 et
1585 2325 1756 2357 Barberin.
1781 2329 1809 2357 1.

1131 2375 1296 2415 gustaret]
1589 2373 1593 2376 “

1175 2425 1215 2453 83
1238 2423 1266 2454 Α
1293 2423 1371 2453 corio
1391 2421 1555 2462 nunquam]
1576 2421 1675 2454 Quod
1691 2421 1808 2453 rodere

1133 2471 1262 2502 didicit.
1303 2472 1477 2511 Numquam
1499 2470 1730 2510 absterrebitur]
1755 2471 1808 2501 Li-

1133 2519 1184 2549 bri
1196 2519 1259 2550 duo
1273 2518 1712 2559 antiquissimiextembitur.
1725 2518 1808 2549 Tur·

1131 2568 1208 2598 neb.
1220 2576 1325 2599 xxvx.
1336 2571 1388 2599 31.
1411 2567 1550 2598 Tor-rent.

1174 2617 1230 2657 [84
1254 2616 1361 2648 Codd.
1372 2617 1459 2653 Feae,
1474 2616 1548 2654 quid
1561 2614 1687 2654 dicam]

1171 2668 1209 2695 85
1238 2666 1287 2696 Ex
1296 2664 1485 2703 testamento]
1501 2664 1610 2704 Ipsius
1626 2664 1805 2694 voluntate.

1130 2713 1235 2751 Elata,
1248 2712 1316 2752 Sym]
1333 2713 1441 2750 Elata,
1457 2721 1475 2743 e
1491 2712 1588 2743 domo
1603 2711 1645 2742 ad
1660 2719 1782 2751 rogum.

1186 2764 1227 2792 86
1250 2760 1375 2800 Haeres]
1400 2761 1448 2791 Ea
1474 2761 1544 2800 lege
1556 2759 1726 2791 institutus
1753 2760 1804 2788 est
