1930 3204
396 252 505 294 1630

396 354 515 396 Antiq.
547 355 694 395 Capuan.
725 354 816 385 Disc.
845 363 886 385 11.
914 363 943 384 c.
968 357 1020 385 35.
1044 354 1076 383 in

394 403 483 442 ἕως
505 404 582 444 quia
606 412 712 444 neque
735 411 851 434 eorum
874 403 1076 443 praeconium

394 451 569 483 intexendi
594 451 646 482 hic
669 451 760 482 locus
786 455 880 489 erat;
903 460 1010 491 neque
1035 450 1076 481 de

394 500 435 531 iis
449 501 596 539 cogitare
610 499 742 539 quidem
758 502 893 538 poterat
904 498 1076 538 Horatius,

394 557 467 579 cnm
483 547 527 578 ibi
551 556 615 577 non
630 552 758 578 essent:
782 556 846 578 non
867 546 955 588 quod
974 546 1076 578 biduo

393 596 525 626 mollius
558 596 623 626 iter
657 594 755 627 fieret
783 595 985 635 delicatulis,
1021 595 1077 634 qui

392 644 484 674 lente
499 643 532 673 in
556 653 654 674 curru
671 644 904 684 procederent,
919 652 961 674 ne
976 643 1075 674 silici-

392 692 455 723 bus
472 693 738 732 exagitarentur,
750 694 867 734 quibus
882 693 936 724 via
950 697 1075 730 strata;

392 749 469 771 nam
483 742 576 772 silice
594 742 732 781 primum
747 742 820 772 haec
841 742 895 772 via
910 745 1017 772 strata
1032 741 1074 772 ab

392 789 656 829 Imperatoribus
675 790 798 825 Nerva,
814 793 849 820 et
865 790 1012 829 Trojano
1027 790 1075 820 le-

390 838 480 878 gitur
503 839 536 869 in
563 838 725 869 columnis
740 838 933 870 milliaribus
955 839 1000 869 ibi
1023 847 1074 869 re-

391 887 511 927 pertis,
531 887 618 927 apud
646 887 797 918 Fabrett.
823 886 866 918 de
893 887 964 918 Col.
981 887 1072 927 Traj.

391 948 426 978 p.
441 940 514 968 291.
530 941 565 967 et
583 938 669 976 aliis,
685 947 766 977 quas
780 937 861 973 vidi,
876 941 912 968 et
926 947 1007 978 quas
1023 946 1073 967 re-

391 985 507 1016 ferunt
530 985 669 1025 Chaupy
686 987 837 1017 Decouv.
862 985 905 1016 de
927 986 959 1016 la
973 986 1072 1016 Mais.

391 1033 434 1064 de
455 1034 573 1072 Camp.
598 1033 718 1064 d’Hor.
733 1038 757 1064 t.
773 1039 830 1064 111.
845 1043 879 1074 p.
895 1037 968 1065 391.
1012 1035 1074 1066 Ni-

391 1082 476 1113 colai
489 1081 544 1112 de’
558 1081 672 1112 Bonit'.
690 1082 778 1113 delle
799 1083 902 1113 Terre
917 1083 1076 1122 Pontiae,

390 1140 415 1161 1.
440 1133 491 1160 19.
519 1131 635 1170 glarea
659 1134 786 1161 tantum
803 1136 922 1169 antea;
947 1135 982 1161 et
999 1131 1074 1162 ideo

389 1179 500 1209 lutosa
517 1178 660 1210 Horatio
676 1188 716 1210 n.
731 1180 840 1220 Epist.
858 1183 887 1210 1.
906 1183 955 1210 10.
973 1184 1073 1220 atque

389 1227 400 1244 ‘
417 1226 709 1258 uda'Lucanonx.
721 1230 774 1260 85.
796 1233 805 1246 ⁴
820 1229 865 1259 Et
879 1237 942 1268 qua
953 1228 1074 1268 Pomp·

389 1275 476 1306 tinas
493 1275 546 1306 via
561 1275 683 1307 dividit
702 1276 768 1307 uda
784 1276 962 1316 paludes.”
985 1276 1075 1316 Fen-J

431 1327 450 1354 ἵ
473 1324 608 1364 Propter
622 1325 746 1365 aquam]
767 1325 872 1367 Atqui
889 1317 999 1357 vinum
1025 1326 1073 1356 bi-

388 1372 469 1403 bere
486 1378 632 1412 poterat,
652 1383 726 1404 cum
750 1374 829 1405 alibi
849 1374 892 1405 de
907 1384 943 1406 se
958 1375 1071 1406 dicat:

388 1420 399 1438 ‘
414 1420 468 1451 Ad
484 1430 576 1452 mure
599 1431 673 1452 cum
700 1422 788 1461 veni,
815 1431 1010 1462 generosum
1037 1428 1074 1454 et

389 1469 464 1499 lene
481 1469 639 1510 requiro.’
682 1469 736 1500 An
751 1479 832 1510 ergo
851 1476 887 1501 et
908 1471 986 1500 vina
1001 1471 1071 1511 ejus

387 1517 453 1548 loci
480 1518 625 1548 Horatio
649 1518 892 1558 displicebant?
915 1519 1003 1549 utin
1029 1520 1071 1550 E-

387 1565 510 1606 pistola
532 1566 574 1596 ad
587 1567 767 1597 Vahalam:
791 1566 801 1582 ‘
819 1567 907 1597 Nam
934 1567 1009 1597 vina
1023 1567 1071 1597 ni-

387 1615 432 1644 liil
450 1623 560 1644 moror
580 1614 668 1645 illius
685 1614 777 1646 orae.'
819 1614 872 1645 An
895 1615 1004 1655 potius
1028 1616 1071 1646 ob

387 1662 637 1702 lippitudinem,
663 1667 762 1702 atque
785 1663 955 1693 oculorum
982 1662 1072 1693 dolo-

388 1720 471 1749 rem,
495 1716 574 1741 tunc
597 1710 695 1741 solito
722 1710 920 1750 graviorem,
942 1715 979 1740 ut
995 1711 1074 1750 pila,

388 1759 436 1790 sit:
450 1759 526 1790 vino
540 1759 640 1791 etiam
655 1758 869 1790 abstinebat?
892 1758 981 1789 Vide
991 1759 1074 1790 Hie-

387 1817 458 1838 ron.
482 1807 588 1846 Magn
619 1807 762 1838 Miscell.
787 1815 812 1837 1.
840 1809 892 1837 21.
930 1807 1073 1838 Torrent-

387 1858 522 1897 Propter
543 1857 665 1897 aquam]
698 1857 843 1896 Propter
867 1865 985 1897 aquam
1015 1866 1073 1897 pa-

386 1906 524 1936 lustrem
539 1911 574 1936 et
592 1905 756 1936 foetidam.

427 1957 447 1984 8
476 1954 585 1985 Ventri
597 1953 704 1984 Indico
719 1953 841 1993 bellum]
864 1954 940 1984 Non
966 1963 1071 1985 coeno.

386 2003 482 2034 Haud
493 2005 592 2034 animo
606 2003 705 2043 aequo]
730 2003 891 2033 Gravate.

427 2055 448 2082 9
468 2053 544 2082 Jam
562 2062 626 2082 nox
649 2051 805 2089 inducere]
827 2051 903 2082 Jam
933 2061 999 2082 nox
1013 2061 1070 2091 ap-

385 2099 641 2139 propinquabat.

427 2149 467 2177 10
493 2147 574 2177 Coelo
600 2146 772 2186 diffundere
801 2146 908 2185 signa]
955 2145 1069 2175 Unde-

385 2204 514 2236 quaque
550 2195 709 2226 exhibere
746 2193 938 2224 mortalibus
974 2193 1070 2232 signa

384 2244 546 2283 coelestia,
560 2244 674 2274 stellas
690 2247 725 2274 et
735 2242 856 2281 sidera,
870 2243 1067 2281 praesaginm

384 2292 576 2323 serenitatis
590 2295 774 2322 nocturnae.
800 2291 894 2329 Cruq.
937 2289 1068 2330 Diffun-

383 2342 454 2372 dere
478 2341 569 2380 signa
590 2340 735 2381 parabat]
757 2338 887 2379 Sydera
903 2343 937 2369 et
953 2339 1066 2369 stellas

383 2399 551 2430 spargere.

427 2440 465 2468 11
491 2436 683 2477 Tumvpueri]
707 2437 810 2468 Pueri
825 2436 924 2475 dixit,
939 2436 980 2467 ad
997 2437 1067 2467 imi·

384 2487 544 2518 tationem
578 2487 784 2525 Graecorum,
817 2486 935 2526 quibus
962 2486 1068 2517 παῖδες

383 2539 475 2575 sunt,
496 2544 633 2576 quorum
658 2545 760 2575 opera
785 2534 920 2573 utimur,
942 2534 1011 2565 sive
1033 2535 1066 2565 in

382 2585 503 2616 itinere
519 2583 687 2624 faciendo,
711 2584 780 2615 sive
805 2583 837 2614 iu
863 2583 936 2614 aliis
957 2583 1067 2614 rebus.

387 2634 480 2672 Cruq.
528 2634 602 2664 Tum
615 2633 702 2672 pueri
716 2632 834 2673 nautis]
858 2632 942 2662 Tum
968 2633 1063 2662 servi.

387 2683 547 2722 Convicia]
579 2683 718 2724 Proprie
735 2683 777 2714 de
801 2691 970 2715 servorum
985 2691 1066 2713 nau-

386 2737 558 2771 tarumque
572 2732 660 2764 iuter
673 2733 836 2774 sejurgiis
847 2732 911 2764 hoc
923 2731 1065 2763 vocabu-

846 262 987 292 No‘rAE
1018 259 1280 291 VARIORUM
1312 260 1363 290 IN

1126 353 1159 383 lo
1174 352 1298 383 utitur:
1321 360 1395 382 narn
1413 354 1451 383 nt
1465 349 1628 390 Ulpianus
1647 349 1694 382 ait
1707 350 1730 382 l.
1745 359 1806 382 xv.

1127 401 1170 433 de
1193 402 1349 442 Iujuriis:
1372 402 1382 419 ‘
1399 400 1481 431 Cum
1510 400 1544 430 in
1571 409 1670 430 unum
1697 400 1808 440 plnres

1127 460 1226 482 voces
1239 449 1470 489 conferuntur,
1482 449 1615 490 proprie
1625 448 1808 480 convicium

1126 500 1328 539 appellatur,
1345 499 1438 538 quasi
1452 498 1658 538 convocium,
1670 500 1703 529 in
1719 503 1809 530 coetu

1126 547 1256 580 scilicet
1285 556 1359 579 cum
1391 545 1631 579 vociferatione
1659 547 1809 579 dictum-¹

1129 596 1269 628 Torrent.

1170 648 1209 676 12
1232 645 1392 685 Ingerere]
1414 645 1628 685 Ingerebant.
1661 646 1735 676 Huc
1757 656 1809 686 ap·

1121 694 1215 734 pelle]
1241 695 1328 725 Vide
1355 695 1432 725 Pet.
1456 695 1602 726 Victorii
1617 695 1697 726 Var.
1717 695 1810 726 Lect-

1126 751 1206 773 xm.
1219 745 1251 774 3.
1295 743 1367 774 Huc
1381 742 1510 782 appelle]
1532 743 1610 774 Huc
1623 752 1740 774 navem
1751 753 1810 783 ap-

1125 791 1224 830 plica.
1247 792 1362 823 Verba
1378 796 1456 823 sunt
1480 800 1650 822 servornm
1669 801 1690 822 a
1705 791 1810 822 domi-

1125 839 1176 869 nis
1203 840 1459 879 praemissorum.
1505 840 1664 871 Trecentos
1685 840 1811 881 inseris]

1125 888 1232 920 Nimis
1243 890 1364 920 multos
1379 890 1413 920 in
1429 889 1537 920 navim
1551 889 1703 929 imponis.

1167 939 1206 967 13
1229 936 1315 966 Dum
1332 946 1375 966 ωε
1398 937 1550 976 exigitur]
1573 937 1662 968 Dum
1675 938 1809 968 naulum

1125 993 1144 1014 a
1159 984 1269 1014 nautis
1286 983 1423 1024 petitur.
1465 985 1558 1014 Mala
1579 985 1711 1024 ligatur]
1733 986 1810 1016 Mu-

1125 1031 1158 1062 la
1181 1041 1254 1072 quae
1277 1031 1386 1062 navim
1411 1040 1430 1062 e
1455 1031 1529 1072 ripa
1554 1036 1671 1063 contra
1691 1041 1809 1074 aquam

1127 1080 1286 1111 traheret.

1168 1131 1208 1160 14
1231 1130 1314 1160 Mali
1337 1129 1455 1169 culices,
1476 1130 1544 1170 ἐγὼ]
1570 1129 1705 1161 Molesti
1727 1130 1810 1161 culi-

1125 1186 1193 1209 ces.

1168 1229 1207 1258 15
1244 1226 1400 1258 Avertant
1438 1226 1572 1267 somnos]
1622 1226 1811 1266 Depellnnt

1125 1283 1268 1305 somnos.
1306 1275 1451 1314 [Valart.
1468 1275 1562 1305 nulla
1575 1274 1654 1306 data
1669 1275 1810 1315 ratione,

1124 1323 1218 1363 legit,
1233 1323 1386 1355 absentem
1400 1327 1431 1355 et
1445 1322 1579 1363 canem]

1167 1375 1207 1403 16
1239 1373 1391 1404 Prolatus
1420 1373 1533 1412 vappa]
1567 1371 1693 1402 Plenus
1731 1371 1807 1402 vino

1123 1421 1220 1460 malo,
1237 1420 1310 1451 vide
1326 1430 1425 1461 supra
1436 1421 1508 1452 Sat.
1523 1429 1548 1451 1.
1582 1419 1705 1460 Viator]
1729 1419 1807 1450 Via·

1123 1472 1179 1498 tor
1194 1468 1250 1508 qui
1266 1469 1387 1499 mulam
1403 1467 1646 1499 moderabatur.

1166 1519 1204 1546 17
1240 1517 1406 1556 Certatim]
1458 1516 1688 1554 Contentiose,
1732 1519 1808 1546 uter

1123 1566 1332 1606 praecelleret
1361 1566 1394 1596 in
1425 1565 1540 1596 amicae
1569 1565 1722 1597 laudibus
1752 1565 1806 1596 de-

1122 1614 1307 1646 cantandis.

1164 1666 1206 1693 18
1229 1663 1412 1693 Retinacula
1425 1662 1529 1702 mule]
1551 1660 1672 1699 Funes,
1688 1663 1805 1704 quibus

1124 1711 1214 1742 mula
1242 1709 1399 1741 trahebat
1423 1711 1544 1741 navim.
1588 1711 1683 1750 [Vat.
1712 1715 1745 1743 9.
1777 1717 1805 1744 et

1125 1761 1225 1791 missoe
1234 1758 1384 1799 pastum]

1167 1811 1207 1839 19
1230 1808 1314 1838 Saxo
1338 1807 1468 1847 religat]
1489 1808 1541 1838 De
1568 1808 1631 1848 boe
1659 1808 1761 1840 verbo
1782 1818 1806 1840 ι.

1124 1856 1192 1888 od.
1207 1859 1259 1888 32.
1303 1859 1312 1873 ‘
1331 1856 1502 1896 Religarat
1518 1855 1584 1887 udo
1601 1857 1731 1888 Littore
1751 1866 1809 1888 na-

1123 1905 1224 1936 vem!
1265 1905 1441 1936 Sententia
1457 1909 1569 1936 autem
1586 1910 1649 1945 est,
1660 1909 1807 1946 nautam,

1122 1959 1158 1984 nt
1171 1954 1314 1985 dormire
1333 1954 1494 1985 viatorum
1512 1954 1644 1986 turbam
1660 1955 1807 1986 animad-

1122 2006 1281 2038 verterat,
1304 2002 1403 2033 missa
1424 2007 1557 2042 pastum
1580 2003 1680 2038 mula,
1703 2004 1806 2040 scd,a

1120 2061 1202 2082 saxo
1231 2061 1272 2081 ne
1302 2051 1485 2090 aberraret,
1518 2052 1668 2092 alligata,
1695 2052 1805 2092 ipsum

1120 2108 1250 2140 quoque
1276 2099 1318 2129 ad
1340 2108 1487 2129 somnum
1509 2109 1545 2130 se
1570 2101 1804 2140 composuisse,

1118 2156 1268 2177 securum
1312 2156 1375 2186 quo
1419 2151 1569 2186 tempore
1606 2149 1804 2188 appelleret.

1119 2195 1257 2225 Tor-rent.
1303 2194 1387 2225 Saxo
1401 2195 1524 2234 religat,
1547 2195 1725 2235 stertitque]
1748 2197 1802 2228 Ne

1118 2242 1212 2273 navis
1229 2251 1288 2282 per
1304 2242 1443 2282 paludes
1459 2247 1644 2282 vagaretur.

1158 2290 1215 2329 [2⁰
1240 2291 1316 2321 Vat.
1327 2292 1422 2322 Rom.
1434 2293 1466 2321 8.
1477 2293 1641 2331 producere
1654 2293 1804 2333 lintrem]

1160 2342 1198 2370 21
1226 2339 1422 2379 cerebrosus]
1437 2341 1447 2357 ⁴
1461 2341 1654 2372 Cerebrosi'
1668 2343 1802 2383 proprie

1118 2388 1239 2429 quibus
1252 2387 1352 2419 facile
1365 2389 1535 2421 cerebrum
1543 2396 1802 2431 commoveatur,

1118 2438 1172 2468 vel
1196 2437 1238 2468 ob
1262 2437 1358 2474 iram,
1381 2438 1430 2468 vel
1454 2438 1496 2469 ob
1512 2438 1684 2471 insaniam.
1728 2440 1803 2471 Nec

1118 2485 1224 2517 otiose
1238 2485 1450 2525 salignosuste
1464 2486 1556 2526 dicit,
1579 2496 1622 2518 ex
1645 2488 1720 2528 ripa
1741 2498 1803 2529 pro

1118 2535 1183 2565 loci
1209 2535 1462 2575 opportunitate
1477 2541 1632 2576 arrepto;
1655 2541 1692 2568 ut
1717 2538 1801 2578 ripae

1116 2583 1188 2615 fere
1203 2583 1359 2615 salicibus
1376 2582 1530 2624 consitae,
1555 2585 1636 2616 locis
1659 2595 1800 2626 proeser-

1117 2633 1174 2663 tim
1202 2631 1381 2672 paludosis.
1417 2633 1558 2665 Torrent-
1603 2633 1798 2674 cerebrosus]

1114 2681 1250 2712 Temere
1276 2681 1424 2712 irascens
1451 2685 1487 2712 et
1515 2682 1716 2714 iracundiam
1741 2692 1797 2714 ce-

1115 2731 1230 2764 leriter
1245 2731 1423 2772 deponens.
1466 2731 1567 2772 Angl.
1583 2731 1759 2764 hrain-niele.
