1930 3204
417 282 526 324 1574

417 390 472 416 tur
494 386 636 421 soboles.
652 395 770 418 vocare
786 390 939 421 matrem.
981 389 1103 430 Virgil-

416 435 543 474 Georg.
560 444 583 465 1.
604 436 612 452 ‘
625 435 724 466 Nunc
743 436 822 466 altae
837 435 985 472 frondes,
1001 442 1036 469 et
1051 447 1102 468 ra-

416 484 462 514 mi
487 484 600 514 matris
627 484 796 523 opacant-⁹
841 486 1022 518 Columella
1046 496 1100 518 111.

414 533 446 560 5.
466 533 475 547 ‘
491 532 565 561 Nou
588 531 674 561 enim
699 532 803 563 solam
823 532 1012 566 foecundam
1027 545 1101 567 esse

414 584 553 610 matrem
569 579 650 609 satis
669 583 722 610 est
741 590 783 611 ex
806 591 871 622 qua
894 584 1020 613 semina
1043 593 1101 623 pe-

414 631 551 664 tuntur;
576 627 635 658 sed
651 628 838 660 adhibenda
853 631 938 661 ratio
960 634 1012 662 est
1025 631 1102 662 sub-

415 675 519 713 tilior,
544 678 581 705 ut
601 685 645 706 ex
671 676 722 706 bis
746 677 898 717 partibus
924 679 1034 710 trunci
1049 689 1102 710 su-

414 728 561 762 mantur,
593 733 667 763 quae
694 729 731 756 et
758 726 923 764 genitales
951 732 1038 762 sunt,
1067 731 1103 759 et

415 771 558 802 maxime
574 771 725 803 fertiles!
767 774 946 806 suetonius
960 775 1102 815 August.

415 827 513 850 xciv.
556 819 775 853 ‘Matricem’
802 828 920 854 vocat:
955 824 1031 854 ‘Ex
1062 833 1102 855 ea

414 868 569 910 (Palma)
585 872 745 902 continuo
760 878 861 903 enata
872 873 1005 904 soboles
1018 873 1101 903 adeo

414 919 449 949 in
478 921 593 958 paucis
623 921 740 952 diebus
778 923 938 961 adolevit,
968 928 1006 954 ut
1035 932 1101 953 non

415 969 641 1008 aequipararet
662 971 760 1002 modo
781 974 966 1010 matricem,
988 981 1101 1003 verum

414 1015 515 1046 etiam
531 1017 730 1057 obtegeret)
773 1021 816 1050 Et
843 1023 879 1050 ut
902 1020 991 1050 inam
1012 1023 1100 1048 ‘ma-

415 1063 524 1102 trem,'
552 1064 600 1095 ita
623 1074 664 1095 ex
693 1075 735 1097 ea
763 1072 940 1098 nascentes
970 1067 1100 1098 soboles

414 1114 423 1127 ‘
439 1111 569 1150 pullos’
611 1119 743 1146 vocant.
811 1115 954 1153 Glossae‚
990 1116 1101 1154 pullus,

417 1159 588 1199 παραφυάς.
612 1161 733 1193 Horat.
751 1172 775 1193 ι.
805 1163 873 1194 Od.
899 1166 951 1194 25.
985 1163 1104 1194 ‘Laeta

414 1208 500 1246 quod
529 1209 631 1248 pubes
654 1211 779 1242 hedera
807 1212 925 1242 virenti
945 1211 1103 1243 Gaudeat

414 1257 505 1295 pulla
528 1258 633 1298 magis
657 1264 756 1300 atque
771 1260 905 1301 myrto.¹
948 1261 1102 1301 Porphy-

414 1305 499 1345 rior·
514 1307 638 1346 pullam
649 1313 806 1348 myrtum,
819 1310 1103 1349 subcrescentem,

415 1361 454 1384 ac
470 1362 532 1392 per
554 1354 615 1385 hoc
638 1357 806 1387 novellam
827 1357 1102 1396 intelligendum!

415 1400 472 1431 Ita
498 1401 600 1440 igitur
625 1408 660 1434 et
685 1403 746 1434 hoc
775 1405 1008 1444 explicandum
1035 1410 1100 1444 est,

414 1453 481 1479 tam
498 1449 631 1480 beatam
653 1460 767 1482 earum
783 1452 964 1483 insularum
980 1452 1101 1484 fertili-

413 1501 517 1527 tatem
534 1506 621 1536 esse,
636 1504 674 1528 ut
695 1507 713 1528 e
736 1499 802 1529 ficu
820 1500 914 1538 pulli,
936 1501 1048 1540 nullae,
1064 1505 1101 1531 ut

414 1544 524 1584 iuquit
547 1545 760 1585 Propertius,
785 1556 873 1578 curae
899 1547 1019 1587 debiti,
1045 1557 1101 1579 ve-

414 1601 488 1623 rum
509 1597 629 1632 sponte
652 1599 864 1636 enascantur,
881 1596 936 1636 qui
958 1601 1100 1628 matrem

414 1650 508 1671 suam
524 1645 653 1672 ornant.
698 1642 861 1682 Intelligit
876 1648 986 1674 autem
1000 1644 1100 1676 ficum

414 1689 579 1730 Indicam,
594 1700 691 1729 quam
715 1700 758 1721 ex
781 1701 820 1722 eo
843 1692 994 1724 Goe'uses
1011 1694 1101 1725 Lusi-

416 1737 499 1777 tani,
515 1738 618 1768 Arbor
631 1739 668 1769 de
681 1748 767 1779 rayz,
782 1739 844 1770 hoc
861 1744 924 1776 est.
938 1741 1036 1771 arbor
1051 1751 1102 1772 ra·

414 1786 539 1824 dicum,
558 1791 689 1818 vocant.
732 1788 814 1827 Ejus
839 1788 1102 1828 descriptionem

416 1843 435 1862 e
456 1834 684 1874 Theophrasto
709 1844 735 1865 1.
760 1838 812 1867 12.
833 1841 869 1867 et
892 1846 942 1868 iv.
957 1841 990 1868 5.
1012 1842 1104 1878 pete.

414 1882 502 1913 Vide
526 1887 562 1913 et
583 1883 671 1914 Plin.
702 1892 772 1915 xu-
795 1888 829 1916 5.
853 1890 890 1915 ut
919 1889 954 1916 et
982 1894 1047 1917 vn.
1071 1889 1102 1916 2.

413 1929 422 1945 ‘
436 1929 524 1961 Haec
554 1929 636 1961 facit
663 1931 800 1963 ubertas
823 1933 898 1971 soli,
922 1934 1103 1974 temperies

415 1978 503 2013 coeli,
525 1988 684 2018 aquarum
707 1979 926 2021 abundantia,
942 1987 980 2013 ut
1001 1982 1044 2022 (si
1064 1982 1102 2012 li-

415 2025 493 2056 beat
522 2026 679 2067 credere)
713 2028 774 2059 sub
805 2039 870 2059 una
894 2029 959 2061 ficu
983 2035 1101 2061 turmae

414 2073 602 2104 condantur
625 2075 800 2114 equitum?
822 2078 967 2114 Ruegers.
1011 2079 1102 2109 Palla

405 2121 490 2160 ficus
503 2125 593 2152 ornat
606 2123 757 2163 arborem]
791 2125 898 2164 Nigra
916 2131 952 2156 et
971 2130 1101 2182 matura

414 2168 506 2201 ficus.

455 2220 497 2248 48
522 2218 616 2248 Levis
628 2223 770 2258 crepante
783 2221 905 2261 lympha
923 2221 1026 2253 desilit
1045 2231 1100 2262 pe-

413 2266 465 2306 de]
488 2267 612 2298 Versus
635 2268 913 2309 elegantissimus,
936 2280 1032 2311 aquae
1047 2281 1099 2302 sa-

414 2315 526 2346 lientis
541 2324 710 2346 susurrum
725 2321 761 2347 et
775 2318 885 2348 verbis
898 2319 977 2359 ipsis
992 2324 1028 2350 et
1040 2329 1097 2350 uu-

414 2363 512 2394 meris
538 2363 672 2402 egregie
697 2365 900 2405 exprimens,
922 2370 960 2396 ut
978 2367 1035 2398 ille
1057 2376 1098 2398 ex

414 2411 531 2443 Culice
558 2411 655 2450 Virg.
698 2412 943 2454 ‘Castaliaeque
979 2424 1099 2447 sonans

413 2459 540 2500 liquido
556 2459 642 2500 pede
658 2460 783 2492 labitur
798 2463 910 2494 unda!
945 2464 1098 2496 Peculia-

413 2510 438 2539 ri
466 2512 577 2540 autem
601 2508 717 2540 Poetis
742 2511 971 2552 translatione,
993 2514 1003 2531 ‘
1017 2516 1098 2553 pes'

414 2557 515 2588 etiam
544 2565 651 2597 aquae,
678 2562 714 2588 et
741 2559 938 2601 cuicumque
969 2561 1097 2593 humori

414 2605 543 2644 fluenti,
569 2605 728 2636 tribuitur
739 2618 748 2644 ;
781 2613 830 2646 ut,
849 2609 948 2649 ‘Ipse
962 2619 1022 2642 suo
1036 2610 1097 2642 flu-

413 2658 488 2684 eret
516 2654 669 2684 Bacchus
693 2655 805 2694 pede.'
845 2657 932 2689 Nam
957 2663 993 2689 et
1020 2667 1096 2690 cum

414 2709 547 2731 currere
562 2711 647 2742 aqua
660 2702 803 2744 dicatur,
816 2705 888 2737 sine
910 2707 1030 2747 pedum
1046 2707 1096 2739 of-

413 2747 489 2779 ficio
506 2749 538 2779 id
553 2749 625 2780 fieri
637 2760 702 2782 non
713 2758 810 2791 posse
826 2754 1010 2788 videbatur·
1018 2757 1095 2788 vid.

871 293 1010 325 NOTAE
1042 294 1301 327 VARIORUM
1335 298 1383 328 IN

1149 391 1296 422 Turneb.
1313 400 1361 422 vr.
1371 393 1425 423 20.
1462 392 1631 424 Omittere
1646 402 1725 426 vero
1739 396 1832 430 netu

1150 439 1205 478 sit,
1221 441 1411 480 repperisse
1429 440 1462 472 iu
1479 446 1621 482 quatuor
1635 445 1833 484 exemplari·-

1150 486 1211 517 bus
1234 488 1377 527 Nympha
1403 497 1462 527 pro
1485 489 1629 528 lympha,·
1656 494 1758 531 atque
1782 487 1833 524 ita

1150 534 1215 573 legi
1231 535 1354 566 debere
1369 536 1495 567 indicat
1504 537 1675 577 interpres
1691 538 1833 580 Cruqui-

1150 591 1244 614 anus.
1309 585 1516 625 Quamquam
1562 594 1678 625 parum
1715 586 1834 620 refert.

1151 632 1248 664 Quod
1277 639 1387 665 autem
1414 635 1583 675 crepitante
1607 645 1668 676 pro
1692 641 1834 677 crepante

1151 680 1219 719 legi
1233 680 1281 711 ait
1296 682 1410 713 Lamb.
1422 684 1455 714 id
1473 689 1507 715 et
1520 693 1583 724 ego
1595 693 1661 715 uno
1673 685 1706 716 in
1715 685 1832 718 codice

1151 727 1274 759 inveni.
1317 730 1470 771 Denique
1496 741 1617 772 crepare
1643 742 1704 772 pro
1726 742 1835 765 sonare

1151 777 1296 818 antiquis
1331 778 1484 820 frequens
1521 784 1584 810 est.
1641 781 1770 811 Nonius
1799 785 1836 812 et

1151 824 1217 855 alii.
1272 827 1422 867 Crepante
1456 829 1578 868 lympha
1612 829 1717 859 desilit
1741 829 1834 869 pede]

1150 872 1318 913 Crepante
1334 876 1429 914 pede,
1445 877 1478 907 id
1494 881 1558 916 est,
1571 884 1658 908 cum
1663 877 1729 907 leni
1746 886 1834 908 mur-

1149 929 1253 1008 mur?
1296 921 1390 960 [Leve
1409 928 1548 964 crepante
1572 925 1717 981 Cuuing.
1742 935 1833 957 more

1149 977 1208 998 suo

1190 1019 1233 1047 49
1256 1017 1384 1055 Im’ussoe
1398 1018 1536 1059 veniunt,
1551 1019 1622 1058 ξω]
1651 1019 1752 1050 Ultro
1773 1029 1830 1051 ve-

1150 1063 1257 1095 niunt-

1191 1116 1233 1144 50
1254 1114 1420 1154 Refertque
1441 1117 1526 1145 tenta
1537 1123 1618 1152 grex
1639 1114 1753 1146 amicus
1767 1115 1836 1146 ube-

1148 1163 1199 1203 ra]
1219 1163 1264 1193 Et
1279 1171 1362 1202 grex
1374 1163 1492 1194 charus
1503 1162 1636 1194 domum
1649 1162 1756 1195 refert
1769 1163 1836 1195 dis-

1153 1213 1248 1241 tenta
1263 1210 1375 1242 ubera.

1192 1262 1230 1289 51
1257 1258 1478 1297 Circumgemit
1503 1268 1591 1291 ursus
1614 1259 1706 1300 ovile]
1738 1260 1748 1278 ‘
1764 1261 1833 1292 Ge·

1149 1306 1262 1338 mere'
1277 1317 1351 1338 cum
1367 1308 1462 1346 dicit,
1477 1317 1628 1339 ursorum
1648 1309 1835 1348 proprieta-

1151 1359 1217 1386 tem
1233 1355 1392 1395 exprimit
1406 1366 1414 1386 :
1451 1360 1488 1386 ut
1503 1361 1596 1388 recte
1615 1357 1770 1397 antiquus
1784 1357 1834 1388 in-

1150 1407 1279 1443 terpres
1293 1409 1397 1435 notat.
1433 1405 1524 1436 Male
1537 1404 1593 1446 qui
1605 1405 1679 1436 ovili
1693 1405 1810 1446 legunt
1823 1415 1833 1443 ;

1148 1452 1255 1483 miuus
1270 1453 1356 1483 enim
1372 1457 1511 1484 venusta
1525 1453 1651 1485 locutio
1665 1458 1728 1485 est.
1766 1452 1837 1484 Cir-

1148 1500 1309 1537 cumgemie
1324 1509 1412 1530 ursus
1435 1500 1530 1539 ovile]
1561 1501 1667 1531 Ursus
1692 1509 1758 1531 non
1781 1500 1831 1530 in-

1149 1547 1290 1579 sidiatur
1305 1547 1433 1582 ovibus,
1449 1556 1522 1587 quae
1539 1551 1617 1578 sunt
1630 1548 1664 1578 in
1679 1548 1770 1578 ovili.

1190 1599 1230 1627 52
1254 1597 1319 1627 Nec
1340 1594 1744 1643 intumescitJ·leypallsge
1766 1601 1833 1630 est.

1151 1644 1344 1684 lntumescie]
1368 1645 1431 1674 Vel
1447 1644 1572 1675 veneni
1579 1646 1764 1691 sparsione,
1779 1647 1834 1677 vel

1150 1691 1231 1730 ipsis
1246 1696 1452 1731 serpentum
1488 1688 1638 1732 latebris,
1663 1703 1738 1734 quae
1769 1695 1832 1725 sub

1151 1744 1243 1770 terra
1255 1743 1344 1770 sunt.

1191 1792 1233 1820 54
1255 1788 1396 1828 Aquom
1411 1789 1529 1829 Eurus]
1562 1789 1573 1807 ⁴
1587 1788 1781 1830 Aquosum,’
1796 1796 1835 1822 ut

1153 1841 1247 1878 puto,
1269 1841 1379 1875 vocat,
1395 1837 1484 1876 qnod
1509 1847 1583 1868 cum
1607 1838 1835 1871 veliementior

1150 1890 1214 1924 est,
1222 1885 1339 1916 sercin
1349 1886 1494 1924 pluviam
1502 1885 1717 1926 desinat,per
1725 1896 1762 1918 se
1770 1888 1834 1919 sio-

1150 1944 1208 1966 cus
1223 1934 1333 1974 potius
1346 1933 1570 1975 frigidusque3
1585 1938 1623 1965 ιιι
1637 1935 1737 1966 alibi:
1750 1936 1841 1967 .‘Si-·

1149 1991 1214 2023 que
1230 1982 1351 2023 Aquilo
1366 1981 1463 2012 radat
1475 1986 1592 2013 terras.
1594 1982 1604 1994 ’
1643 1983 1730 2015 Ama
1742 1986 1835 2022 radat

1149 2029 1311 2069 imbribus]
1333 2030 1447 2070 thue
1464 2039 1573 2070 neque
1596 2031 1705 2061 Eurus
1725 2035 1832 2062 terras

1149 2078 1278 2108 minuat
1302 2076 1473 2108 imbribus.
1515 2077 1611 2138 [Vnt.
1627 2079 1660 2138 8.
1674 2083 1757 2109 'arva
1778 2087 1833 2109 ra·

1145 2124 1221 2163 pia]

1189 2175 1230 2202 55
1253 2170 1391 2210 Pinguia
1414 2180 1485 2201 nec
1493 2171 1583 2203 siccis
1605 2173 1770 2242 arantur]
1789 2175 1830 2206 In

1147 2218 1211 2250 illis
1222 2216 1342 2249 insulis
1356 2218 1447 2248 nulla
1461 2223 1511 2249 est
1526 2219 1683 2253 siccitas..

1189 2268 1230 2296 56
1255 2266 1425 2305 Utrumque
1448 2275 1527 2304 rege
1541 2238 1730 2306 ιεηιρεναπιο
1753 2271 1834 2301 coelz'-

1147 2314 1227 2353 ιιιηι]
1249 2315 1413 2354 Hyemem
1429 2319 1464 2344 et
1481 2318 1640 2348 aestatem-
1655 2316 1741 2349 Jove
1762 2326 1830 2350 mo-

1146 2361 1314 2393 dificante.
1369 2361 1567 2402 [Bamberg.
1594 2372 1667 2403 rege
1693 2370 1831 2405 parante.

1147 2411 1204 2442 ΑΙ.
1220 2420 1274 2450 ap.
1289 2409 1311 2442 J
1315 2410 1411 2450 aec-k,
1423 2419 1496 2449 rege
1508 2410 1702 2451 imperante]

1189 2462 1229 2490 57
1253 2459 1366 2498 Pinus]
1391 2459 1496 2490 Navis
1513 2459 1566 2500 (in
1587 2461 1780 2500 qurJason
1794 2467 1830 2496 et

1146 2508 1264 2541 heroes
1279 2508 1424 2539 Graeciae
1441 2508 1538 2538 vecti-
1549 2513 1628 2540 sunt
1646 2510 1752 2542 vellus
1773 2521 1830 2544 au·

1147 2567 1238 2589 reum
1251 2554 1420 2597 petentes)
1436 2565 1499 2586 non
1507 2556 1571 2587 hnc
1582 2559 1755 2590 contendit
1765 2559 1829 2591 Ar-

1147 2617 1211 2648 goo
1225 2607 1364 2645 remige,
1379 2605 1413 2635 id
1425 2610 1490 2643 est,
1505 2605 1622 2644 Argois
1637 2607 1827 2648 remigibus.

1187 2658 1228 2686 58
1251 2653 1372 2685 Colchis
1398 2653 1504 2683 intucta
1530 2653 1652 2693 pedem]
1691 2655 1828 2693 Medea,

1146 2714 1220 2746 quae
1235 2707 1373 2744 propter
1385 2701 1556 2732 libidinem
1569 2706 1698 2742 patrem
1708 2704 1826 2743 prodi-

1147 2753 1207 2784 dit.
1250 2751 1333 2791 [Nee
1346 2749 1487 2791 inpudica
1501 2749 1724 2782 Schoenborn.
1738 2751 1786 2792 2.]
1818 2764 1825 2779 5
