<?xml version="1.0" encoding="UTF-8"?>
<!DOCTYPE html PUBLIC "-//W3C//DTD XHTML 1.0 Transitional//EN"
    "http://www.w3.org/TR/xhtml1/DTD/xhtml1-transitional.dtd">
<html xmlns="http://www.w3.org/1999/xhtml" xml:lang="en" lang="en">
 <head>
  <title>
</title>
<meta http-equiv="Content-Type" content="text/html;charset=utf-8" />
  <meta name='ocr-system' content='tesseract 3.04.00' />
  <meta name='ocr-capabilities' content='ocr_page ocr_carea ocr_par ocr_line ocrx_word'/>
</head>
<body>
  <div class='ocr_page' id='page_1' title='image "./operazeune03horauoft/operazeune03horauoft_0160.png"; bbox 0 0 1916 3262; ppageno 0'>
   <div class='ocr_carea' id='block_1_1' title="bbox 355 279 467 322">
    <p class='ocr_par' dir='ltr' id='par_1_1' title="bbox 355 279 467 322">
     <span class='ocr_line' id='line_1_1' title="bbox 355 279 467 322; baseline 0.009 -1"><span class='ocrx_word' id='word_1_1' title='bbox 355 279 467 322; x_wconf 77' lang='lat'>13⁰6</span> 
     </span>
    </p>
   </div>
   <div class='ocr_carea' id='block_1_2' title="bbox 355 382 1453 436">
    <p class='ocr_par' dir='ltr' id='par_1_2' title="bbox 355 382 1453 436">
     <span class='ocr_line' id='line_1_2' title="bbox 355 382 1453 436; baseline 0.001 -13"><span class='ocrx_word' id='word_1_2' title='bbox 355 383 411 423; x_wconf 86' lang='lat' dir='ltr'><strong>Et</strong></span> <span class='ocrx_word' id='word_1_3' title='bbox 429 382 577 424; x_wconf 88' lang='lat' dir='ltr'><strong>docuit</strong></span> <span class='ocrx_word' id='word_1_4' title='bbox 592 395 875 436; x_wconf 84' lang='lat' dir='ltr'><strong>magnumque</strong></span> <span class='ocrx_word' id='word_1_5' title='bbox 895 383 1030 435; x_wconf 91' lang='lat' dir='ltr'><strong>loqui,</strong></span> <span class='ocrx_word' id='word_1_6' title='bbox 1048 383 1213 436; x_wconf 89' lang='lat' dir='ltr'><strong>nitique</strong></span> <span class='ocrx_word' id='word_1_7' title='bbox 1232 385 1453 426; x_wconf 86' lang='lat' dir='ltr'><strong>cothurno.</strong></span> 
     </span>
    </p>
   </div>
   <div class='ocr_carea' id='block_1_3' title="bbox 821 289 1308 328">
    <p class='ocr_par' dir='ltr' id='par_1_3' title="bbox 821 289 1308 328">
     <span class='ocr_line' id='line_1_3' title="bbox 821 289 1308 328; baseline 0 -7"><span class='ocrx_word' id='word_1_8' title='bbox 821 293 865 328; x_wconf 86' lang='lat' dir='ltr'><strong>Q.</strong></span> <span class='ocrx_word' id='word_1_9' title='bbox 896 289 1103 320; x_wconf 81' lang='lat' dir='ltr'>HORATII</span> <span class='ocrx_word' id='word_1_10' title='bbox 1137 290 1308 322; x_wconf 73' lang='lat' dir='ltr'>FLAGGI</span> 
     </span>
    </p>
   </div>
   <div class='ocr_carea' id='block_1_4' title="bbox 1688 383 1772 425">
    <p class='ocr_par' dir='ltr' id='par_1_4' title="bbox 1688 383 1772 425">
     <span class='ocr_line' id='line_1_4' title="bbox 1688 383 1772 425; baseline 0 0"><span class='ocrx_word' id='word_1_11' title='bbox 1688 383 1772 425; x_wconf 80' lang='lat'><strong>280</strong></span> 
     </span>
    </p>
   </div>
   <div class='ocr_carea' id='block_1_5' title="bbox 353 447 1458 698">
    <p class='ocr_par' dir='ltr' id='par_1_5' title="bbox 355 447 1449 566">
     <span class='ocr_line' id='line_1_5' title="bbox 356 447 1449 496; baseline 0.001 -7"><span class='ocrx_word' id='word_1_12' title='bbox 356 449 579 490; x_wconf 88' lang='lat' dir='ltr'><strong>Successit</strong></span> <span class='ocrx_word' id='word_1_13' title='bbox 597 453 720 489; x_wconf 88' lang='lat' dir='ltr'><strong>vetus</strong></span> <span class='ocrx_word' id='word_1_14' title='bbox 741 449 811 488; x_wconf 90' lang='lat' dir='ltr'><strong>his</strong></span> <span class='ocrx_word' id='word_1_15' title='bbox 833 447 1078 496; x_wconf 84' lang='lat' dir='ltr'>Comoedia,</span> <span class='ocrx_word' id='word_1_16' title='bbox 1099 460 1184 488; x_wconf 89' lang='lat' dir='ltr'><strong>non</strong></span> <span class='ocrx_word' id='word_1_17' title='bbox 1203 449 1295 490; x_wconf 87' lang='lat' dir='ltr'><strong>sine</strong></span> <span class='ocrx_word' id='word_1_18' title='bbox 1312 450 1449 490; x_wconf 85' lang='lat' dir='ltr'><strong>multa</strong></span> 
     </span>
     <span class='ocr_line' id='line_1_6' title="bbox 355 514 1435 566; baseline 0.001 -11"><span class='ocrx_word' id='word_1_19' title='bbox 355 515 526 566; x_wconf 83' lang='lat' dir='ltr'><strong>Laude3</strong></span> <span class='ocrx_word' id='word_1_20' title='bbox 556 515 633 555; x_wconf 90' lang='lat' dir='ltr'><strong>scd</strong></span> <span class='ocrx_word' id='word_1_21' title='bbox 655 515 699 554; x_wconf 92' lang='lat' dir='ltr'><strong>in</strong></span> <span class='ocrx_word' id='word_1_22' title='bbox 722 514 869 555; x_wconf 85' lang='lat' dir='ltr'><strong>vitium</strong></span> <span class='ocrx_word' id='word_1_23' title='bbox 888 514 1067 555; x_wconf 83' lang='lat' dir='ltr'><strong>libertas</strong></span> <span class='ocrx_word' id='word_1_24' title='bbox 1086 514 1264 564; x_wconf 81' lang='lat' dir='ltr'><strong>excidit,</strong></span> <span class='ocrx_word' id='word_1_25' title='bbox 1284 519 1328 556; x_wconf 86' lang='lat' dir='ltr'><strong>et</strong></span> <span class='ocrx_word' id='word_1_26' title='bbox 1346 515 1435 555; x_wconf 92' lang='lat' dir='ltr'><strong>vim</strong></span> 
     </span>
    </p>

    <p class='ocr_par' dir='ltr' id='par_1_6' title="bbox 353 579 1458 698">
     <span class='ocr_line' id='line_1_7' title="bbox 355 579 1458 634; baseline 0.001 -14"><span class='ocrx_word' id='word_1_27' title='bbox 355 579 544 631; x_wconf 84' lang='lat' dir='ltr'><strong>Dignam</strong></span> <span class='ocrx_word' id='word_1_28' title='bbox 563 579 656 631; x_wconf 83' lang='lat' dir='ltr'><strong>lege</strong></span> <span class='ocrx_word' id='word_1_29' title='bbox 676 579 788 631; x_wconf 79' lang='lat' dir='ltr'><strong>regi:</strong></span> <span class='ocrx_word' id='word_1_30' title='bbox 818 579 890 618; x_wconf 87' lang='lat' dir='ltr'><strong>lex</strong></span> <span class='ocrx_word' id='word_1_31' title='bbox 910 583 975 620; x_wconf 89' lang='lat' dir='ltr'><strong>est</strong></span> <span class='ocrx_word' id='word_1_32' title='bbox 993 583 1196 631; x_wconf 87' lang='lat' dir='ltr'><strong>accepta,</strong></span> <span class='ocrx_word' id='word_1_33' title='bbox 1218 579 1458 634; x_wconf 85' lang='lat' dir='ltr'><strong>chorusque</strong></span> 
     </span>
     <span class='ocr_line' id='line_1_8' title="bbox 353 645 1290 698; baseline 0.001 -12"><span class='ocrx_word' id='word_1_34' title='bbox 353 647 560 698; x_wconf 87' lang='lat' dir='ltr'><strong>Turpiter</strong></span> <span class='ocrx_word' id='word_1_35' title='bbox 579 645 774 694; x_wconf 90' lang='lat' dir='ltr'><strong>obticuit,</strong></span> <span class='ocrx_word' id='word_1_36' title='bbox 794 645 967 686; x_wconf 86' lang='lat' dir='ltr'><strong>sublato</strong></span> <span class='ocrx_word' id='word_1_37' title='bbox 980 645 1078 698; x_wconf 85' lang='lat' dir='ltr'><strong>jure</strong></span> <span class='ocrx_word' id='word_1_38' title='bbox 1096 646 1290 687; x_wconf 89' lang='lat' dir='ltr'><strong>nocendi.</strong></span> 
     </span>
    </p>
   </div>
   <div class='ocr_carea' id='block_1_6' title="bbox 355 709 1253 763">
    <p class='ocr_par' dir='ltr' id='par_1_7' title="bbox 355 709 1253 763">
     <span class='ocr_line' id='line_1_9' title="bbox 355 709 1253 763; baseline 0.001 -12"><span class='ocrx_word' id='word_1_39' title='bbox 355 711 437 752; x_wconf 87' lang='lat' dir='ltr'><strong>Nil</strong></span> <span class='ocrx_word' id='word_1_40' title='bbox 455 711 717 751; x_wconf 85' lang='lat' dir='ltr'><strong>intentatum</strong></span> <span class='ocrx_word' id='word_1_41' title='bbox 735 710 870 751; x_wconf 88' lang='lat' dir='ltr'><strong>nostri</strong></span> <span class='ocrx_word' id='word_1_42' title='bbox 889 711 1055 763; x_wconf 84' lang='lat' dir='ltr'><strong>liquere</strong></span> <span class='ocrx_word' id='word_1_43' title='bbox 1076 709 1253 752; x_wconf 61' lang='lat' dir='ltr'><strong>Poetae:</strong></span> 
     </span>
    </p>
   </div>
   <div class='ocr_carea' id='block_1_7' title="bbox 1689 711 1774 754">
    <p class='ocr_par' dir='ltr' id='par_1_8' title="bbox 1689 711 1774 754">
     <span class='ocr_line' id='line_1_10' title="bbox 1689 711 1774 754; baseline -0.012 0"><span class='ocrx_word' id='word_1_44' title='bbox 1689 711 1774 754; x_wconf 77' lang='lat'><strong>285</strong></span> 
     </span>
    </p>
   </div>
   <div class='ocr_carea' id='block_1_8' title="bbox 355 775 1447 829">
    <p class='ocr_par' dir='ltr' id='par_1_9' title="bbox 355 775 1447 829">
     <span class='ocr_line' id='line_1_11' title="bbox 355 775 1447 829; baseline 0.002 -13"><span class='ocrx_word' id='word_1_45' title='bbox 355 775 452 817; x_wconf 91' lang='lat' dir='ltr'><strong>Nec</strong></span> <span class='ocrx_word' id='word_1_46' title='bbox 466 776 690 816; x_wconf 88' lang='lat' dir='ltr'><strong>minimum</strong></span> <span class='ocrx_word' id='word_1_47' title='bbox 710 787 897 816; x_wconf 84' lang='lat' dir='ltr'><strong>meruere</strong></span> <span class='ocrx_word' id='word_1_48' title='bbox 917 775 1066 825; x_wconf 87' lang='lat' dir='ltr'><strong>decus,</strong></span> <span class='ocrx_word' id='word_1_49' title='bbox 1085 776 1270 829; x_wconf 86' lang='lat' dir='ltr'><strong>vestigia</strong></span> <span class='ocrx_word' id='word_1_50' title='bbox 1288 776 1447 819; x_wconf 83' lang='lat' dir='ltr'><strong>Graeca</strong></span> 
     </span>
    </p>
   </div>
   <div class='ocr_carea' id='block_1_9' title="bbox 353 923 1777 1048">
    <p class='ocr_par' dir='ltr' id='par_1_10' title="bbox 353 923 1777 1048">
     <span class='ocr_line' id='line_1_12' title="bbox 353 923 1777 966; baseline 0.001 -12"><span class='ocrx_word' id='word_1_51' title='bbox 353 923 506 955; x_wconf 74' lang='lat' dir='ltr'><strong>theatrum</strong></span> <span class='ocrx_word' id='word_1_52' title='bbox 514 934 608 965; x_wconf 77' lang='lat' dir='ltr'><strong>parvo</strong></span> <span class='ocrx_word' id='word_1_53' title='bbox 622 926 758 956; x_wconf 76' lang='lat' dir='ltr'><strong>tabulato</strong></span> <span class='ocrx_word' id='word_1_54' title='bbox 767 925 936 964; x_wconf 71' lang='lat' dir='ltr'><strong>exstruxit,</strong></span> <span class='ocrx_word' id='word_1_55' title='bbox 945 929 1035 965; x_wconf 80' lang='lat' dir='ltr'><strong>atque</strong></span> <span class='ocrx_word' id='word_1_56' title='bbox 1047 925 1186 956; x_wconf 76' lang='lat' dir='ltr'><strong>instituit</strong></span> <span class='ocrx_word' id='word_1_57' title='bbox 1198 925 1281 966; x_wconf 79' lang='lat' dir='ltr'><strong>loqui</strong></span> <span class='ocrx_word' id='word_1_58' title='bbox 1289 926 1451 966; x_wconf 72' lang='lat' dir='ltr'><strong>magnifice</strong></span> <span class='ocrx_word' id='word_1_59' title='bbox 1462 929 1492 957; x_wconf 80' lang='lat' dir='ltr'><strong>et</strong></span> <span class='ocrx_word' id='word_1_60' title='bbox 1505 926 1643 957; x_wconf 78' lang='lat' dir='ltr'><strong>incedere</strong></span> <span class='ocrx_word' id='word_1_61' title='bbox 1654 925 1777 955; x_wconf 78' lang='lat' dir='ltr'><strong>cothur-</strong></span> 
     </span>
     <span class='ocr_line' id='line_1_13' title="bbox 354 966 1777 1005; baseline 0.001 -10"><span class='ocrx_word' id='word_1_62' title='bbox 354 974 403 995; x_wconf 84' lang='lat' dir='ltr'><strong>no.</strong></span> <span class='ocrx_word' id='word_1_63' title='bbox 428 966 491 996; x_wconf 82' lang='lat' dir='ltr'><strong>His</strong></span> <span class='ocrx_word' id='word_1_64' title='bbox 503 967 643 997; x_wconf 80' lang='lat' dir='ltr'><strong>successit</strong></span> <span class='ocrx_word' id='word_1_65' title='bbox 655 970 740 997; x_wconf 79' lang='lat' dir='ltr'><strong>vetus</strong></span> <span class='ocrx_word' id='word_1_66' title='bbox 757 967 911 997; x_wconf 76' lang='lat' dir='ltr'><strong>Comoedia</strong></span> <span class='ocrx_word' id='word_1_67' title='bbox 923 976 1035 1005; x_wconf 79' lang='lat' dir='ltr'><strong>magna</strong></span> <span class='ocrx_word' id='word_1_68' title='bbox 1047 977 1115 997; x_wconf 85' lang='lat' dir='ltr'><strong>cum</strong></span> <span class='ocrx_word' id='word_1_69' title='bbox 1128 967 1232 1002; x_wconf 73' lang='lat' dir='ltr'><strong>laude.-</strong></span> <span class='ocrx_word' id='word_1_70' title='bbox 1254 969 1308 998; x_wconf 82' lang='lat' dir='ltr'><strong>sed</strong></span> <span class='ocrx_word' id='word_1_71' title='bbox 1317 967 1443 999; x_wconf 80' lang='lat' dir='ltr'><strong>libertas</strong></span> <span class='ocrx_word' id='word_1_72' title='bbox 1461 968 1556 998; x_wconf 78' lang='lat' dir='ltr'><strong>evasit</strong></span> <span class='ocrx_word' id='word_1_73' title='bbox 1570 967 1604 997; x_wconf 78' lang='lat' dir='ltr'><strong>ia</strong></span> <span class='ocrx_word' id='word_1_74' title='bbox 1617 966 1732 997; x_wconf 59' lang='lat' dir='ltr'><strong>crimen</strong></span> <span class='ocrx_word' id='word_1_75' title='bbox 1745 970 1777 996; x_wconf 73' lang='lat' dir='ltr'><strong>et</strong></span> 
     </span>
     <span class='ocr_line' id='line_1_14' title="bbox 353 1007 1777 1048; baseline 0.001 -12"><span class='ocrx_word' id='word_1_76' title='bbox 353 1007 512 1037; x_wconf 81' lang='lat' dir='ltr'><strong>audaciam</strong></span> <span class='ocrx_word' id='word_1_77' title='bbox 525 1009 590 1046; x_wconf 83' lang='lat' dir='ltr'><strong>lege</strong></span> <span class='ocrx_word' id='word_1_78' title='bbox 605 1008 798 1038; x_wconf 67' lang='lat' dir='ltr'><strong>coercendam</strong></span> <span class='ocrx_word' id='word_1_79' title='bbox 808 1019 818 1038; x_wconf 93' lang='grc'><strong>.·</strong></span> <span class='ocrx_word' id='word_1_80' title='bbox 833 1010 884 1038; x_wconf 78' lang='lat' dir='ltr'><strong>lex</strong></span> <span class='ocrx_word' id='word_1_81' title='bbox 897 1009 961 1038; x_wconf 81' lang='lat' dir='ltr'><strong>lata</strong></span> <span class='ocrx_word' id='word_1_82' title='bbox 973 1011 1020 1039; x_wconf 82' lang='lat' dir='ltr'><strong>est</strong></span> <span class='ocrx_word' id='word_1_83' title='bbox 1029 1018 1039 1038; x_wconf 90' lang='lat'><em>:</em></span> <span class='ocrx_word' id='word_1_84' title='bbox 1052 1012 1083 1039; x_wconf 84' lang='lat' dir='ltr'><strong>et</strong></span> <span class='ocrx_word' id='word_1_85' title='bbox 1095 1009 1205 1040; x_wconf 79' lang='lat' dir='ltr'><strong>chorus</strong></span> <span class='ocrx_word' id='word_1_86' title='bbox 1214 1009 1413 1048; x_wconf 74' lang='lat' dir='ltr'><strong>ignominiose</strong></span> <span class='ocrx_word' id='word_1_87' title='bbox 1427 1009 1536 1048; x_wconf 74' lang='lat' dir='ltr'><strong>tacuit,</strong></span> <span class='ocrx_word' id='word_1_88' title='bbox 1545 1009 1664 1039; x_wconf 78' lang='lat' dir='ltr'><strong>ademta</strong></span> <span class='ocrx_word' id='word_1_89' title='bbox 1677 1010 1777 1048; x_wconf 77' lang='lat' dir='ltr'><strong>potes·</strong></span> 
     </span>
    </p>
   </div>
   <div class='ocr_carea' id='block_1_10' title="bbox 355 1049 643 1081">
    <p class='ocr_par' dir='ltr' id='par_1_11' title="bbox 355 1049 643 1081">
     <span class='ocr_line' id='line_1_15' title="bbox 355 1049 643 1081; baseline 0.01 -4"><span class='ocrx_word' id='word_1_90' title='bbox 355 1050 422 1078; x_wconf 76' lang='lat' dir='ltr'><strong>tate</strong></span> <span class='ocrx_word' id='word_1_91' title='bbox 436 1049 643 1081; x_wconf 79' lang='lat' dir='ltr'><strong>maledicendi.</strong></span> 
     </span>
    </p>
   </div>
   <div class='ocr_carea' id='block_1_11' title="bbox 688 1048 1778 1091">
    <p class='ocr_par' dir='ltr' id='par_1_12' title="bbox 688 1048 1778 1091">
     <span class='ocr_line' id='line_1_16' title="bbox 688 1048 1778 1091; baseline 0 -12"><span class='ocrx_word' id='word_1_92' title='bbox 688 1050 798 1080; x_wconf 78' lang='lat' dir='ltr'><strong>Nostri</strong></span> <span class='ocrx_word' id='word_1_93' title='bbox 810 1049 908 1089; x_wconf 78' lang='lat' dir='ltr'><strong>poe&#39;toe</strong></span> <span class='ocrx_word' id='word_1_94' title='bbox 923 1049 1003 1080; x_wconf 73' lang='lat' dir='ltr'><strong>nihil</strong></span> <span class='ocrx_word' id='word_1_95' title='bbox 1013 1059 1073 1080; x_wconf 82' lang='lat' dir='ltr'><strong>non</strong></span> <span class='ocrx_word' id='word_1_96' title='bbox 1088 1053 1268 1081; x_wconf 77' lang='lat' dir='ltr'><strong>tentarunt:</strong></span> <span class='ocrx_word' id='word_1_97' title='bbox 1283 1059 1377 1091; x_wconf 78' lang='lat' dir='ltr'><strong>neque</strong></span> <span class='ocrx_word' id='word_1_98' title='bbox 1389 1051 1506 1082; x_wconf 80' lang='lat' dir='ltr'><strong>laudem</strong></span> <span class='ocrx_word' id='word_1_99' title='bbox 1520 1050 1664 1088; x_wconf 78' lang='lat' dir='ltr'><strong>exiguam</strong></span> <span class='ocrx_word' id='word_1_100' title='bbox 1676 1048 1778 1080; x_wconf 65' lang='lat' dir='ltr'><strong>obem</strong></span> 
     </span>
    </p>
   </div>
   <div class='ocr_carea' id='block_1_12' title="bbox 953 1139 1184 1152">
    <p class='ocr_par' dir='ltr' id='par_1_13' title="bbox 953 1139 1184 1152">
     <span class='ocr_line' id='line_1_17' title="bbox 953 1139 1184 1152; baseline 0.004 -1"><span class='ocrx_word' id='word_1_101' title='bbox 953 1139 1184 1152; x_wconf 52' lang='lat' dir='ltr'><strong>‘Ombuffm</strong></span> 
     </span>
    </p>
   </div>
   <div class='ocr_carea' id='block_1_13' title="bbox 355 1213 1783 1378">
    <p class='ocr_par' dir='ltr' id='par_1_14' title="bbox 355 1213 1783 1378">
     <span class='ocr_line' id='line_1_18' title="bbox 355 1213 1779 1249; baseline 0.001 -4"><span class='ocrx_word' id='word_1_102' title='bbox 355 1214 525 1245; x_wconf 76' lang='lat' dir='ltr'><strong>immodicis</strong></span> <span class='ocrx_word' id='word_1_103' title='bbox 548 1214 630 1245; x_wconf 83' lang='lat' dir='ltr'><strong>Vat.</strong></span> <span class='ocrx_word' id='word_1_104' title='bbox 647 1215 743 1246; x_wconf 88' lang='lat' dir='ltr'><strong>Rom.</strong></span> <span class='ocrx_word' id='word_1_105' title='bbox 761 1218 919 1247; x_wconf 82' lang='grc'><strong>10.--280</strong></span> <span class='ocrx_word' id='word_1_106' title='bbox 942 1216 1074 1247; x_wconf 73' lang='lat' dir='ltr'><strong>Edocuit</strong></span> <span class='ocrx_word' id='word_1_107' title='bbox 1087 1217 1166 1248; x_wconf 88' lang='lat' dir='ltr'><strong>Vat.</strong></span> <span class='ocrx_word' id='word_1_108' title='bbox 1181 1219 1234 1249; x_wconf 89' lang='grc'><strong>10.</strong></span> <span class='ocrx_word' id='word_1_109' title='bbox 1256 1217 1336 1249; x_wconf 85' lang='lat' dir='ltr'><strong>Vat.</strong></span> <span class='ocrx_word' id='word_1_110' title='bbox 1354 1217 1450 1248; x_wconf 82' lang='lat' dir='ltr'><strong>Rom.</strong></span> <span class='ocrx_word' id='word_1_111' title='bbox 1465 1218 1497 1248; x_wconf 80' lang='lat'><strong>4.</strong></span> <span class='ocrx_word' id='word_1_112' title='bbox 1519 1215 1597 1246; x_wconf 83' lang='lat' dir='ltr'><strong>Vat.</strong></span> <span class='ocrx_word' id='word_1_113' title='bbox 1613 1213 1779 1247; x_wconf 80' lang='lat' dir='ltr'><strong>ottobon.</strong></span> 
     </span>
     <span class='ocr_line' id='line_1_19' title="bbox 356 1256 1780 1296; baseline 0 -10"><span class='ocrx_word' id='word_1_114' title='bbox 356 1258 387 1286; x_wconf 81' lang='lat'><strong>2.</strong></span> <span class='ocrx_word' id='word_1_115' title='bbox 409 1257 548 1287; x_wconf 86' lang='lat' dir='ltr'><strong>Venett.</strong></span> <span class='ocrx_word' id='word_1_116' title='bbox 567 1259 661 1287; x_wconf 79' lang='lat'>1481.</span> <span class='ocrx_word' id='word_1_117' title='bbox 678 1260 772 1288; x_wconf 82' lang='grc'><strong>1486.</strong></span> <span class='ocrx_word' id='word_1_118' title='bbox 788 1260 880 1288; x_wconf 87' lang='grc'><strong>1490.</strong></span> <span class='ocrx_word' id='word_1_119' title='bbox 897 1260 988 1288; x_wconf 88' lang='grc'><strong>1495.</strong></span> <span class='ocrx_word' id='word_1_120' title='bbox 1008 1260 1101 1290; x_wconf 84' lang='grc'><strong>1614.</strong></span> <span class='ocrx_word' id='word_1_121' title='bbox 1123 1262 1160 1289; x_wconf 89' lang='lat' dir='ltr'><strong>et</strong></span> <span class='ocrx_word' id='word_1_122' title='bbox 1173 1258 1306 1290; x_wconf 80' lang='lat' dir='ltr'><strong>Britan.</strong></span> <span class='ocrx_word' id='word_1_123' title='bbox 1319 1260 1517 1290; x_wconf 61' lang='lat' dir='ltr'><strong>lma—283</strong></span> <span class='ocrx_word' id='word_1_124' title='bbox 1532 1257 1616 1296; x_wconf 78' lang='lat' dir='ltr'><strong>Lege</strong></span> <span class='ocrx_word' id='word_1_125' title='bbox 1628 1256 1697 1295; x_wconf 82' lang='lat' dir='ltr'><strong>regi</strong></span> <span class='ocrx_word' id='word_1_126' title='bbox 1709 1256 1780 1294; x_wconf 70' lang='lat' dir='ltr'><strong>dig-</strong></span> 
     </span>
     <span class='ocr_line' id='line_1_20' title="bbox 355 1297 1782 1338; baseline 0 -11"><span class='ocrx_word' id='word_1_127' title='bbox 355 1307 426 1328; x_wconf 79' lang='lat' dir='ltr'><strong>uam</strong></span> <span class='ocrx_word' id='word_1_128' title='bbox 441 1298 583 1337; x_wconf 82' lang='lat' dir='ltr'><strong>Cuning.</strong></span> <span class='ocrx_word' id='word_1_129' title='bbox 600 1308 640 1328; x_wconf 85' lang='lat' dir='ltr'><strong>ex</strong></span> <span class='ocrx_word' id='word_1_130' title='bbox 659 1307 738 1328; x_wconf 88' lang='lat' dir='ltr'><strong>aure</strong></span> <span class='ocrx_word' id='word_1_131' title='bbox 754 1301 931 1330; x_wconf 61' lang='lat' dir='ltr'><strong>sum—284</strong></span> <span class='ocrx_word' id='word_1_132' title='bbox 956 1299 1100 1338; x_wconf 75' lang='lat' dir='ltr'><strong>Turpiter</strong></span> <span class='ocrx_word' id='word_1_133' title='bbox 1113 1300 1263 1331; x_wconf 77' lang='lat' dir='ltr'><strong>obmutuit</strong></span> <span class='ocrx_word' id='word_1_134' title='bbox 1284 1300 1363 1331; x_wconf 85' lang='lat' dir='ltr'><strong>Vat.</strong></span> <span class='ocrx_word' id='word_1_135' title='bbox 1378 1301 1474 1331; x_wconf 87' lang='lat' dir='ltr'><strong>Rom.</strong></span> <span class='ocrx_word' id='word_1_136' title='bbox 1491 1300 1626 1329; x_wconf 78' lang='grc'>8.-285</span> <span class='ocrx_word' id='word_1_137' title='bbox 1649 1297 1782 1329; x_wconf 66' lang='lat' dir='ltr'><strong>Beller-</strong></span> 
     </span>
     <span class='ocr_line' id='line_1_21' title="bbox 356 1338 1783 1378; baseline 0.001 -10"><span class='ocrx_word' id='word_1_138' title='bbox 356 1338 612 1378; x_wconf 54' lang='lat' dir='ltr'><strong>linquere—286</strong></span> <span class='ocrx_word' id='word_1_139' title='bbox 635 1339 702 1369; x_wconf 85' lang='lat' dir='ltr'><strong>Nec</strong></span> <span class='ocrx_word' id='word_1_140' title='bbox 715 1339 844 1370; x_wconf 77' lang='lat' dir='ltr'><strong>nimium</strong></span> <span class='ocrx_word' id='word_1_141' title='bbox 857 1339 892 1369; x_wconf 88' lang='lat' dir='ltr'><strong>in</strong></span> <span class='ocrx_word' id='word_1_142' title='bbox 907 1339 1025 1370; x_wconf 88' lang='lat' dir='ltr'><strong>eodem</strong></span> <span class='ocrx_word' id='word_1_143' title='bbox 1039 1340 1274 1372; x_wconf 59' lang='lat' dir='ltr'><strong>codice—28⁷</strong></span> <span class='ocrx_word' id='word_1_144' title='bbox 1297 1341 1378 1372; x_wconf 74' lang='lat' dir='ltr'><strong>Ausi</strong></span> <span class='ocrx_word' id='word_1_145' title='bbox 1389 1341 1537 1372; x_wconf 75' lang='lat' dir='ltr'><strong>disserere</strong></span> <span class='ocrx_word' id='word_1_146' title='bbox 1550 1338 1783 1371; x_wconf 81' lang='lat' dir='ltr'><strong>Sehoenborn.</strong></span> 
     </span>
    </p>
   </div>
   <div class='ocr_carea' id='block_1_14' title="bbox 997 1441 1137 1473">
    <p class='ocr_par' dir='ltr' id='par_1_15' title="bbox 997 1441 1137 1473">
     <span class='ocr_line' id='line_1_22' title="bbox 997 1441 1137 1473; baseline 0 0"><span class='ocrx_word' id='word_1_147' title='bbox 997 1441 1137 1473; x_wconf 79' lang='lat' dir='ltr'>NOTAE</span> 
     </span>
    </p>
   </div>
   <div class='ocr_carea' id='block_1_15' title="bbox 354 1503 1047 2813">
    <p class='ocr_par' dir='ltr' id='par_1_16' title="bbox 354 1503 1044 2023">
     <span class='ocr_line' id='line_1_23' title="bbox 357 1503 1042 1545; baseline -0.001 -9"><span class='ocrx_word' id='word_1_148' title='bbox 357 1504 615 1545; x_wconf 86' lang='lat' dir='ltr'><strong>Aristophanes,</strong></span> <span class='ocrx_word' id='word_1_149' title='bbox 643 1508 732 1536; x_wconf 81' lang='lat' dir='ltr'><strong>tauro</strong></span> <span class='ocrx_word' id='word_1_150' title='bbox 759 1503 885 1542; x_wconf 79' lang='lat' dir='ltr'><strong>furenti</strong></span> <span class='ocrx_word' id='word_1_151' title='bbox 912 1503 1042 1535; x_wconf 75' lang='lat' dir='ltr'><strong>similem</strong></span> 
     </span>
     <span class='ocr_line' id='line_1_24' title="bbox 355 1552 1042 1593; baseline -0.001 -9"><span class='ocrx_word' id='word_1_152' title='bbox 355 1557 507 1593; x_wconf 75' lang='lat' dir='ltr'><strong>aspectum</strong></span> <span class='ocrx_word' id='word_1_153' title='bbox 535 1553 673 1584; x_wconf 77' lang='lat' dir='ltr'><strong>habebat.</strong></span> <span class='ocrx_word' id='word_1_154' title='bbox 719 1553 795 1584; x_wconf 92' lang='lat' dir='ltr'><strong>Non</strong></span> <span class='ocrx_word' id='word_1_155' title='bbox 821 1561 900 1592; x_wconf 85' lang='lat' dir='ltr'><strong>ergo</strong></span> <span class='ocrx_word' id='word_1_156' title='bbox 925 1552 969 1583; x_wconf 90' lang='lat' dir='ltr'><strong>sit</strong></span> <span class='ocrx_word' id='word_1_157' title='bbox 993 1553 1042 1583; x_wconf 91' lang='lat' dir='ltr'><strong>in-</strong></span> 
     </span>
     <span class='ocr_line' id='line_1_25' title="bbox 356 1599 1042 1642; baseline 0 -10"><span class='ocrx_word' id='word_1_158' title='bbox 356 1602 522 1633; x_wconf 84' lang='lat' dir='ltr'><strong>credibile</strong></span> <span class='ocrx_word' id='word_1_159' title='bbox 540 1602 630 1642; x_wconf 88' lang='lat' dir='ltr'><strong>quod</strong></span> <span class='ocrx_word' id='word_1_160' title='bbox 654 1599 804 1638; x_wconf 77' lang='lat' dir='ltr'><strong>narrant,</strong></span> <span class='ocrx_word' id='word_1_161' title='bbox 826 1602 899 1641; x_wconf 83' lang='lat' dir='ltr'><strong>ejus</strong></span> <span class='ocrx_word' id='word_1_162' title='bbox 920 1602 1042 1633; x_wconf 86' lang='lat' dir='ltr'><strong>Eume·</strong></span> 
     </span>
     <span class='ocr_line' id='line_1_26' title="bbox 354 1650 1043 1690; baseline 0 -10"><span class='ocrx_word' id='word_1_163' title='bbox 354 1650 468 1681; x_wconf 87' lang='lat' dir='ltr'><strong>nidum</strong></span> <span class='ocrx_word' id='word_1_164' title='bbox 495 1650 637 1681; x_wconf 85' lang='lat' dir='ltr'><strong>terribili</strong></span> <span class='ocrx_word' id='word_1_165' title='bbox 661 1651 855 1690; x_wconf 83' lang='lat' dir='ltr'><strong>spectaculo</strong></span> <span class='ocrx_word' id='word_1_166' title='bbox 877 1650 1043 1681; x_wconf 83' lang='lat' dir='ltr'><strong>exanima·</strong></span> 
     </span>
     <span class='ocr_line' id='line_1_27' title="bbox 356 1699 1044 1739; baseline -0.001 -9"><span class='ocrx_word' id='word_1_167' title='bbox 356 1703 408 1730; x_wconf 84' lang='lat' dir='ltr'><strong>tos</strong></span> <span class='ocrx_word' id='word_1_168' title='bbox 423 1708 496 1730; x_wconf 82' lang='lat' dir='ltr'><strong>esse</strong></span> <span class='ocrx_word' id='word_1_169' title='bbox 513 1708 634 1738; x_wconf 85' lang='lat' dir='ltr'><strong>pueros</strong></span> <span class='ocrx_word' id='word_1_170' title='bbox 649 1699 788 1739; x_wconf 78' lang='lat' dir='ltr'><strong>aliquot,</strong></span> <span class='ocrx_word' id='word_1_171' title='bbox 802 1699 972 1738; x_wconf 85' lang='lat' dir='ltr'><strong>perculsas</strong></span> <span class='ocrx_word' id='word_1_172' title='bbox 986 1708 1044 1729; x_wconf 90' lang='lat' dir='ltr'><strong>au-</strong></span> 
     </span>
     <span class='ocr_line' id='line_1_28' title="bbox 357 1747 1044 1787; baseline 0 -10"><span class='ocrx_word' id='word_1_173' title='bbox 357 1750 426 1778; x_wconf 87' lang='lat' dir='ltr'><strong>tem</strong></span> <span class='ocrx_word' id='word_1_174' title='bbox 446 1752 660 1787; x_wconf 74' lang='lat' dir='ltr'><strong>praegnantes</strong></span> <span class='ocrx_word' id='word_1_175' title='bbox 675 1747 827 1778; x_wconf 81' lang='lat' dir='ltr'><strong>foemiuas</strong></span> <span class='ocrx_word' id='word_1_176' title='bbox 850 1747 890 1777; x_wconf 91' lang='lat' dir='ltr'><strong>ad</strong></span> <span class='ocrx_word' id='word_1_177' title='bbox 910 1750 1044 1787; x_wconf 88' lang='lat' dir='ltr'><strong>partum</strong></span> 
     </span>
     <span class='ocr_line' id='line_1_29' title="bbox 359 1795 1044 1836; baseline 0 -10"><span class='ocrx_word' id='word_1_178' title='bbox 359 1796 508 1827; x_wconf 83' lang='lat' dir='ltr'><strong>adactas.</strong></span> <span class='ocrx_word' id='word_1_179' title='bbox 565 1795 619 1827; x_wconf 88' lang='lat' dir='ltr'><strong>Ab</strong></span> <span class='ocrx_word' id='word_1_180' title='bbox 650 1795 803 1836; x_wconf 83' lang='lat' dir='ltr'><strong>AEschylo</strong></span> <span class='ocrx_word' id='word_1_181' title='bbox 840 1795 1044 1836; x_wconf 84' lang='lat' dir='ltr'><strong>compositas</strong></span> 
     </span>
     <span class='ocr_line' id='line_1_30' title="bbox 356 1844 1043 1885; baseline 0 -10"><span class='ocrx_word' id='word_1_182' title='bbox 356 1845 538 1885; x_wconf 80' lang='lat' dir='ltr'><strong>nonaginta</strong></span> <span class='ocrx_word' id='word_1_183' title='bbox 566 1844 697 1876; x_wconf 83' lang='lat' dir='ltr'><strong>fabulas</strong></span> <span class='ocrx_word' id='word_1_184' title='bbox 725 1845 875 1884; x_wconf 78' lang='lat' dir='ltr'><strong>tradunt,</strong></span> <span class='ocrx_word' id='word_1_185' title='bbox 902 1852 1043 1885; x_wconf 82' lang='lat' dir='ltr'><strong>quarum</strong></span> 
     </span>
     <span class='ocr_line' id='line_1_31' title="bbox 357 1893 1043 1934; baseline 0 -10"><span class='ocrx_word' id='word_1_186' title='bbox 357 1893 399 1924; x_wconf 87' lang='lat' dir='ltr'><strong>ad</strong></span> <span class='ocrx_word' id='word_1_187' title='bbox 415 1903 475 1924; x_wconf 87' lang='lat' dir='ltr'><strong>uos</strong></span> <span class='ocrx_word' id='word_1_188' title='bbox 495 1893 551 1924; x_wconf 84' lang='lat' dir='ltr'><strong>vix</strong></span> <span class='ocrx_word' id='word_1_189' title='bbox 569 1897 697 1933; x_wconf 80' lang='lat' dir='ltr'><strong>septem</strong></span> <span class='ocrx_word' id='word_1_190' title='bbox 720 1897 958 1934; x_wconf 83' lang='lat' dir='ltr'><strong>pervenerunt,</strong></span> <span class='ocrx_word' id='word_1_191' title='bbox 974 1895 1043 1924; x_wconf 85' lang='lat' dir='ltr'><strong>De·</strong></span> 
     </span>
     <span class='ocr_line' id='line_1_32' title="bbox 355 1942 1042 1984; baseline -0.001 -10"><span class='ocrx_word' id='word_1_192' title='bbox 355 1943 455 1984; x_wconf 88' lang='lat' dir='ltr'><strong>nique</strong></span> <span class='ocrx_word' id='word_1_193' title='bbox 470 1952 551 1974; x_wconf 81' lang='lat' dir='ltr'><strong>casu</strong></span> <span class='ocrx_word' id='word_1_194' title='bbox 566 1942 744 1974; x_wconf 76' lang='lat' dir='ltr'><strong>testudinis</strong></span> <span class='ocrx_word' id='word_1_195' title='bbox 759 1943 841 1973; x_wconf 86' lang='lat' dir='ltr'><strong>eliso</strong></span> <span class='ocrx_word' id='word_1_196' title='bbox 856 1942 968 1983; x_wconf 83' lang='lat' dir='ltr'><strong>capite</strong></span> <span class='ocrx_word' id='word_1_197' title='bbox 983 1952 1042 1973; x_wconf 85' lang='lat' dir='ltr'><strong>ex-</strong></span> 
     </span>
     <span class='ocr_line' id='line_1_33' title="bbox 356 1991 676 2023; baseline 0 -1"><span class='ocrx_word' id='word_1_198' title='bbox 356 1992 498 2023; x_wconf 84' lang='lat' dir='ltr'><strong>tinctum</strong></span> <span class='ocrx_word' id='word_1_199' title='bbox 515 1991 676 2022; x_wconf 83' lang='lat' dir='ltr'><strong>referunt.</strong></span> 
     </span>
    </p>

    <p class='ocr_par' dir='ltr' id='par_1_17' title="bbox 355 2039 1044 2129">
     <span class='ocr_line' id='line_1_34' title="bbox 398 2039 1044 2080; baseline -0.002 -9"><span class='ocrx_word' id='word_1_200' title='bbox 398 2043 460 2071; x_wconf 79' lang='lat'><strong>280</strong></span> <span class='ocrx_word' id='word_1_201' title='bbox 484 2041 655 2080; x_wconf 77' lang='lat' dir='ltr'><strong>Cothurno]</strong></span> <span class='ocrx_word' id='word_1_202' title='bbox 685 2039 907 2071; x_wconf 88' lang='lat' dir='ltr'><strong>Eminentiori</strong></span> <span class='ocrx_word' id='word_1_203' title='bbox 930 2039 1044 2071; x_wconf 85' lang='lat' dir='ltr'><strong>calceo</strong></span> 
     </span>
     <span class='ocr_line' id='line_1_35' title="bbox 355 2089 665 2129; baseline 0 -10"><span class='ocrx_word' id='word_1_204' title='bbox 355 2089 503 2129; x_wconf 74' lang='lat' dir='ltr'><strong>&#39;tragicis</strong></span> <span class='ocrx_word' id='word_1_205' title='bbox 519 2090 665 2129; x_wconf 90' lang='lat' dir='ltr'><strong>proprio.</strong></span> 
     </span>
    </p>

    <p class='ocr_par' dir='ltr' id='par_1_18' title="bbox 357 2137 1047 2813">
     <span class='ocr_line' id='line_1_36' title="bbox 372 2137 1044 2177; baseline -0.001 -8"><span class='ocrx_word' id='word_1_206' title='bbox 372 2170 374 2173; x_wconf 17' lang='lat' dir='ltr'><em>r</em></span> <span class='ocrx_word' id='word_1_207' title='bbox 398 2140 460 2169; x_wconf 77' lang='lat'><strong>281</strong></span> <span class='ocrx_word' id='word_1_208' title='bbox 490 2138 585 2169; x_wconf 77' lang='lat' dir='ltr'><strong>Vetus</strong></span> <span class='ocrx_word' id='word_1_209' title='bbox 611 2137 779 2177; x_wconf 80' lang='lat' dir='ltr'><strong>Comoedia]</strong></span> <span class='ocrx_word' id='word_1_210' title='bbox 805 2137 892 2168; x_wconf 85' lang='lat' dir='ltr'><strong>Haec</strong></span> <span class='ocrx_word' id='word_1_211' title='bbox 916 2147 936 2168; x_wconf 88' lang='lat' dir='ltr'><strong>a</strong></span> <span class='ocrx_word' id='word_1_212' title='bbox 957 2146 1044 2168; x_wconf 87' lang='lat' dir='ltr'><strong>nova</strong></span> 
     </span>
     <span class='ocr_line' id='line_1_37' title="bbox 357 2186 1045 2226; baseline -0.003 -8"><span class='ocrx_word' id='word_1_213' title='bbox 357 2186 536 2219; x_wconf 82' lang='lat' dir='ltr'><strong>differebat</strong></span> <span class='ocrx_word' id='word_1_214' title='bbox 555 2187 590 2218; x_wconf 91' lang='lat' dir='ltr'><strong>in</strong></span> <span class='ocrx_word' id='word_1_215' title='bbox 613 2187 790 2224; x_wconf 88' lang='lat' dir='ltr'><strong>omnibus;</strong></span> <span class='ocrx_word' id='word_1_216' title='bbox 813 2190 977 2226; x_wconf 86' lang='lat' dir='ltr'><strong>tempore,</strong></span> <span class='ocrx_word' id='word_1_217' title='bbox 992 2195 1045 2217; x_wconf 85' lang='lat' dir='ltr'><strong>ar-</strong></span> 
     </span>
     <span class='ocr_line' id='line_1_38' title="bbox 357 2235 1047 2276; baseline -0.001 -9"><span class='ocrx_word' id='word_1_218' title='bbox 357 2240 527 2274; x_wconf 75' lang='lat' dir='ltr'><strong>gumento,</strong></span> <span class='ocrx_word' id='word_1_219' title='bbox 557 2239 734 2276; x_wconf 87' lang='lat' dir='ltr'><strong>apparatu,</strong></span> <span class='ocrx_word' id='word_1_220' title='bbox 763 2239 893 2274; x_wconf 83' lang='lat' dir='ltr'><strong>metro;</strong></span> <span class='ocrx_word' id='word_1_221' title='bbox 936 2239 974 2266; x_wconf 90' lang='lat' dir='ltr'><strong>ut</strong></span> <span class='ocrx_word' id='word_1_222' title='bbox 1000 2235 1047 2266; x_wconf 87' lang='lat' dir='ltr'><strong>ait</strong></span> 
     </span>
     <span class='ocr_line' id='line_1_39' title="bbox 359 2283 1046 2326; baseline -0.004 -9"><span class='ocrx_word' id='word_1_223' title='bbox 359 2286 462 2326; x_wconf 88' lang='lat' dir='ltr'><strong>Cruq.</strong></span> <span class='ocrx_word' id='word_1_224' title='bbox 482 2285 588 2316; x_wconf 86' lang='lat' dir='ltr'><strong>Vetus</strong></span> <span class='ocrx_word' id='word_1_225' title='bbox 603 2288 755 2324; x_wconf 85' lang='lat' dir='ltr'><strong>tempore</strong></span> <span class='ocrx_word' id='word_1_226' title='bbox 769 2283 850 2315; x_wconf 89' lang='lat' dir='ltr'><strong>belli</strong></span> <span class='ocrx_word' id='word_1_227' title='bbox 865 2283 930 2314; x_wconf 83' lang='lat' dir='ltr'><strong>fuit</strong></span> <span class='ocrx_word' id='word_1_228' title='bbox 943 2283 1046 2315; x_wconf 88' lang='lat' dir='ltr'><strong>Pelo·</strong></span> 
     </span>
     <span class='ocr_line' id='line_1_40' title="bbox 357 2333 1047 2375; baseline -0.001 -10"><span class='ocrx_word' id='word_1_229' title='bbox 357 2334 570 2375; x_wconf 82' lang='lat' dir='ltr'><strong>ponnesi&#39;aci:</strong></span> <span class='ocrx_word' id='word_1_230' title='bbox 595 2343 680 2365; x_wconf 85' lang='lat' dir='ltr'><strong>nova</strong></span> <span class='ocrx_word' id='word_1_231' title='bbox 694 2338 771 2374; x_wconf 86' lang='lat' dir='ltr'><strong>post</strong></span> <span class='ocrx_word' id='word_1_232' title='bbox 785 2333 969 2364; x_wconf 76' lang='lat' dir='ltr'><strong>extinctam</strong></span> <span class='ocrx_word' id='word_1_233' title='bbox 988 2343 1047 2374; x_wconf 88' lang='lat' dir='ltr'><strong>po-</strong></span> 
     </span>
     <span class='ocr_line' id='line_1_41' title="bbox 357 2382 1047 2423; baseline -0.001 -9"><span class='ocrx_word' id='word_1_234' title='bbox 357 2383 429 2423; x_wconf 87' lang='lat' dir='ltr'><strong>puli</strong></span> <span class='ocrx_word' id='word_1_235' title='bbox 443 2383 646 2418; x_wconf 86' lang='lat' dir='ltr'><strong>libertatem,</strong></span> <span class='ocrx_word' id='word_1_236' title='bbox 664 2382 737 2422; x_wconf 89' lang='lat' dir='ltr'><strong>jam</strong></span> <span class='ocrx_word' id='word_1_237' title='bbox 755 2391 865 2413; x_wconf 85' lang='lat' dir='ltr'><strong>rerum</strong></span> <span class='ocrx_word' id='word_1_238' title='bbox 886 2382 1047 2422; x_wconf 86' lang='lat' dir='ltr'><strong>potienti-</strong></span> 
     </span>
     <span class='ocr_line' id='line_1_42' title="bbox 358 2431 1045 2471; baseline 0 -9"><span class='ocrx_word' id='word_1_239' title='bbox 358 2433 420 2462; x_wconf 90' lang='lat' dir='ltr'><strong>bus</strong></span> <span class='ocrx_word' id='word_1_240' title='bbox 434 2431 593 2471; x_wconf 85' lang='lat' dir='ltr'><strong>Philippo</strong></span> <span class='ocrx_word' id='word_1_241' title='bbox 609 2436 644 2462; x_wconf 91' lang='lat' dir='ltr'><strong>et</strong></span> <span class='ocrx_word' id='word_1_242' title='bbox 657 2431 861 2462; x_wconf 83' lang='lat' dir='ltr'><strong>Alexandro.</strong></span> <span class='ocrx_word' id='word_1_243' title='bbox 883 2431 924 2462; x_wconf 91' lang='lat' dir='ltr'><strong>In</strong></span> <span class='ocrx_word' id='word_1_244' title='bbox 937 2432 1045 2463; x_wconf 86' lang='lat' dir='ltr'><strong>veteri</strong></span> 
     </span>
     <span class='ocr_line' id='line_1_43' title="bbox 358 2479 1045 2520; baseline -0.001 -9"><span class='ocrx_word' id='word_1_245' title='bbox 358 2481 487 2515; x_wconf 88' lang='lat' dir='ltr'><strong>Duces,</strong></span> <span class='ocrx_word' id='word_1_246' title='bbox 501 2480 739 2520; x_wconf 75' lang='lat' dir='ltr'><strong>Magistratus,</strong></span> <span class='ocrx_word' id='word_1_247' title='bbox 762 2479 968 2520; x_wconf 74' lang='lat' dir='ltr'><strong>Philosophi,</strong></span> <span class='ocrx_word' id='word_1_248' title='bbox 988 2479 1045 2511; x_wconf 89' lang='lat' dir='ltr'><strong>Dii</strong></span> 
     </span>
     <span class='ocr_line' id='line_1_44' title="bbox 359 2529 1046 2570; baseline -0.001 -9"><span class='ocrx_word' id='word_1_249' title='bbox 359 2530 423 2570; x_wconf 83' lang='lat' dir='ltr'><strong>ipsi</strong></span> <span class='ocrx_word' id='word_1_250' title='bbox 440 2529 755 2570; x_wconf 85' lang='lat' dir='ltr'><strong>proscindebantur.</strong></span> <span class='ocrx_word' id='word_1_251' title='bbox 780 2530 883 2561; x_wconf 84' lang='lat' dir='ltr'><strong>Patet</strong></span> <span class='ocrx_word' id='word_1_252' title='bbox 899 2538 940 2560; x_wconf 83' lang='lat' dir='ltr'><strong>ex</strong></span> <span class='ocrx_word' id='word_1_253' title='bbox 954 2529 1046 2561; x_wconf 86' lang='lat' dir='ltr'><strong>Aris-</strong></span> 
     </span>
     <span class='ocr_line' id='line_1_45' title="bbox 359 2578 1047 2619; baseline 0 -10"><span class='ocrx_word' id='word_1_254' title='bbox 359 2579 517 2618; x_wconf 85' lang='lat' dir='ltr'><strong>tophane,</strong></span> <span class='ocrx_word' id='word_1_255' title='bbox 532 2578 613 2609; x_wconf 87' lang='lat' dir='ltr'><strong>item</strong></span> <span class='ocrx_word' id='word_1_256' title='bbox 629 2588 671 2608; x_wconf 87' lang='lat' dir='ltr'><strong>ex</strong></span> <span class='ocrx_word' id='word_1_257' title='bbox 687 2578 866 2619; x_wconf 81' lang='lat' dir='ltr'><strong>Eupolide.</strong></span> <span class='ocrx_word' id='word_1_258' title='bbox 908 2578 949 2609; x_wconf 88' lang='lat' dir='ltr'><strong>In</strong></span> <span class='ocrx_word' id='word_1_259' title='bbox 961 2588 1047 2610; x_wconf 86' lang='lat' dir='ltr'><strong>nova</strong></span> 
     </span>
     <span class='ocr_line' id='line_1_46' title="bbox 360 2627 1045 2666; baseline 0.003 -9"><span class='ocrx_word' id='word_1_260' title='bbox 360 2633 438 2659; x_wconf 73' lang='lat' dir='ltr'><strong>sunt</strong></span> <span class='ocrx_word' id='word_1_261' title='bbox 454 2636 583 2658; x_wconf 83' lang='lat' dir='ltr'><strong>amores</strong></span> <span class='ocrx_word' id='word_1_262' title='bbox 599 2627 861 2666; x_wconf 83' lang='lat' dir='ltr'><strong>adolescentum,</strong></span> <span class='ocrx_word' id='word_1_263' title='bbox 875 2636 1045 2659; x_wconf 84' lang='lat' dir='ltr'><strong>servorum</strong></span> 
     </span>
     <span class='ocr_line' id='line_1_47' title="bbox 359 2675 1045 2716; baseline 0.001 -10"><span class='ocrx_word' id='word_1_264' title='bbox 359 2675 506 2715; x_wconf 84' lang='lat' dir='ltr'><strong>fraudes,</strong></span> <span class='ocrx_word' id='word_1_265' title='bbox 524 2678 589 2707; x_wconf 64' lang='lat' dir='ltr'><strong>&amp;m</strong></span> <span class='ocrx_word' id='word_1_266' title='bbox 615 2681 710 2707; x_wconf 85' lang='lat' dir='ltr'><strong>vetus</strong></span> <span class='ocrx_word' id='word_1_267' title='bbox 724 2677 870 2716; x_wconf 83' lang='lat' dir='ltr'><strong>assurgit</strong></span> <span class='ocrx_word' id='word_1_268' title='bbox 885 2676 926 2708; x_wconf 88' lang='lat' dir='ltr'><strong>ad</strong></span> <span class='ocrx_word' id='word_1_269' title='bbox 945 2677 1045 2716; x_wconf 82' lang='lat' dir='ltr'><strong>tragi-</strong></span> 
     </span>
     <span class='ocr_line' id='line_1_48' title="bbox 361 2725 1046 2766; baseline 0.006 -14"><span class='ocrx_word' id='word_1_270' title='bbox 361 2732 436 2753; x_wconf 79' lang='lat' dir='ltr'><strong>cum</strong></span> <span class='ocrx_word' id='word_1_271' title='bbox 450 2725 594 2763; x_wconf 83' lang='lat' dir='ltr'><strong>stylum:</strong></span> <span class='ocrx_word' id='word_1_272' title='bbox 611 2734 698 2756; x_wconf 85' lang='lat' dir='ltr'><strong>nova</strong></span> <span class='ocrx_word' id='word_1_273' title='bbox 713 2725 882 2766; x_wconf 82' lang='lat' dir='ltr'><strong>popularis</strong></span> <span class='ocrx_word' id='word_1_274' title='bbox 897 2729 960 2756; x_wconf 89' lang='lat' dir='ltr'><strong>est.</strong></span> <span class='ocrx_word' id='word_1_275' title='bbox 1004 2725 1046 2756; x_wconf 87' lang='lat' dir='ltr'><strong>In</strong></span> 
     </span>
     <span class='ocr_line' id='line_1_49' title="bbox 362 2771 1046 2813; baseline 0.004 -11"><span class='ocrx_word' id='word_1_276' title='bbox 362 2771 465 2803; x_wconf 77' lang='lat' dir='ltr'><strong>veteri</strong></span> <span class='ocrx_word' id='word_1_277' title='bbox 492 2773 603 2804; x_wconf 83' lang='lat' dir='ltr'><strong>omnia</strong></span> <span class='ocrx_word' id='word_1_278' title='bbox 630 2778 812 2806; x_wconf 79' lang='lat' dir='ltr'><strong>metrorum</strong></span> <span class='ocrx_word' id='word_1_279' title='bbox 841 2782 966 2813; x_wconf 73' lang='lat' dir='ltr'><strong>genera</strong></span> <span class='ocrx_word' id='word_1_280' title='bbox 988 2774 1046 2805; x_wconf 88' lang='lat' dir='ltr'><strong>ad-</strong></span> 
     </span>
    </p>
   </div>
   <div class='ocr_carea' id='block_1_16' title="bbox 1090 1502 1787 2814">
    <p class='ocr_par' dir='ltr' id='par_1_19' title="bbox 1093 1502 1782 1780">
     <span class='ocr_line' id='line_1_50' title="bbox 1093 1502 1782 1535; baseline -0.001 0"><span class='ocrx_word' id='word_1_281' title='bbox 1093 1503 1333 1535; x_wconf 82' lang='lat' dir='ltr'><strong>mittebantur:</strong></span> <span class='ocrx_word' id='word_1_282' title='bbox 1350 1504 1383 1535; x_wconf 85' lang='lat' dir='ltr'><strong>in</strong></span> <span class='ocrx_word' id='word_1_283' title='bbox 1396 1513 1483 1535; x_wconf 87' lang='lat' dir='ltr'><strong>nova</strong></span> <span class='ocrx_word' id='word_1_284' title='bbox 1495 1503 1600 1534; x_wconf 83' lang='lat' dir='ltr'><strong>solum</strong></span> <span class='ocrx_word' id='word_1_285' title='bbox 1611 1502 1682 1534; x_wconf 83' lang='lat' dir='ltr'><strong>fere</strong></span> <span class='ocrx_word' id='word_1_286' title='bbox 1692 1502 1782 1535; x_wconf 87' lang='lat' dir='ltr'><strong>Iam-</strong></span> 
     </span>
     <span class='ocr_line' id='line_1_51' title="bbox 1093 1552 1781 1593; baseline -0.001 -9"><span class='ocrx_word' id='word_1_287' title='bbox 1093 1552 1218 1584; x_wconf 81' lang='lat' dir='ltr'><strong>hicum.</strong></span> <span class='ocrx_word' id='word_1_288' title='bbox 1248 1553 1289 1584; x_wconf 90' lang='lat' dir='ltr'><strong>In</strong></span> <span class='ocrx_word' id='word_1_289' title='bbox 1304 1553 1412 1584; x_wconf 85' lang='lat' dir='ltr'><strong>veteri</strong></span> <span class='ocrx_word' id='word_1_290' title='bbox 1429 1553 1530 1583; x_wconf 84' lang='lat' dir='ltr'><strong>mirus</strong></span> <span class='ocrx_word' id='word_1_291' title='bbox 1546 1557 1729 1593; x_wconf 78' lang='lat' dir='ltr'><strong>apparatus</strong></span> <span class='ocrx_word' id='word_1_292' title='bbox 1743 1556 1781 1584; x_wconf 86' lang='lat' dir='ltr'><strong>et</strong></span> 
     </span>
     <span class='ocr_line' id='line_1_52' title="bbox 1093 1601 1780 1643; baseline 0.003 -11"><span class='ocrx_word' id='word_1_293' title='bbox 1093 1601 1212 1633; x_wconf 87' lang='lat' dir='ltr'><strong>luxus:</strong></span> <span class='ocrx_word' id='word_1_294' title='bbox 1236 1603 1270 1633; x_wconf 90' lang='lat' dir='ltr'><strong>in</strong></span> <span class='ocrx_word' id='word_1_295' title='bbox 1291 1611 1378 1634; x_wconf 86' lang='lat' dir='ltr'><strong>nova</strong></span> <span class='ocrx_word' id='word_1_296' title='bbox 1401 1611 1508 1643; x_wconf 85' lang='lat' dir='ltr'><strong>prope</strong></span> <span class='ocrx_word' id='word_1_297' title='bbox 1523 1603 1644 1642; x_wconf 87' lang='lat' dir='ltr'><strong>nullus,</strong></span> <span class='ocrx_word' id='word_1_298' title='bbox 1666 1602 1780 1634; x_wconf 86' lang='lat' dir='ltr'><strong>ablato</strong></span> 
     </span>
     <span class='ocr_line' id='line_1_53' title="bbox 1095 1650 1780 1691; baseline 0.001 -10"><span class='ocrx_word' id='word_1_299' title='bbox 1095 1650 1197 1681; x_wconf 83' lang='lat' dir='ltr'><strong>etiam</strong></span> <span class='ocrx_word' id='word_1_300' title='bbox 1212 1651 1333 1682; x_wconf 82' lang='lat' dir='ltr'><strong>Choro.</strong></span> <span class='ocrx_word' id='word_1_301' title='bbox 1376 1651 1416 1681; x_wconf 89' lang='lat' dir='ltr'><strong>In</strong></span> <span class='ocrx_word' id='word_1_302' title='bbox 1433 1651 1541 1682; x_wconf 86' lang='lat' dir='ltr'><strong>veteri</strong></span> <span class='ocrx_word' id='word_1_303' title='bbox 1564 1659 1714 1691; x_wconf 75' lang='lat' dir='ltr'><strong>personae</strong></span> <span class='ocrx_word' id='word_1_304' title='bbox 1737 1651 1780 1682; x_wconf 79' lang='lat' dir='ltr'><strong>ad</strong></span> 
     </span>
     <span class='ocr_line' id='line_1_54' title="bbox 1096 1697 1782 1738; baseline 0.003 -10"><span class='ocrx_word' id='word_1_305' title='bbox 1096 1697 1206 1728; x_wconf 82' lang='lat' dir='ltr'><strong>vivum</strong></span> <span class='ocrx_word' id='word_1_306' title='bbox 1229 1697 1486 1738; x_wconf 78' lang='lat' dir='ltr'><strong>effingebantur,</strong></span> <span class='ocrx_word' id='word_1_307' title='bbox 1500 1702 1537 1729; x_wconf 90' lang='lat' dir='ltr'><strong>ut</strong></span> <span class='ocrx_word' id='word_1_308' title='bbox 1560 1707 1782 1738; x_wconf 78' lang='lat' dir='ltr'><strong>agnosceren-</strong></span> 
     </span>
     <span class='ocr_line' id='line_1_55' title="bbox 1097 1745 1696 1780; baseline 0.005 -4"><span class='ocrx_word' id='word_1_309' title='bbox 1097 1749 1151 1776; x_wconf 85' lang='lat' dir='ltr'><strong>tur</strong></span> <span class='ocrx_word' id='word_1_310' title='bbox 1165 1745 1262 1778; x_wconf 80' lang='lat' dir='ltr'><strong>facile</strong></span> <span class='ocrx_word' id='word_1_311' title='bbox 1278 1757 1287 1777; x_wconf 71' lang='grc' dir='ltr'>ι</span> <span class='ocrx_word' id='word_1_312' title='bbox 1305 1756 1394 1778; x_wconf 85' lang='lat' dir='ltr'><strong>nova</strong></span> <span class='ocrx_word' id='word_1_313' title='bbox 1407 1747 1488 1777; x_wconf 89' lang='lat' dir='ltr'><strong>nihil</strong></span> <span class='ocrx_word' id='word_1_314' title='bbox 1503 1747 1571 1777; x_wconf 82' lang='lat' dir='ltr'><strong>tale</strong></span> <span class='ocrx_word' id='word_1_315' title='bbox 1583 1747 1696 1780; x_wconf 85' lang='lat' dir='ltr'><strong>habet.</strong></span> 
     </span>
    </p>

    <p class='ocr_par' dir='ltr' id='par_1_20' title="bbox 1090 1795 1785 2079">
     <span class='ocr_line' id='line_1_56' title="bbox 1139 1795 1783 1836; baseline 0.005 -11"><span class='ocrx_word' id='word_1_316' title='bbox 1139 1797 1203 1826; x_wconf 83' lang='lat'><strong>282</strong></span> <span class='ocrx_word' id='word_1_317' title='bbox 1231 1795 1302 1826; x_wconf 73' lang='lat' dir='ltr'><strong>Vim</strong></span> <span class='ocrx_word' id='word_1_318' title='bbox 1330 1795 1470 1834; x_wconf 82' lang='lat' dir='ltr'><strong>Dignam</strong></span> <span class='ocrx_word' id='word_1_319' title='bbox 1498 1796 1564 1834; x_wconf 84' lang='lat' dir='ltr'><strong>lege</strong></span> <span class='ocrx_word' id='word_1_320' title='bbox 1590 1796 1675 1836; x_wconf 79' lang='lat' dir='ltr'><strong>regi]</strong></span> <span class='ocrx_word' id='word_1_321' title='bbox 1707 1796 1783 1828; x_wconf 86' lang='lat' dir='ltr'><strong>Nec</strong></span> 
     </span>
     <span class='ocr_line' id='line_1_57' title="bbox 1097 1843 1783 1885; baseline 0.003 -11"><span class='ocrx_word' id='word_1_322' title='bbox 1097 1843 1183 1874; x_wconf 90' lang='lat' dir='ltr'><strong>enim</strong></span> <span class='ocrx_word' id='word_1_323' title='bbox 1201 1843 1258 1874; x_wconf 78' lang='lat' dir='ltr'><strong>ulli</strong></span> <span class='ocrx_word' id='word_1_324' title='bbox 1275 1843 1499 1883; x_wconf 83' lang='lat' dir='ltr'><strong>parcebatur:</strong></span> <span class='ocrx_word' id='word_1_325' title='bbox 1522 1843 1720 1885; x_wconf 83' lang='lat' dir='ltr'><strong>honestique</strong></span> <span class='ocrx_word' id='word_1_326' title='bbox 1735 1845 1783 1876; x_wconf 56' lang='lat' dir='ltr'><strong>vi*</strong></span> 
     </span>
     <span class='ocr_line' id='line_1_58' title="bbox 1095 1891 1784 1932; baseline 0.001 -9"><span class='ocrx_word' id='word_1_327' title='bbox 1095 1892 1136 1932; x_wconf 87' lang='lat' dir='ltr'><strong>ri,</strong></span> <span class='ocrx_word' id='word_1_328' title='bbox 1151 1892 1290 1932; x_wconf 86' lang='lat' dir='ltr'><strong>perinde</strong></span> <span class='ocrx_word' id='word_1_329' title='bbox 1314 1895 1351 1923; x_wconf 92' lang='lat' dir='ltr'><strong>ut</strong></span> <span class='ocrx_word' id='word_1_330' title='bbox 1373 1891 1441 1931; x_wconf 85' lang='lat' dir='ltr'><strong>alii,</strong></span> <span class='ocrx_word' id='word_1_331' title='bbox 1457 1891 1608 1923; x_wconf 84' lang='lat' dir='ltr'><strong>dicteriis</strong></span> <span class='ocrx_word' id='word_1_332' title='bbox 1621 1896 1657 1923; x_wconf 90' lang='lat' dir='ltr'><strong>et</strong></span> <span class='ocrx_word' id='word_1_333' title='bbox 1670 1892 1784 1924; x_wconf 88' lang='lat' dir='ltr'><strong>convi-</strong></span> 
     </span>
     <span class='ocr_line' id='line_1_59' title="bbox 1096 1940 1784 1981; baseline 0 -9"><span class='ocrx_word' id='word_1_334' title='bbox 1096 1942 1156 1973; x_wconf 86' lang='lat' dir='ltr'><strong>ciis</strong></span> <span class='ocrx_word' id='word_1_335' title='bbox 1167 1942 1359 1973; x_wconf 80' lang='lat' dir='ltr'><strong>nominatim</strong></span> <span class='ocrx_word' id='word_1_336' title='bbox 1372 1940 1684 1981; x_wconf 85' lang='lat' dir='ltr'><strong>proscindebantur.</strong></span> <span class='ocrx_word' id='word_1_337' title='bbox 1694 1942 1704 1959; x_wconf 90' lang='lat'>‘</span> <span class='ocrx_word' id='word_1_338' title='bbox 1713 1941 1784 1973; x_wconf 77' lang='lat' dir='ltr'><strong>Sae-</strong></span> 
     </span>
     <span class='ocr_line' id='line_1_60' title="bbox 1095 1989 1785 2031; baseline -0.001 -9"><span class='ocrx_word' id='word_1_339' title='bbox 1095 2000 1156 2022; x_wconf 86' lang='lat' dir='ltr'><strong>vus</strong></span> <span class='ocrx_word' id='word_1_340' title='bbox 1177 1996 1329 2031; x_wconf 84' lang='lat' dir='ltr'><strong>apertam</strong></span> <span class='ocrx_word' id='word_1_341' title='bbox 1355 1989 1396 2020; x_wconf 83' lang='lat' dir='ltr'><strong>In</strong></span> <span class='ocrx_word' id='word_1_342' title='bbox 1419 1989 1545 2021; x_wconf 85' lang='lat' dir='ltr'><strong>rabiem</strong></span> <span class='ocrx_word' id='word_1_343' title='bbox 1570 1989 1659 2021; x_wconf 83' lang='lat' dir='ltr'><strong>verti</strong></span> <span class='ocrx_word' id='word_1_344' title='bbox 1681 1989 1785 2030; x_wconf 86' lang='lat' dir='ltr'><strong>coepit</strong></span> 
     </span>
     <span class='ocr_line' id='line_1_61' title="bbox 1090 2038 1292 2079; baseline 0 -10"><span class='ocrx_word' id='word_1_345' title='bbox 1090 2038 1213 2079; x_wconf 83' lang='lat' dir='ltr'><strong>jocus,’</strong></span> <span class='ocrx_word' id='word_1_346' title='bbox 1229 2040 1292 2070; x_wconf 70' lang='grc' dir='ltr'><strong>ὄις.</strong></span> 
     </span>
    </p>

    <p class='ocr_par' dir='ltr' id='par_1_21' title="bbox 1096 2085 1787 2566">
     <span class='ocr_line' id='line_1_62' title="bbox 1143 2085 1782 2125; baseline 0 -7"><span class='ocrx_word' id='word_1_347' title='bbox 1143 2087 1211 2118; x_wconf 78' lang='lat' dir='ltr'><strong>Lex</strong></span> <span class='ocrx_word' id='word_1_348' title='bbox 1234 2091 1280 2118; x_wconf 84' lang='lat' dir='ltr'><strong>est</strong></span> <span class='ocrx_word' id='word_1_349' title='bbox 1303 2085 1440 2125; x_wconf 76' lang='lat' dir='ltr'><strong>accepta]</strong></span> <span class='ocrx_word' id='word_1_350' title='bbox 1472 2086 1556 2118; x_wconf 69' lang='lat' dir='ltr'><strong>Quae</strong></span> <span class='ocrx_word' id='word_1_351' title='bbox 1581 2085 1782 2118; x_wconf 83' lang='lat' dir='ltr'><strong>maledicen-</strong></span> 
     </span>
     <span class='ocr_line' id='line_1_63' title="bbox 1096 2134 1784 2176; baseline 0 -9"><span class='ocrx_word' id='word_1_352' title='bbox 1096 2136 1176 2167; x_wconf 86' lang='lat' dir='ltr'><strong>tiam</strong></span> <span class='ocrx_word' id='word_1_353' title='bbox 1199 2136 1288 2166; x_wconf 86' lang='lat' dir='ltr'><strong>illam</strong></span> <span class='ocrx_word' id='word_1_354' title='bbox 1305 2134 1507 2166; x_wconf 82' lang='lat' dir='ltr'><strong>effraenatam</strong></span> <span class='ocrx_word' id='word_1_355' title='bbox 1530 2135 1638 2175; x_wconf 84' lang='lat' dir='ltr'><strong>poenis</strong></span> <span class='ocrx_word' id='word_1_356' title='bbox 1661 2143 1784 2176; x_wconf 86' lang='lat' dir='ltr'><strong>propo-</strong></span> 
     </span>
     <span class='ocr_line' id='line_1_64' title="bbox 1097 2184 1784 2225; baseline 0 -9"><span class='ocrx_word' id='word_1_357' title='bbox 1097 2186 1170 2217; x_wconf 80' lang='lat' dir='ltr'><strong>sitis</strong></span> <span class='ocrx_word' id='word_1_358' title='bbox 1191 2185 1341 2216; x_wconf 81' lang='lat' dir='ltr'><strong>vetabat.</strong></span> <span class='ocrx_word' id='word_1_359' title='bbox 1376 2184 1464 2215; x_wconf 87' lang='lat' dir='ltr'><strong>Vide</strong></span> <span class='ocrx_word' id='word_1_360' title='bbox 1481 2193 1523 2215; x_wconf 82' lang='grc' dir='ltr'><strong>ιι.</strong></span> <span class='ocrx_word' id='word_1_361' title='bbox 1537 2184 1646 2225; x_wconf 80' lang='lat' dir='ltr'><strong>Epist.</strong></span> <span class='ocrx_word' id='word_1_362' title='bbox 1663 2187 1693 2215; x_wconf 85' lang='grc'><strong>1.</strong></span> <span class='ocrx_word' id='word_1_363' title='bbox 1710 2187 1784 2216; x_wconf 85' lang='grc'><strong>150.</strong></span> 
     </span>
     <span class='ocr_line' id='line_1_65' title="bbox 1100 2233 1782 2275; baseline 0.001 -10"><span class='ocrx_word' id='word_1_364' title='bbox 1100 2238 1136 2266; x_wconf 90' lang='lat' dir='ltr'><strong>et</strong></span> <span class='ocrx_word' id='word_1_365' title='bbox 1159 2244 1230 2275; x_wconf 87' lang='lat' dir='ltr'><strong>seq.</strong></span> <span class='ocrx_word' id='word_1_366' title='bbox 1259 2234 1370 2266; x_wconf 81' lang='lat' dir='ltr'><strong>‘Quin</strong></span> <span class='ocrx_word' id='word_1_367' title='bbox 1397 2234 1501 2264; x_wconf 86' lang='lat' dir='ltr'><strong>etiam</strong></span> <span class='ocrx_word' id='word_1_368' title='bbox 1528 2234 1585 2264; x_wconf 85' lang='lat' dir='ltr'><strong>lex</strong></span> <span class='ocrx_word' id='word_1_369' title='bbox 1610 2233 1782 2275; x_wconf 82' lang='lat' dir='ltr'><strong>Poenaque</strong></span> 
     </span>
     <span class='ocr_line' id='line_1_66' title="bbox 1099 2281 1784 2323; baseline 0 -9"><span class='ocrx_word' id='word_1_370' title='bbox 1099 2283 1182 2322; x_wconf 82' lang='lat' dir='ltr'><strong>lata,</strong></span> <span class='ocrx_word' id='word_1_371' title='bbox 1202 2283 1289 2314; x_wconf 87' lang='lat' dir='ltr'><strong>malo</strong></span> <span class='ocrx_word' id='word_1_372' title='bbox 1306 2292 1380 2323; x_wconf 79' lang='lat' dir='ltr'><strong>quae</strong></span> <span class='ocrx_word' id='word_1_373' title='bbox 1400 2282 1505 2312; x_wconf 87' lang='lat' dir='ltr'><strong>nollet</strong></span> <span class='ocrx_word' id='word_1_374' title='bbox 1519 2281 1668 2313; x_wconf 83' lang='lat' dir='ltr'><strong>carmine</strong></span> <span class='ocrx_word' id='word_1_375' title='bbox 1681 2290 1784 2323; x_wconf 76' lang='lat' dir='ltr'><strong>quen·</strong></span> 
     </span>
     <span class='ocr_line' id='line_1_67' title="bbox 1100 2331 1786 2374; baseline -0.001 -10"><span class='ocrx_word' id='word_1_376' title='bbox 1100 2342 1197 2374; x_wconf 81' lang='lat' dir='ltr'><strong>quam</strong></span> <span class='ocrx_word' id='word_1_377' title='bbox 1216 2331 1398 2364; x_wconf 84' lang='lat' dir='ltr'><strong>Describi.’</strong></span> <span class='ocrx_word' id='word_1_378' title='bbox 1438 2332 1594 2363; x_wconf 78' lang='lat' dir='ltr'><strong>Ceterum</strong></span> <span class='ocrx_word' id='word_1_379' title='bbox 1611 2331 1786 2363; x_wconf 84' lang='lat' dir='ltr'><strong>Comoedia</strong></span> 
     </span>
     <span class='ocr_line' id='line_1_68' title="bbox 1099 2379 1784 2422; baseline 0 -10"><span class='ocrx_word' id='word_1_380' title='bbox 1099 2382 1255 2422; x_wconf 72' lang='lat' dir='ltr'><strong>satyrica</strong></span> <span class='ocrx_word' id='word_1_381' title='bbox 1266 2382 1404 2412; x_wconf 91' lang='lat' dir='ltr'><strong>multum</strong></span> <span class='ocrx_word' id='word_1_382' title='bbox 1417 2379 1548 2411; x_wconf 87' lang='lat' dir='ltr'><strong>civitati</strong></span> <span class='ocrx_word' id='word_1_383' title='bbox 1559 2379 1700 2420; x_wconf 80' lang='lat' dir='ltr'><strong>profuit,</strong></span> <span class='ocrx_word' id='word_1_384' title='bbox 1709 2389 1784 2412; x_wconf 86' lang='lat' dir='ltr'><strong>cnm</strong></span> 
     </span>
     <span class='ocr_line' id='line_1_69' title="bbox 1099 2429 1787 2471; baseline 0.001 -11"><span class='ocrx_word' id='word_1_385' title='bbox 1099 2434 1238 2461; x_wconf 83' lang='lat' dir='ltr'><strong>caveret</strong></span> <span class='ocrx_word' id='word_1_386' title='bbox 1247 2429 1470 2470; x_wconf 85' lang='lat' dir='ltr'><strong>unusquisque</strong></span> <span class='ocrx_word' id='word_1_387' title='bbox 1482 2429 1628 2469; x_wconf 87' lang='lat' dir='ltr'><strong>culpam,</strong></span> <span class='ocrx_word' id='word_1_388' title='bbox 1637 2438 1680 2460; x_wconf 87' lang='lat' dir='ltr'><strong>ne</strong></span> <span class='ocrx_word' id='word_1_389' title='bbox 1691 2438 1787 2471; x_wconf 79' lang='lat' dir='ltr'><strong>spec·</strong></span> 
     </span>
     <span class='ocr_line' id='line_1_70' title="bbox 1098 2477 1786 2519; baseline 0 -10"><span class='ocrx_word' id='word_1_390' title='bbox 1098 2479 1212 2509; x_wconf 85' lang='lat' dir='ltr'><strong>taculo</strong></span> <span class='ocrx_word' id='word_1_391' title='bbox 1222 2477 1345 2509; x_wconf 86' lang='lat' dir='ltr'><strong>ceteris</strong></span> <span class='ocrx_word' id='word_1_392' title='bbox 1356 2482 1458 2518; x_wconf 79' lang='lat' dir='ltr'><strong>esset,</strong></span> <span class='ocrx_word' id='word_1_393' title='bbox 1468 2481 1503 2508; x_wconf 85' lang='lat' dir='ltr'><strong>et</strong></span> <span class='ocrx_word' id='word_1_394' title='bbox 1514 2477 1700 2509; x_wconf 86' lang='lat' dir='ltr'><strong>domestico</strong></span> <span class='ocrx_word' id='word_1_395' title='bbox 1709 2486 1786 2519; x_wconf 88' lang='lat' dir='ltr'><strong>pro-</strong></span> 
     </span>
     <span class='ocr_line' id='line_1_71' title="bbox 1098 2527 1471 2566; baseline -0.005 -9"><span class='ocrx_word' id='word_1_396' title='bbox 1098 2527 1171 2566; x_wconf 85' lang='lat' dir='ltr'><strong>bro,</strong></span> <span class='ocrx_word' id='word_1_397' title='bbox 1192 2531 1230 2557; x_wconf 88' lang='lat' dir='ltr'><strong>ut</strong></span> <span class='ocrx_word' id='word_1_398' title='bbox 1245 2527 1294 2557; x_wconf 86' lang='lat' dir='ltr'><strong>ait</strong></span> <span class='ocrx_word' id='word_1_399' title='bbox 1310 2527 1471 2558; x_wconf 79' lang='lat' dir='ltr'><strong>Donatus.</strong></span> 
     </span>
    </p>

    <p class='ocr_par' dir='ltr' id='par_1_22' title="bbox 1098 2574 1785 2814">
     <span class='ocr_line' id='line_1_72' title="bbox 1140 2574 1785 2616; baseline 0.005 -11"><span class='ocrx_word' id='word_1_400' title='bbox 1140 2577 1203 2605; x_wconf 83' lang='lat'><strong>286</strong></span> <span class='ocrx_word' id='word_1_401' title='bbox 1231 2574 1371 2614; x_wconf 69' lang='lat' dir='ltr'><strong>Vestigia</strong></span> <span class='ocrx_word' id='word_1_402' title='bbox 1400 2575 1513 2606; x_wconf 82' lang='lat' dir='ltr'><strong>Groeca</strong></span> <span class='ocrx_word' id='word_1_403' title='bbox 1536 2575 1618 2607; x_wconf 67' lang='lat' dir='ltr'><strong>Arm·</strong></span> <span class='ocrx_word' id='word_1_404' title='bbox 1637 2576 1785 2616; x_wconf 75' lang='lat' dir='ltr'><strong>deserere,</strong></span> 
     </span>
     <span class='ocr_line' id='line_1_73' title="bbox 1098 2624 1785 2666; baseline 0.003 -11"><span class='ocrx_word' id='word_1_405' title='bbox 1098 2624 1169 2665; x_wconf 54' lang='grc' dir='ltr'><strong>ξω]</strong></span> <span class='ocrx_word' id='word_1_406' title='bbox 1191 2625 1306 2656; x_wconf 90' lang='lat' dir='ltr'><strong>Primo</strong></span> <span class='ocrx_word' id='word_1_407' title='bbox 1332 2625 1466 2666; x_wconf 84' lang='lat' dir='ltr'><strong>quidem</strong></span> <span class='ocrx_word' id='word_1_408' title='bbox 1491 2625 1633 2656; x_wconf 79' lang='lat' dir='ltr'><strong>Graecas</strong></span> <span class='ocrx_word' id='word_1_409' title='bbox 1656 2625 1785 2658; x_wconf 70' lang='lat' dir='ltr'><strong>fabula·</strong></span> 
     </span>
     <span class='ocr_line' id='line_1_74' title="bbox 1098 2674 1783 2705; baseline 0 -1"><span class='ocrx_word' id='word_1_410' title='bbox 1098 2679 1134 2705; x_wconf 85' lang='lat' dir='ltr'><strong>et</strong></span> <span class='ocrx_word' id='word_1_411' title='bbox 1149 2675 1305 2705; x_wconf 83' lang='lat' dir='ltr'><strong>historias</strong></span> <span class='ocrx_word' id='word_1_412' title='bbox 1315 2674 1348 2704; x_wconf 91' lang='lat' dir='ltr'><strong>in</strong></span> <span class='ocrx_word' id='word_1_413' title='bbox 1361 2674 1500 2705; x_wconf 81' lang='lat' dir='ltr'><strong>Latinos</strong></span> <span class='ocrx_word' id='word_1_414' title='bbox 1513 2683 1628 2705; x_wconf 85' lang='lat' dir='ltr'><strong>versus</strong></span> <span class='ocrx_word' id='word_1_415' title='bbox 1639 2678 1783 2705; x_wconf 84' lang='lat' dir='ltr'><strong>transta-</strong></span> 
     </span>
     <span class='ocr_line' id='line_1_75' title="bbox 1099 2721 1782 2762; baseline -0.003 -8"><span class='ocrx_word' id='word_1_416' title='bbox 1099 2723 1224 2758; x_wconf 85' lang='lat' dir='ltr'><strong>lerunt,</strong></span> <span class='ocrx_word' id='word_1_417' title='bbox 1246 2730 1284 2754; x_wconf 83' lang='lat' dir='ltr'><strong>ut</strong></span> <span class='ocrx_word' id='word_1_418' title='bbox 1306 2727 1358 2754; x_wconf 90' lang='lat' dir='ltr'><strong>est</strong></span> <span class='ocrx_word' id='word_1_419' title='bbox 1379 2723 1413 2753; x_wconf 88' lang='lat' dir='ltr'><strong>in</strong></span> <span class='ocrx_word' id='word_1_420' title='bbox 1440 2722 1548 2762; x_wconf 84' lang='lat' dir='ltr'><strong>Epist.</strong></span> <span class='ocrx_word' id='word_1_421' title='bbox 1568 2731 1643 2753; x_wconf 86' lang='lat' dir='ltr'><strong>mox</strong></span> <span class='ocrx_word' id='word_1_422' title='bbox 1657 2721 1717 2752; x_wconf 82' lang='lat' dir='ltr'><strong>cit.</strong></span> <span class='ocrx_word' id='word_1_423' title='bbox 1733 2730 1782 2753; x_wconf 82' lang='lat' dir='ltr'><strong>vs.</strong></span> 
     </span>
     <span class='ocr_line' id='line_1_76' title="bbox 1100 2771 1783 2814; baseline -0.004 -9"><span class='ocrx_word' id='word_1_424' title='bbox 1100 2776 1172 2805; x_wconf 73' lang='lat'>161.</span> <span class='ocrx_word' id='word_1_425' title='bbox 1203 2778 1239 2804; x_wconf 83' lang='lat' dir='ltr'><strong>at</strong></span> <span class='ocrx_word' id='word_1_426' title='bbox 1262 2779 1378 2814; x_wconf 84' lang='lat' dir='ltr'><strong>postea</strong></span> <span class='ocrx_word' id='word_1_427' title='bbox 1404 2777 1510 2803; x_wconf 81' lang='lat' dir='ltr'><strong>marte</strong></span> <span class='ocrx_word' id='word_1_428' title='bbox 1532 2771 1667 2811; x_wconf 84' lang='lat' dir='ltr'><strong>proprio</strong></span> <span class='ocrx_word' id='word_1_429' title='bbox 1684 2780 1783 2811; x_wconf 83' lang='lat' dir='ltr'><strong>argu·</strong></span> 
     </span>
    </p>
   </div>
  </div>
 </body>
</html>
