1904 3216
484 310 694 342 nonnil
727 309 1007 343 suasionum
1043 311 1136 343 ωιι.
1170 310 1223 342 ιι.
1252 301 1292 342 3.

153 414 210 447 ep.
225 404 341 438 Lanib.
354 404 526 446 susm-on]

197 457 240 488 42
257 454 316 487 Nil
327 454 414 487 verbi
427 454 556 496 adriam]
573 453 667 487 Niiiii
685 458 853 496 praeterea

152 506 284 549 loquar.
331 505 488 547 Fortiter]
512 505 605 538 Forti
620 504 743 537 animo.

195 558 239 590 4⁸
263 556 365 593 Qum
388 554 486 596 mia]
509 553 673 587 Definitio
698 553 852 587 insanin.

157 604 390 648 Quamcunque]
414 605 471 637 Sle
493 604 600 637 nostri
622 612 757 646 quoque
783 614 853 637 me·

154 656 255 690 liores
267 655 426 689 codices:
450 659 530 687 ante
545 663 741 696 quecumque
762 654 854 696 iege-

155 706 266 746 batur.
296 710 336 739 et
363 705 502 747 egregie
529 713 622 738 mors
646 704 856 746 Stoicorum,

155 756 213 798 qui
229 755 349 790 summi
373 753 553 788 Dialectici
575 758 686 791 erant.
703 764 722 786 ι
737 754 857 787 defiui-

154 806 249 839 tione
265 805 397 840 initium
410 803 514 838 feeit:
535 804 638 845 paulo
652 808 784 836 tantum
797 805 855 836 ob·

154 854 287 888 sourius
301 863 375 887 rem
391 857 531 893 tuerat,
545 857 554 872 ⁸
566 852 693 886 furoris
705 853 768 886 ’.et
781 854 791 872 ⁴
807 854 856 886 ln-

154 905 282 942 ssnln’
318 903 485 938 voeabula
526 914 594 937 non
632 903 856 946 distinguens.

153 954 264 990 Furor
285 954 375 988 enim
400 954 601 997 pierumque
624 964 668 986 ex
691 961 767 987 atra
790 954 858 987 bile

153 1004 274 1039 existit
295 1009 333 1037 et
355 1004 390 1036 in
413 1003 607 1045 sapientem
631 1004 756 1036 cadere
779 1014 859 1047 pos-

155 1059 232 1088 sets
257 1058 295 1087 at
321 1062 403 1086 vero
428 1052 609 1094 ‘in-ania:
637 1063 714 1096 qun
734 1055 860 1096 juncta

154 1103 313 1137 stultitia
329 1106 396 1144 est,
417 1102 520 1135 animi
543 1102 618 1136 scil.
639 1104 771 1145 vitium,
786 1105 858 1137 sive

157 1153 339 1195 egritudo,
366 1153 548 1195 sapientias
587 1154 762 1186 contraria
791 1158 858 1187 est.

158 1201 305 1237 Tor-rent.

197 1254 241 1286 ⁴⁴
258 1251 422 1294 Porticus]
433 1252 558 1286 Schola
569 1252 690 1286 Stoici.
720 1253 815 1295 [Vat-
826 1256 858 1287 4.

154 1305 184 1335 ee
206 1302 373 1345 porticam]

198 1354 240 1385 ⁴6
263 1351 436 1393 Autumni]
453 1351 612 1384 Insanum
631 1356 742 1395 putat.
783 1353 859 1384 Hoec

155 1410 285 1444 magnos
295 1402 437 1441 formula
463 1403 569 1445 reges]
600 1403 750 1435 Formula
780 1412 858 1444 pro-

156 1452 231 1494 prie
251 1452 340 1494 jiiris
365 1452 569 1485 vocabulum
593 1458 668 1485 est:
694 1453 704 1470 ⁴
719 1454 859 1486 Formii-

156 1500 226 1535 lss'
250 1502 339 1535 enim
362 1503 530 1536 vocabant
551 1504 633 1538 JCti
657 1504 859 1546 propositio-

156 1560 216 1583 nes
228 1552 392 1594 quasdam
409 1553 512 1585 certis
527 1563 566 1586 nc
578 1554 772 1586 solennibus
786 1564 858 1587 ver-

157 1602 209 1636 bis
224 1609 420 1646 conceptas,
435 1614 477 1637 ne
493 1605 567 1647 quis
589 1605 622 1637 in
647 1606 860 1638 instituenda

156 1653 290 1687 actione
316 1655 368 1687 vel
399 1655 564 1697 petitione
588 1656 700 1698 aliqua
722 1656 859 1689 aberra-

158 1707 226 1744 ret,
257 1713 341 1746 quas
370 1706 466 1746 sequi
494 1715 610 1737 omnes
642 1705 860 1738 tenebantur.

158 1754 260 1785 Suum
279 1762 363 1794 ergo
386 1753 440 1784 hic
463 1754 567 1786 etiam
589 1754 739 1790 Stoicus,
755 1754 863 1787 instar

159 1801 338 1838 Pretoris.
352 1800 529 1834 formulam
547 1803 721 1844 proponit,
737 1813 781 1835 ex
796 1814 863 1845 qua

160 1851 215 1883 vei
241 1861 338 1893 reges
361 1852 424 1892 ipsi
447 1858 636 1893 agnoscant
650 1862 686 1884 se
704 1854 863 1885 insanire.

163 1901 308 1934 Terreni.
355 1902 516 1943 Famula]
540 1902 626 1935 Hoeo
642 1901 808 1935 definitio.

204 1954 248 1984 4⁰
274 1951 367 1983 Num:
381 1951 499 1993 accipe]
522 1952 611 1984 Hoee
627 1952 758 1994 antiqui
773 1962 862 1984 com-

161 2004 371 2033 mentatores
399 2001 566 2034 Stertinio
594 2002 768 2035 tribuunt:
803 2003 863 2036 sed

163 2060 283 2092 parum
300 2050 419 2093 refert,
435 2057 594 2084 utrumne
610 2062 628 2084 a
640 2051 807 2085 Stertinio
820 2052 863 2085 ad

163 2100 423 2143 Damasippum,
452 2111 493 2133 an
518 2112 537 2134 a
564 2102 775 2144 Damasippo
800 2103 864 2135 sub

164 2151 312 2191 persona
337 2151 492 2183 Stertinii
514 2151 556 2183 ad
580 2152 763 2184 Horatium
786 2162 863 2194 pro·

162 2199 328 2233 ferantur.
390 2202 480 2234 Illud
510 2207 605 2234 certe
634 2204 723 2245 quod
754 2204 865 2246 sequi-

163 2254 240 2282 tur:
275 2251 286 2269 ‘
309 2250 377 2284 Qui
408 2250 468 2283 tibi
498 2261 619 2284 nornen
650 2252 776 2285 Inssno
805 2263 865 2295 po-

164 2299 287 2342 suere,’
310 2310 376 2333 non
396 2301 446 2333 ita
469 2301 503 2334 in
526 2301 770 2344 Damasippum
785 2313 866 2345 qua-

165 2349 256 2391 drat,
282 2350 336 2382 cui
363 2361 383 2382 a
402 2350 577 2382 Mercurio
599 2360 787 2391 cognomen
807 2352 866 2383 ad-

165 2399 338 2433 haerebat:
364 2408 564 2441 quamquam
580 2399 590 2417 ‘
602 2399 710 2431 insani
722 2399 731 2412 ¹
743 2409 867 2433 nornen

166 2459 234 2482 non
259 2449 302 2481 de
327 2453 496 2490 perpetuo
525 2449 637 2490 aliquo
665 2450 867 2490 cognomine

166 2499 222 2531 iiio
232 2500 362 2532 dictum
374 2499 519 2540 accipio,
528 2499 629 2540 quale
640 2499 869 2542 Mercurialis,

153 2549 228 2581 'sed
259 2549 489 2591 appellatione
524 2548 668 2590 qiiadam
703 2548 792 2582 forte
824 2559 867 2582 ex

164 2599 282 2641 jurgio
310 2605 398 2636 orta,
423 2604 461 2631 ut
485 2600 550 2632 hoc
580 2600 654 2641 ipso
683 2599 867 2634 Sermone:

170 2649 180 2667 ‘
199 2649 333 2682 Dixerit
360 2650 512 2681 insanum
541 2649 598 2691 qui
629 2658 694 2685 me,
729 2650 869 2682 totidem

170 2698 309 2731 audiet!
337 2700 478 2731 Torrent-
522 2699 618 2739 [Vnt.
637 2701 666 2729 1.
689 2707 748 2738 qua
768 2709 802 2730 re
816 2699 866 2731 di-

172 2747 295 2788 visim.]

213 2801 254 2829 4⁷
284 2798 454 2839 Deripiunt
483 2798 600 2839 omne-v]
632 2800 745 2833 Quare
772 2801 866 2832 stulti

171 2847 251 2880 sint.

257 2900 370 2942 Daph.
382 2905 412 2933 et
434 2901 508 2934 Vm.
525 2903 613 2935 Clas.

839 2903 958 2936 florui.

1495 302 1514 343 1
1522 303 1608 345 697

949 408 992 438 48
1018 405 1169 447 I'osuers]
1189 406 1400 448 Imposuere.
1441 406 1531 439 Velut
1546 410 1608 449 sy!-

906 456 968 496 vis]
991 456 1286 489 Quemadmodum
1299 456 1333 489 iu
1347 457 1460 499 sylvis.

900 540 902 542 v
948 507 991 537 40
1018 506 1182 548 palantes]
1214 506 1398 548 vagantes.
1455 507 1548 540 certo
1572 509 1610 539 de

906 555 1034 587 tramite
1054 556 1160 597 pellit]
1193 555 1223 588 A
1254 556 1310 588 via
1340 561 1434 589 recte
1456 555 1610 590 abducit.

908 604 1009 645 [Vat.
1026 605 1122 638 Rom.
1138 608 1171 638 9.
1193 607 1231 638 de
1245 610 1329 638 certo
1343 606 1498 648 tramite-J

951 658 994 686 60
1021 655 1110 687 Unus
1130 656 1268 698 utrique]
1288 657 1372 689 Tres
1395 657 1474 689 libri
1500 661 1612 689 vetus-

911 703 1035 736 tissimi
1063 715 1144 738 unua
1168 706 1322 747 uirisque,
1357 707 1454 739 et'in
1482 707 1614 748 optimo

911 752 1064 785 additum
1103 755 1183 787 ‘vel
1213 756 1360 796 uerique!
1418 756 1532 798 Atque
1564 757 1614 790 ita

909 802 1108 845 Philosophi
1136 804 1245 844 aiunt,
1275 805 1455 838 veritatem
1486 806 1614 847 simpli-

910 862 984 887 cem
999 862 1073 886 esse
1097 863 1137 886 ec
1161 858 1293 886 certam
1316 859 1460 894 netura;
1481 863 1614 887 errores

910 904 1035 944 varios,
1065 904 1288 946 multiplices,
1317 908 1421 947 atque
1450 903 1616 937 infinitos.

914 953 1058 986 Tor-rent.

953 1006 992 1035 ol
1020 1004 1137 1047 Error]
1163 1005 1259 1037 Unus
1282 1009 1334 1037 est
1358 1014 1455 1037 error
1471 1006 1616 1048 utrique.

910 1052 975 1086 Sed
984 1054 1084 1085 variis
1092 1054 1197 1087 illudit
1204 1054 1362 1095 partibus]
1374 1054 1440 1087 sed
1450 1064 1546 1087 error
1557 1055 1615 1088 ille

912 1104 1010 1144 quasi
1035 1103 1243 1136 ludibundus
1267 1105 1301 1136 in
1332 1105 1433 1137 variis
1457 1110 1616 1141 versatur

913 1153 1133 1194 partibus‚ut
1155 1159 1239 1196 puta
1252 1154 1376 1187 dextra
1393 1160 1429 1187 et
1441 1155 1594 1188 sinistra.

958 1204 1018 1245 [52
1043 1204 1122 1236 Vat.
1138 1203 1239 1237 Rom.
1256 1208 1288 1237 l.
1310 1205 1390 1237 nihii
1404 1205 1466 1246 aa]

956 1257 998 1286 ⁶³
1023 1253 1163 1286 caudam
1179 1254 1301 1296 trahat]
1330 1255 1406 1287 Hoc
1426 1260 1492 1296 est,
1514 1255 1620 1288 sibilis

914 1307 948 1334 et
975 1303 1044 1335 risu
1071 1304 1194 1345 dignus
1217 1305 1275 1345 sit,
1302 1308 1340 1337 ut
1362 1315 1405 1337 ex
1425 1305 1618 1347 Popliyrio-

914 1353 966 1384 nis
982 1354 1156 1386 sententia
1172 1354 1420 1396 interpretatur
1437 1356 1619 1388 Lambinus

915 1408 1027 1435 sumto
1055 1414 1074 1435 a
1098 1413 1280 1445 puerorum
1303 1414 1398 1438 more
1423 1406 1619 1446 proverbio,

915 1452 972 1493 qui
999 1462 1131 1493 eorum,
1156 1463 1242 1495 quos
1267 1454 1393 1486 derisui
1422 1464 1498 1486 esso
1528 1456 1619 1487 vole-

915 1502 1012 1539 bant,
1041 1507 1138 1544 tergo
1164 1504 1282 1536 caridus
1309 1504 1416 1537 instar
1445 1514 1619 1546 apponere

913 1552 1070 1585 solebant
1095 1553 1235 1595 aliquid,
1257 1563 1324 1595 quo
1351 1554 1453 1586 veluti
1470 1554 1620 1595 pecudes

913 1602 1133 1635 haberentur.
1169 1602 1278 1636 Addit
1289 1604 1439 1636 Turnebi
1454 1603 1621 1646 iuterpre-

915 1653 1080 1685 tationem
1098 1653 1163 1685 sibi
1178 1654 1287 1685 minus
1305 1655 1456 1695 placere.
1489 1655 1621 1686 Turne-

916 1702 978 1734 bus
1007 1702 1096 1733 enim
1127 1711 1178 1734 rx.
1207 1706 1240 1734 6.
1265 1705 1274 1720 ‘
1291 1703 1434 1734 caudam
1462 1704 1622 1735 traliere’

917 1751 1090 1792 exposuit,
1113 1760 1175 1792 pro
1202 1751 1381 1792 magnifiee
1405 1752 1621 1794 superboque

918 1801 1093 1840 incedere,
1124 1804 1160 1831 ut
1190 1800 1223 1831 iii
1255 1801 1313 1842 qui
1345 1802 1445 1842 longo
1471 1808 1621 1843 syn-mate

918 1855 1045 1882 terrain
1062 1856 1221 1890 verrunt3
1246 1855 1393 1883 tractum
1411 1851 1556 1884 fortasse
1579 1854 1622 1885 ab

917 1900 1050 1940 avibus,
1082 1906 1120 1933 ut
1144 1902 1241 1943 galiis
1267 1910 1307 1934 ac
1336 1902 1537 1942 pavonibus,
1564 1904 1621 1944 qui

918 1961 980 1983 sua
1010 1951 1217 1983 insolescunt
1251 1951 1374 1991 cauda,
1403 1962 1443 1984 ac
1480 1952 1622 1986 mirifice

918 2000 982 2033 sibi
998 2000 1147 2042 placent.
1195 2002 1272 2034 Nee
1291 2002 1400 2035 silebo
1414 2003 1504 2044 quod
1528 2004 1622 2046 iguo-

919 2055 973 2084 tus
1001 2052 1082 2085 mibi
1105 2052 1313 2084 Sclioliastes
1334 2053 1480 2094 quodam
1508 2054 1541 2085 in
1566 2064 1624 2086 co-

919 2102 995 2135 dice
1012 2102 1209 2144 adscripsit,
1229 2103 1239 2120 ‘
1258 2103 1409 2135 Caodam
1427 2104 1558 2145 pariter
1573 2105 1625 2137 di-

919 2158 1044 2186 cuntur
1060 2154 1195 2186 trahere
1212 2157 1248 2184 et
1265 2153 1351 2185 ebrii
1367 2158 1403 2185 et
1419 2154 1528 2187 insani
1547 2164 1625 2195 pro-

919 2202 1035 2234 verbio
1053 2200 1158 2235 trito.'
1172 2202 1314 2235 Torreat.
1347 2203 1487 2235 Coudam
1502 2204 1624 2245 trahat]

917 2252 1014 2285 Sicut
1029 2251 1172 2284 stolidus
1189 2256 1225 2284 et
1242 2252 1379 2293 stultus,
1401 2253 1501 2294 ouJus
1526 2261 1624 2295 tergo

918 2302 1027 2335 cauda
1050 2302 1230 2334 animantis
1257 2312 1319 2343 per
1343 2302 1547 2337 derisionem
1565 2315 1624 2347 ap-

921 2351 1102 2393 pendatur.
1171 2352 1279 2383 Gemu
1317 2363 1413 2384 unum
1449 2353 1623 2396 Stultitia]

920 2400 1014 2432 Hinc
1043 2404 1199 2441 apparet,
1229 2400 1319 2441 quod
1351 2405 1431 2434 ante
1462 2403 1624 2444 diximus,

921 2450 1084 2483 confundi
1113 2451 1156 2482 ab
1186 2450 1333 2483 Horatio
1356 2453 1560 2485 ‘stultitiae’
1589 2460 1626 2488 et

921 2502 930 2520 ‘
950 2500 1073 2533 furoris
1087 2500 1095 2514 ’
1118 2500 1293 2533 vocabula.
1339 2501 1426 2534 Nam
1444 2502 1567 2540 furere.
1583 2515 1626 2538 eo

923 2552 1022 2583 modo
1038 2560 1104 2592 quo
1119 2550 1172 2582 liic
1188 2550 1325 2591 dicitur,
1339 2561 1381 2583 ex
1405 2554 1558 2594 corporis
1576 2555 1627 2587 in-

926 2600 1092 2642 temperie
1108 2600 1212 2632 etiam
1229 2600 1364 2641 sapiens
1382 2606 1495 2642 potest
1510 2614 1517 2633 :
1542 2605 1626 2636 stul-

925 2657 979 2683 tus
996 2660 1071 2683 esse
1086 2651 1178 2682 nullo
1195 2650 1293 2682 modo
1310 2655 1438 2691 potest.
1465 2653 1606 2687 Tor-rene.

964 2704 1005 2733 64
1024 2700 1183 2742 Niliacum]
1204 2699 1243 2732 In
1260 2700 1383 2742 quibus
1400 2701 1480 2734 nibil
1497 2709 1551 2737 est
1567 2714 1625 2745 pe-

922 2751 1030 2784 riculi.

965 2805 1005 2832 55
1033 2801 1071 2831 In
1085 2798 1205 2840 campo]
1228 2799 1267 2831 In
1285 2800 1435 2840 planitie.

967 2854 1008 2882 56
1034 2850 1119 2883 Huic
1136 2850 1270 2891 varium]
1294 2850 1384 2883 Huic
1406 2852 1622 2884 contrarium.

1464 2909 1481 2936 5
1510 2905 1536 2936 Ρ
