1904 3216
498 303 704 335 nourrii
738 302 1014 334 salmonum
1046 302 1141 334 mu.
1173 303 1227 333 ιι.
1253 291 1294 333 2.

159 398 288 439 Duplici
299 396 383 440 ficu]
404 397 414 416 ‘
429 397 566 438 Duplex
578 396 586 410 ’
602 395 771 431 interdum
786 402 852 426 nou

159 447 194 479 id
209 447 298 488 qnod
320 447 538 488 geminatum,
556 444 690 486 quodve
709 443 852 475 duorum

158 504 320 536 generum
349 500 413 531 est,
442 494 631 536 siguificat:
670 492 730 524 sed
762 492 852 534 quod

158 554 329 586 magnum,
350 544 492 585 perinde
515 553 554 575 ac
569 544 598 574 si
619 543 762 574 alterum
779 547 852 574 tan-

159 599 231 625 tum
247 594 373 625 dixeris
388 605 402 632 z,
421 593 471 624 sic
484 593 571 624 enim
587 591 680 630 Virg.
710 595 718 609 ‘
731 591 853 632 Dupli-

159 642 190 674 ci
204 641 354 675 dentalia
369 641 493 674 dorso.’
535 642 592 680 Et,
605 642 616 658 ‘
631 641 768 681 Duplex
784 641 852 682 agi-

158 696 216 723 tur
244 700 307 733 per
343 691 472 724 lumbos
500 689 617 732 spina!
661 689 776 732 Atque
804 690 853 722 ita

155 743 167 759 ⁶
180 740 349 782 duplicem
370 740 469 772 ficum
482 739 492 754 ’
514 741 568 771 liic
590 739 659 771 dici
680 740 853 772 existimat

156 789 334 822 Turnebus
351 798 436 822 xm.
449 791 480 820 1.
490 799 563 831 quae
578 789 687 829 major
702 788 852 820 uberior-

157 847 224 880 que
251 843 288 870 et
313 838 430 870 formae
453 838 623 879 amplioris
647 838 716 870 sit:
750 847 851 879 quam

156 890 167 907 ⁸
182 886 373 920 mariscam’
384 897 516 930 quoque
531 888 762 928 appellamus3
777 886 851 917 aliis

156 937 292 978 quidem
315 937 478 968 viliorem.
523 936 625 968 Unde
641 937 746 968 Mart.
771 936 851 968 ‘Iu-

155 986 242 1019 fanti
255 988 435 1019 melimella
448 987 530 1019 dato
542 986 722 1028 fatuasque
737 987 853 1018 maris-

157 1036 241 1068 εει)
281 1036 349 1068 Sed
363 1035 471 1068 Ofelli
484 1037 603 1068 rustici
615 1036 762 1068 bellariis
773 1045 850 1069 con-

157 1085 364 1118 venientem.
408 1086 530 1127 Neque
558 1095 622 1127 ego
657 1086 792 1127 quidem
818 1087 853 1118 id

158 1135 367 1175 negaverim,
379 1144 453 1167 cum
475 1135 615 1167 Servius
638 1137 740 1168 etiam
757 1136 853 1173 illud,

155 1186 165 1201 ⁴
177 1184 346 1226 duplicem
357 1186 496 1226 gemmis
509 1195 657 1228 auroque
671 1187 854 1226 coronam‚'

157 1233 206 1265 ita
217 1234 465 1275 interpretarus
478 1236 520 1266 sit
533 1246 542 1267 ε
559 1241 596 1268 et
611 1240 620 1254 ¹
632 1236 738 1277 figere
749 1237 854 1269 clavis

159 1283 377 1325 duplicibus:
392 1295 453 1326 pro
469 1286 612 1326 magnis,
625 1287 755 1318 dixerit
768 1288 854 1319 Cato

157 1333 203 1364 de
231 1334 282 1365 Re
306 1334 447 1366 Rustica
470 1345 547 1376 cap.
572 1339 626 1368 20.
649 1337 710 1368 sed
741 1342 853 1368 tamen

156 1391 223 1414 non
241 1388 308 1414 tam
333 1384 556 1425 inelegantem
578 1385 682 1417 fuisse
703 1386 853 1418 Ofellum

157 1431 329 1472 existimo,
344 1438 393 1473 ut,
409 1434 442 1464 in
459 1438 556 1466 tanta
571 1435 646 1476 ejus
661 1437 767 1477 pomi,
783 1436 853 1467 ruri

158 1484 362 1522 praesertim.
370 1483 483 1524 copia,
494 1484 646 1515 convivis
657 1485 724 1516 suis
737 1485 853 1516 maris·

155 1539 212 1561 cas
229 1531 316 1562 solas
331 1532 538 1572 apposuerit.
583 1533 699 1565 Quare
717 1535 727 1551 ‘
741 1533 851 1574 dupli-

154 1587 228 1610 eem
260 1579 362 1611 ficum
374 1580 384 1594 '
413 1590 587 1621 exponere
621 1582 747 1623 malim,
773 1593 849 1624 quae

154 1627 295 1660 duorum
311 1638 474 1670 generum
484 1630 540 1670 sit,
556 1640 693 1672 praecox
710 1637 745 1664 et
760 1642 851 1666 sero-

155 1678 238 1718 tina,
252 1678 330 1710 alba
352 1679 434 1711 item
449 1685 486 1712 et
506 1680 618 1722 nigra,
633 1686 779 1723 utraque
795 1683 852 1723 ju-

154 1729 350 1760 cundissimi
365 1730 494 1770 saporis
508 1741 518 1768 ;
541 1740 680 1771 quarum
697 1732 787 1762 illam
803 1731 852 1762 fe-

154 1778 277 1810 licibus
291 1778 470 1811 arboribus
483 1785 685 1811 annumerat
699 1781 852 1822 Macrob-

156 1835 214 1859 ιη.
230 1830 284 1860 20.
329 1827 397 1860 Sed
414 1834 450 1860 et
462 1829 472 1845 ‘
486 1828 656 1868 duplicem
668 1829 678 1843 '
693 1839 754 1870 pro
770 1829 853 1862 bife-

157 1886 196 1909 ra
210 1877 433 1918 interpretari
449 1887 634 1918 possumus.
651 1884 688 1911 ut
703 1880 736 1911 iu
752 1880 853 1912 Colu-

157 1928 266 1960 mellae
283 1928 438 1960 hortulo:
463 1933 471 1946 ‘
483 1928 568 1960 Tum
592 1939 728 1970 praecox
744 1930 854 1962 bifera

156 1978 336 2010 descendit
357 1978 400 2010 ab
424 1978 545 2010 arbore
570 1979 681 2012 ficus?
725 1981 853 2015 Quam-

155 2037 256 2070 quam
270 2029 281 2046 ⁶
294 2027 402 2060 bifera
417 2028 500 2060 ficus
513 2029 522 2042 ’
537 2034 706 2071 tamquam
721 2036 852 2063 certum

154 2078 289 2120 aliquod
301 2087 407 2119 genus
422 2088 442 2110 a
452 2078 629 2111 Macrobio
641 2087 850 2114 recensetur.

159 2127 301 2160 Torreat.

200 2180 260 2209 12³
283 2178 363 2209 Post
377 2178 434 2209 hoc
446 2179 536 2209 ludus
548 2178 632 2219 erae]
663 2180 850 2221 Postquam

154 2235 214 2258 nos
228 2226 306 2258 cibo
320 2231 356 2257 et
373 2231 455 2267 potu
472 2228 750 2267 explevissemus.
777 2229 852 2260 Cul-

150 2278 318 2316 papatem
338 2276 506 2317 magistra]
540 2277 694 2309 Lambini
715 2279 850 2320 conjec-

155 2330 234 2357 tura
255 2335 334 2365 cupa
352 2329 472 2365 potare,
493 2335 560 2366 qua
582 2331 764 2366 tantopere
787 2328 851 2358 sibi

154 2374 301 2416 plaudit,
316 2374 438 2405 nullius
453 2383 565 2415 neque
576 2375 730 2415 impressi
741 2385 850 2418 neque

155 2424 287 2455 calamo
323 2423 454 2454 exarati
495 2419 621 2456 codicis
657 2426 850 2458 testimonio

155 2473 248 2512 nixa,
259 2481 386 2504 merum
397 2473 560 2504 somnium
570 2479 623 2505 est
638 2484 646 2505 ς
662 2476 751 2514 culpa
762 2478 851 2508 enim

156 2522 276 2562 legunt
289 2531 415 2553 omnes.
446 2522 455 2539 ‘
468 2521 595 2563 cupam
609 2523 618 2536 ’
630 2523 780 2565 quidem,
793 2535 853 2558 seu

157 2571 167 2588 ⁴
179 2579 325 2612 cuppam
340 2570 348 2583 ’
371 2571 491 2610 mavis,
506 2571 574 2603 scio
592 2582 648 2604 vas
669 2583 742 2605 esse
759 2575 850 2607 vina-

156 2620 263 2658 rium3
286 2620 346 2651 sed
362 2621 450 2661 quod
462 2629 559 2661 cupae
575 2622 803 2663 magisterium
815 2625 850 2656 in

156 2669 310 2700 convivio
326 2668 404 2709 fingi
426 2670 533 2709 possit
548 2670 707 2710 equidem
722 2671 850 2714 ignoro,

158 2724 195 2750 et
217 2728 314 2759 cupae
339 2719 469 2759 majora
495 2724 571 2750 sunt
591 2730 682 2757 vasa,
698 2731 796 2762 quam
815 2728 852 2755 ut

159 2773 228 2800 tam
235 2766 333 2800 facile
345 2768 597 2809 eahauriautur.
619 2770 772 2805 Turneb.
783 2781 850 2804 vn.

115 2823 123 2827 ’
156 2820 188 2848 9,
218 2821 390 2859 receptam
421 2817 601 2850 lectionem
630 2829 777 2859 servans,
806 2823 849 2854 ad

1485 293 1595 336 1691

902 394 974 426 ludi
987 403 1093 436 genus
1109 393 1239 426 referre
1253 393 1386 432 maluit,
1401 401 1478 424 cum
1495 394 1523 425 is
1537 396 1597 436 qui

902 443 1064 475 adversus
1089 442 1237 475 convivii
1257 443 1351 483 leges
1366 442 1399 474 in
1424 451 1461 474 re
1483 443 1597 485 aliqua

902 497 1091 533 peccasset,
1106 492 1263 533 cyathum
1278 491 1323 525 ob
1332 491 1463 532 culpam
1473 492 1597 524 educe-

902 551 938 572 re
958 542 1161 582 juberetur:
1196 542 1270 582 ipsa
1295 542 1384 573 enim
1410 542 1512 582 eulpa
1531 542 1597 574 hoc

902 592 1008 623 veluti
1024 591 1184 632 imperat,
1205 601 1272 632 qua
1293 590 1471 622 commissa
1486 600 1596 631 poenae

901 641 1165 683 obstringimur3
1202 641 1392 682 exemplum
1417 641 1451 672 in
1480 640 1599 672 Plauti

899 691 1038 723 Sticho:
1063 692 1072 708 ‘
1089 691 1155 723 Qui
1172 695 1293 731 peccat
1306 690 1429 730 poculo
1441 689 1600 721 multabi-

901 740 991 771 tur2’
1024 739 1236 780 eandemque
1262 740 1524 779 explicationem
1541 739 1598 780 ju·

901 793 983 820 vaut
1010 789 1084 829 ipsa
1112 788 1235 819 Poetae
1266 788 1384 827 verba,
1412 797 1489 820 cum
1527 789 1599 821 ait:

899 841 909 858 ‘
922 840 1008 871 Post
1030 840 1092 870 lioc
1112 839 1209 870 ludus
1232 837 1332 870 erat.’
1373 838 1481 871 Juvat
1495 839 1599 870 etiam

901 895 1092 921 nostrorum
1106 894 1298 929 temporum
1313 887 1545 926 consuetud03
1561 891 1599 920 et

901 939 992 982 quod
1009 939 1051 971 ab
1066 939 1184 980 ignoto
1200 937 1388 970 Scholiaste
1411 938 1444 969 iu
1462 942 1597 970 vetusto

903 989 1023 1022 codice
1047 988 1256 1028 adscriptum
1283 987 1441 1027 repperi:
1474 987 1598 1027 ‘culpa

902 1039 1075 1079 magistra,
1090 1037 1124 1069 id
1141 1042 1207 1076 est,
1220 1046 1334 1068 errore
1353 1035 1520 1076 docente,’
1535 1037 1599 1068 hoc

902 1089 1040 1120 mulctae
1078 1087 1210 1119 scilicet
1239 1086 1375 1118 nomine
1405 1084 1597 1117 faciendum

903 1148 989 1170 esse.
1021 1137 1088 1170 Sed
1106 1137 1186 1179 quid
1203 1137 1231 1168 si
1247 1142 1283 1168 et
1297 1136 1362 1168 hoc
1377 1135 1477 1168 modo
1493 1136 1599 1168 inter-

904 1192 1091 1229 pretemur,
1107 1191 1144 1218 ut
1163 1187 1206 1218 de
1219 1195 1311 1217 inore
1324 1185 1457 1227 quidem
1471 1196 1490 1217 a
1502 1195 1599 1218 coeut

903 1238 1029 1280 largius
1052 1237 1211 1273 biberint,
1231 1237 1279 1268 sic
1305 1240 1430 1276 tamen,
1455 1241 1494 1268 ut
1514 1237 1599 1268 vita-

904 1292 982 1319 rent
997 1288 1143 1328 culpam,
1158 1297 1226 1328 qua
1241 1287 1346 1318 veluti
1367 1286 1527 1327 magistra
1543 1295 1600 1318 co-

904 1337 1113 1377 iircereutur,
1129 1347 1170 1368 ue
1194 1336 1395 1377 Scytharum
1417 1341 1476 1367 aut
1495 1336 1598 1368 Thra-

903 1398 977 1419 cum
994 1397 1085 1418 more
1102 1387 1282 1419 temulenti
1302 1386 1599 1418 tumultuarentur.

906 1438 1050 1470 Tor-rent.
1082 1437 1191 1477 Cappa
1205 1439 1312 1476 potare
1325 1435 1491 1475 magistra]
1514 1435 1600 1466 Nul-

901 1488 934 1519 lo
947 1488 1012 1519 alio
1027 1486 1165 1518 bibendi
1176 1486 1345 1526 Magistro
1357 1485 1399 1516 ad
1414 1485 1599 1525 potandum

901 1537 1068 1575 adhibito,
1083 1544 1183 1577 quam
1200 1536 1275 1576 ipsa
1289 1544 1416 1575 cuppa,
1430 1533 1463 1564 id
1480 1537 1544 1574 est,
1561 1539 1600 1565 ut

901 1596 962 1618 suo
990 1586 1135 1628 quisque
1174 1584 1342 1616 arbitratu
1378 1583 1525 1624 biberet,
1563 1588 1600 1615 et

899 1641 1065 1678 quantum
1081 1635 1196 1666 vellet.
1239 1633 1336 1674 [Post
1351 1633 1416 1664 hoec
1432 1633 1510 1664 vat.
1526 1632 1577 1673 9.]

946 1687 1007 1716 124
1029 1683 1079 1715 Ac
1093 1682 1255 1722 venerata]
1278 1683 1330 1714 Ac
1345 1686 1466 1722 rogata
1482 1682 1601 1722 Ceres,

903 1738 941 1765 ut
967 1734 1113 1765 culmum
1136 1732 1270 1764 faceret
1292 1741 1459 1772 exurgere
1483 1732 1600 1763 altum.

907 1783 1062 1814 Vener-ata
1080 1782 1186 1820 Ceres,
1200 1784 1235 1812 ut
1252 1781 1350 1812 culmo
1364 1785 1506 1820 surgeret
1520 1782 1600 1823 aleo]

903 1831 958 1863 lta
970 1832 1067 1863 culmo
1078 1834 1220 1870 surgeret
1235 1831 1310 1870 auo,
1323 1830 1449 1862 habent
1471 1831 1601 1873 aliquot

903 1881 1129 1922 exemplaria3
1153 1890 1253 1922 quam
1269 1881 1472 1922 scripturam
1487 1891 1600 1914 veram

903 1937 1008 1972 puto:
1048 1932 1094 1963 ita
1121 1935 1289 1972 surgeret,
1317 1936 1354 1963 ut
1383 1941 1466 1972 pura
1488 1937 1602 1964 mente

903 1982 978 2013 Dea
994 1981 1184 2014 colebatur.
1228 1981 1349 2013 Altera
1372 1987 1484 2013 tamen
1504 1992 1602 2024 aper-

903 2033 969 2064 tior
984 2038 1059 2064 est:
1092 2041 1192 2072 quam
1214 2031 1263 2063 sic
1285 2031 1436 2072 explicat
1453 2032 1601 2064 Turueb.

903 2091 966 2114 vu.
982 2085 1016 2114 9.
1031 2086 1080 2116 ut,
1106 2081 1266 2113 libatione
1279 2081 1396 2113 Cereri
1421 2083 1504 2113 Deae
1529 2082 1600 2113 fru-

901 2141 979 2172 gum
1010 2132 1044 2163 iu
1070 2131 1226 2163 convivio
1255 2131 1311 2162 illo
1340 2132 1467 2163 rustico
1494 2131 1600 2172 facta,

901 2187 972 2212 tum
1000 2181 1133 2212 demum
1157 2181 1285 2220 largius
1306 2190 1379 2211 sese
1404 2181 1602 2221 invitarent,

899 2239 940 2262 ac
949 2230 1026 2261 vino
1033 2230 1252 2262 severitatem
1260 2230 1485 2270 deponerent.
1502 2232 1600 2263 Lam-

901 2279 998 2311 binus
1029 2285 1195 2320 praeterea
1229 2280 1375 2320 plurima
1406 2283 1601 2314 accumulat

899 2330 1066 2370 exempla,
1082 2329 1202 2370 quibus
1218 2329 1229 2346 ‘
1241 2330 1417 2369 venerari:
1435 2331 1526 2363 idem
1542 2340 1600 2363 va·

899 2379 971 2410 lere
988 2379 1077 2419 quod
1095 2378 1226 2418 precari
1242 2378 1403 2411 ostendit.
1434 2380 1502 2411 Hic
1519 2390 1599 2413 vero

900 2432 1034 2459 tautum
1060 2427 1173 2458 obiter
1198 2427 1262 2458 hoc
1293 2427 1521 2460 admonendus
1547 2439 1601 2462 est

902 2477 1043 2515 Lector,
1058 2476 1174 2508 Cereri
1186 2475 1286 2507 libari
1299 2477 1412 2508 vinum
1430 2478 1597 2516 potuisse:

900 2526 1008 2556 mulso
1032 2530 1157 2562 tamen,
1179 2534 1245 2557 non
1262 2526 1338 2557 vino
1360 2526 1448 2558 Deae
1472 2528 1600 2560 sacrifi-

901 2573 972 2606 cari
1000 2575 1121 2613 solere,
1146 2580 1182 2605 ut
1205 2584 1248 2606 ex
1274 2575 1431 2606 Macrob.
1458 2584 1514 2608 111.
1544 2580 1597 2609 11.

902 2628 1058 2662 constat3
1081 2623 1270 2665 eademque
1287 2624 1329 2655 de
1354 2634 1390 2655 re
1411 2625 1548 2657 Servius
1564 2627 1598 2659 in

901 2673 983 2704 illud
1001 2673 1134 2713 Virgilii
1151 2682 1159 2702 :
1187 2673 1197 2690 ‘
1210 2672 1273 2704 Cui
1290 2673 1333 2704 de
1349 2674 1437 2706 lacte
1453 2674 1544 2709 favos
1560 2682 1597 2707 et

900 2723 975 2754 miii
991 2722 1083 2762 dilue
1101 2722 1259 2754 Baccho:
1289 2724 1298 2740 ‘
1311 2723 1446 2755 Venero
1458 2727 1467 2740 ’
1482 2730 1595 2757 autem

900 2782 963 2813 pro
981 2771 990 2789 ‘
1002 2780 1145 2803 veneror
1157 2770 1165 2785 '
1181 2770 1342 2804 dicebaut
1354 2773 1494 2815 antiqui.
1518 2774 1596 2805 Vir-

901 2821 996 2862 gilius
1013 2831 1021 2852 :
1058 2821 1068 2837 ‘
1085 2820 1278 2862 cursusque
1312 2820 1406 2854 dabit
1434 2829 1596 2857 venerata
