1916 3262
661 289 725 320 DE
758 289 889 320 ARTE
922 290 1150 323 Pou'rioA.
1515 284 1629 327 1307

175 382 291 428 Ausi
311 387 526 435 deserere,
544 389 588 427 et
604 383 824 425 celebrate
842 382 1090 425 domestica
1105 383 1253 436 factm

174 453 262 495 Vel
283 455 359 509 qui
379 455 632 508 praetextas,
652 451 725 492 vel
745 451 823 504 qui
844 451 1036 492 docuere
1057 455 1247 505 togatas.

176 520 222 562 N
225 534 278 562 ec
299 522 455 563 virtute
475 520 586 562 foret
604 518 796 560 clarisve
817 518 1039 573 potentius
1061 519 1208 569 armis,

175 586 327 637 Quam
346 587 507 641 lingua,
527 586 722 635 Latium,
744 586 783 626 si
803 598 891 627 non
907 585 1144 628 offenderet
1162 598 1320 627 unum·
1544 588 1631 630 290

177 653 413 708 Quemque
433 653 676 695 Politarum
696 652 816 695 limae
836 648 966 695 lab'or
985 658 1031 695 et
1050 666 1188 695 mora.
1247 652 1364 704 Vos,
1387 654 1427 694 O

176 721 424 774 Pompilius
445 721 640 774 sanguiS,
662 733 839 762 carmen
858 721 1161 775 reprehendite
1184 721 1308 775 quod
1329 734 1418 763 non

178 786 324 829 Multa
342 788 439 829 dies
459 790 503 828 et
521 788 663 829 multa
682 788 814 829 litura
833 787 1048 839 coiircuit,
1070 792 1203 842 atque

176 853 451 896 Praesectum
470 855 623 896 decies
643 868 732 896 non
753 856 989 910 castigavit
1006 856 1064 898 ad
1085 869 1287 910 unguem.

176 920 405 974 Ingenium
424 923 586 964 misera
607 924 714 976 quia
731 923 996 966 fortunatius
1018 928 1110 966 arte
1546 924 1635 967 295

175 988 342 1040 Credit,
363 994 409 1031 et
429 989 630 1031 excludit
648 1002 780 1031 sanos
800 990 1023 1033 Helicone
1042 989 1204 1046 poetas

177 1103 279 1134 lerunt
299 1104 354 1144 qui
376 1104 499 1136 relictis
517 1105 700 1136 Graecorum
713 1107 907 1145 argumentis
926 1110 1018 1147 gesta
1032 1106 1242 1139 Romanorum
1254 1108 1480 1138 decantarunt:
1502 1105 1568 1137 sive
1582 1103 1638 1145 qui

175 1149 381 1184 pratextalas
396 1146 523 1185 fabulas
543 1157 597 1178 seu
617 1148 670 1188 qui
691 1151 816 1188 togatas
837 1150 998 1190 scripsere.
1044 1149 1115 1180 Nec
1135 1149 1253 1180 virtute
1274 1149 1382 1181 bellica
1402 1149 1587 1180 illustriores
1601 1156 1638 1177 ac

175 1188 364 1226 potentiores
377 1199 468 1228 quam
479 1189 636 1227 facundia
659 1194 759 1222 esseni
783 1191 931 1231 Romani,
946 1192 974 1222 si
986 1191 1095 1231 politas
1105 1192 1266 1232 plerosque
1286 1202 1348 1222 non
1363 1194 1496 1222 terreret
1511 1199 1587 1221 cura
1606 1191 1639 1219 et

179 1229 304 1268 longum
317 1233 436 1270 tempus
450 1232 636 1271 expoliendi.
660 1232 706 1264 At
721 1243 787 1272 vos,
803 1244 820 1264 o
836 1234 952 1265 Numae
965 1234 1077 1274 proles,
1091 1234 1272 1273 redarguite
1283 1243 1407 1265 carmen
1421 1234 1476 1264 diu
1488 1236 1519 1264 et
1530 1231 1640 1263 crebra

180 1272 355 1304 recensione
379 1274 461 1304 haud
481 1274 671 1313 castigatum
685 1278 717 1306 et
730 1276 771 1306 ad
785 1277 932 1307 amussim
943 1286 1004 1307 non
1017 1277 1131 1316 saepius
1146 1277 1351 1308 emendatum.
1399 1275 1552 1312 Quoniam
1570 1274 1640 1305 De-

180 1314 330 1346 mocritus
344 1316 506 1347 existimat
521 1316 682 1356 ingenium
696 1318 768 1357 plus
782 1319 884 1350 valere
897 1328 989 1358 quam
1003 1320 1118 1358 artem,
1133 1322 1165 1350 et
1182 1318 1292 1358 poetas
1307 1328 1369 1349 non
1383 1317 1573 1350 insanientes
1586 1324 1640 1348 ar-

776 1411 1018 1424 omouoeoo

178 1475 246 1503 4.-
257 1476 322 1505 289
345 1472 418 1505 Non
443 1474 562 1506 virtute
579 1474 612 1512 s.
633 1475 785 1516 clarisque
806 1475 1038 1508 Schoenborn.
1062 1481 1092 1509 1.
1128 1477 1282 1517 clarisonae
1306 1475 1409 1507 etiam
1432 1475 1513 1507 Vat.
1529 1477 1580 1506 18.
1604 1478 1641 1506 et

178 1515 262 1547 Vnt.
279 1516 377 1547 Rom.
393 1519 424 1549 7.
442 1520 602 1549 10.-292
625 1518 772 1559 Cuniug.
788 1527 831 1549 ex
843 1518 979 1559 ingenio
994 1520 1290 1560 marcullum—294
1307 1519 1503 1550 Praesectum
1520 1518 1640 1549 Lamb.

178 1558 268 1590 Duc.
283 1558 387 1596 Baxt.
401 1563 436 1591 et
452 1560 570 1591 Bentl.
583 1560 791 1592 auctoritate
802 1559 947 1593 duorum
959 1562 1060 1593 codd.
1073 1562 1165 1604 Cruq
1172 1562 1230 1601 uii,
1240 1562 1372 1603 aliquot
1388 1560 1511 1592 Achill.
1524 1560 1642 1599 Statii,

178 1600 277 1631 unius
293 1601 437 1642 Mureti,
453 1606 490 1634 et
505 1602 604 1634 unius
617 1603 697 1634 Vat.
713 1612 769 1644 ap.
786 1603 906 1636 Lamb.
952 1604 1146 1642 Proeseceum
1161 1605 1240 1636 Vat.
1258 1605 1354 1636 Rom.
1366 1606 1399 1635 2.
1447 1604 1641 1635 Praeseetum

179 1642 259 1675 Vat.
275 1642 445 1675 Ottohon.
461 1647 494 1675 2.
539 1645 746 1686 prospectum
769 1645 903 1678 Hener.
948 1646 1133 1686 Profectum
1148 1647 1301 1678 nonnulli
1317 1656 1371 1687 ap.
1388 1645 1512 1679 Jaeck.
1557 1645 1641 1676 Per-

171 1683 294 1722 fectum
319 1686 552 1718 Schoenborn.
576 1690 609 1719 4.
634 1688 732 1720 Harl.
749 1690 780 1720 1.
796 1691 828 1720 2.
845 1691 926 1720 3.4.
941 1692 974 1721 6.
990 1692 1023 1722 7.
1044 1699 1160 1721 omnes
1186 1688 1258 1720 fere
1283 1698 1340 1729 ap.
1364 1688 1483 1726 Feam,
1509 1687 1580 1724 alii,
1605 1690 1643 1718 et

179 1726 257 1759 edd.
273 1732 360 1760 vett.
375 1729 456 1760 item
472 1729 551 1761 edd.
569 1729 662 1769 Feae,
677 1734 714 1761 et
727 1730 851 1763 Bothe.
883 1731 1081 1763 Bentleium
1108 1731 1219 1763 secuti
1243 1736 1323 1771 suut
1345 1730 1435 1770 Traj.
1460 1729 1501 1759 ad
1528 1729 1642 1760 Rhen.

182 1771 280 1801 1713.
303 1770 449 1810 Cnning.
464 1770 592 1802 Sauad.
613 1772 764 1803 Mervill.
781 1772 871 1804 Phil.
890 1773 1026 1804 Valart.
1047 1773 1204 1805 Oberlin.
1226 1773 1346 1805 Comb.
1369 1770 1507 1803 Wakef.
1530 1770 1645 1802 Wetz.

181 1810 290 1843 Zeun.
305 1812 411 1844 Kidd.
425 1813 574 1848 Schelle,
591 1813 738 1854 nedoni,
753 1814 894 1855 Bipont.
906 1814 929 1847 J
933 1815 1033 1852 aeck,
1058 1820 1095 1847 et
1120 1815 1386 1856 Doering.—296
1410 1812 1643 1846 Schoenborn.

833 1910 979 1944 NOTAE

182 1987 298 2015 menta
313 1993 356 2015 ex
371 1985 522 2016 historiis
545 1985 774 2017 Romanorum
795 1990 884 2018 trac·
941 1987 1038 2029 piget
1049 2009 1058 2020 .
1071 2010 1079 2019 .
1095 2010 1104 2019 .
1118 1986 1310 2027 corrigere,
1326 1988 1362 2016 et
1377 1984 1470 2025 longi
1484 1983 1577 2016 ferre
1595 1984 1645 2016 la·

182 2040 302 2068 tarunt
337 2037 567 2075 laudabiliter,
602 2038 746 2076 Ennius,
772 2039 885 2072 Pacu·
941 2037 1032 2069 boris
1048 2046 1144 2069 onus.
1168 2035 1350 2076 corrigere
1361 2039 1398 2066 at
1411 2043 1465 2065 res
1481 2039 1535 2065 est
1547 2039 1646 2065 tanto

184 2085 272 2125 vius,
291 2086 426 2126 Actius,
441 2089 506 2120 &c.
938 2087 1047 2128 magis
1063 2086 1180 2126 ardua,
1194 2090 1320 2127 quanto
1333 2084 1481 2124 Magnus
1495 2082 1646 2115 Aristar-

224 2139 291 2168 288
303 2137 502 2177 Praetextas]
516 2138 652 2170 Latinas
663 2137 795 2170 fabulas
807 2149 886 2180 gra·
938 2138 1002 2170 cho
1017 2137 1125 2178 major
1141 2135 1311 2167 Homerus
1327 2133 1430 2165 erat!

183 2186 307 2228 viores,
318 2187 375 2219 ubi
394 2188 595 2228 praetextati
611 2193 646 2220 et
662 2189 794 2220 nobiles
807 2199 886 2230 per-
981 2189 1046 2219 292
1060 2186 1235 2227 Pompilius
1248 2185 1395 2226 sanguis]
1419 2184 1563 2216 Pisones
1575 2188 1646 2216 tra-

183 2246 274 2270 sonae
289 2238 400 2270 locum
415 2238 560 2270 habent:
585 2249 661 2281 quae
676 2239 888 2281 respondent
937 2236 1060 2268 hentes
1073 2236 1238 2276 originem
1255 2245 1275 2267 8
1287 2235 1403 2266 Numa
1414 2234 1598 2275 Pompilio,
1609 2239 1646 2265 et

182 2289 370 2329 Tragoedus
386 2289 599 2322 Graecorum.
940 2297 961 2319 a.
976 2287 1085 2328 Calpo
1101 2286 1176 2327 ejus
1192 2285 1264 2317 filio
1279 2283 1365 2316 dicti
1380 2283 1570 2324 Calpurnii.

230 2339 383 2379 Togatas]
420 2339 566 2371 Fabulae
595 2339 822 2377 tabernarias,
851 2341 887 2373 in
984 2340 1047 2369 295
1071 2335 1238 2376 Ingenium
1259 2335 1386 2373 misera,
1409 2332 1478 2373 soa]
1514 2333 1646 2365 Redar-

185 2387 308 2430 quibus
320 2394 425 2430 agunt
442 2399 598 2430 personae
611 2390 754 2431 privatae
765 2395 802 2422 et
814 2391 888 2432 ple·
941 2387 1016 2428 gnit
1040 2386 1208 2418 Horatius
1235 2394 1292 2416 eos
1313 2383 1370 2425 qui
1394 2393 1460 2415 non
1483 2383 1646 2415 virtutem

186 2437 287 2470 beiae.
329 2438 376 2469 Et
402 2439 453 2470 hae
480 2438 665 2471 Comoediae
687 2439 887 2472 Graecorum
943 2437 1087 2478 poeseos
1105 2436 1166 2467 sed
1181 2443 1301 2467 vanam
1317 2433 1513 2475 opinionem
1536 2436 1647 2465 secta-

187 2496 298 2523 novae,
314 2487 406 2518 sie-ut
421 2487 528 2519 veteri
543 2487 703 2520 Atellana
720 2493 756 2520 et
776 2489 892 2521 Satira
942 2489 1080 2520 bantur.

187 2537 323 2575 Latina,
335 2537 600 2577 respondebant.
643 2538 727 2570 Illas
744 2539 890 2580 scripse·
988 2533 1172 2576 Ingenium]
1196 2533 1375 2565 Poetieam
1402 2531 1602 2563 facultatem
1628 2540 1646 2561 a

190 2591 272 2617 runt
288 2585 394 2617 AElius
407 2586 538 2625 Lamia,
552 2586 680 2619 Anton.
693 2588 817 2629 Rufus,
830 2590 892 2621 Cn.
945 2590 1069 2618 natura
1084 2584 1210 2615 datam.

191 2636 364 2671 Melissus,
382 2635 552 2676 Afranius,
569 2637 792 2678 Pomponius.
989 2635 1112 2666 Misera
1126 2633 1212 2673 arte]
1242 2631 1404 2663 Ironice:
1428 2629 1651 2662 exercitatio-

234 2689 296 2718 291
322 2685 423 2717 Limae
446 2685 533 2717 labor
560 2689 592 2717 et
612 2685 713 2726 mora]
736 2687 789 2718 De
811 2697 894 2719 cura
946 2695 988 2717 ne
1012 2691 1049 2716 et
1072 2689 1147 2715 arte
1162 2691 1237 2723 quae
1262 2690 1380 2722 parum
1397 2680 1510 2711 valeat
1534 2679 1575 2710 ad
1599 2679 1650 2711 fa-

193 2739 227 2768 et
237 2735 421 2768 sedulitate
436 2735 599 2767 diuturna
611 2735 812 2767 emendandi
819 2737 892 2777 jain
948 2735 1105 2767 ciendum
1120 2732 1242 2763 bonum
1258 2730 1407 2771 poetam,
1424 2732 1460 2761 et
1474 2728 1516 2761 ad
1531 2729 1650 2760 lauda-

193 2785 273 2816 alibi
295 2785 436 2816 dictum.
473 2783 562 2815 Vide
586 2793 627 2816 ιι.
643 2784 753 2826 Epist.
776 2788 805 2817 1.
829 2788 893 2818 &c.
947 2785 1016 2817 bile
1031 2791 1168 2814 carmen
1184 2780 1413 2812 scribendum.

193 2836 296 2868 Ovid.
313 2836 357 2868 de
374 2836 487 2868 Ponto
502 2845 559 2869 111.
575 2837 673 2879 Eleg.
691 2837 754 2870 ult.
770 2838 779 2855 ‘
795 2838 896 2879 Saepe
993 2836 1057 2866 296
1072 2831 1223 2866 Excludit
1237 2840 1328 2864 sanos
1344 2829 1448 2863 Helie.
1464 2829 1514 2871 p.]
1538 2829 1610 2863 Cic.
1623 2838 1650 2862 ι.
