1890 3230
378 244 488 286 1716

377 345 426 376 sic
440 349 517 385 post
538 353 666 375 merces
688 344 825 374 amissas
842 350 1060 385 quaestuosam

377 399 596 426 mercaturam
610 391 723 424 facias.
766 393 820 423 Sic
836 394 999 434 particula
1010 401 1061 427 est

376 443 462 475 bene
475 442 654 482 precantis.

419 494 479 523 303
505 488 614 525 Quid?
636 490 742 530 caput]
766 490 965 531 Respondet
993 494 1058 524 Da-

375 540 557 578 masippus.
613 539 738 579 Agave]
759 541 916 571 Fabulam
942 547 1058 573 narrat

377 587 517 618 Ovidius
530 588 615 619 Met.
630 597 685 619 111.
701 589 878 619 videbatur
894 591 980 621 enim
993 591 1056 622 sibi

374 645 439 667 non
452 635 566 675 filium,
582 637 640 667 sed
659 638 710 667 vel
727 647 843 677 aprum
859 639 910 669 vel
927 642 1055 670 taurum

375 685 580 726 discerpere,
617 686 773 726 quamdiu
809 686 901 718 furor
925 688 1056 719 mansit.

375 735 463 764 Torr-
519 734 642 774 Agave]
679 734 763 765 Filia
794 735 921 767 Cadmi.
959 737 1054 776 [Vnt.

373 782 485 813 Palat.
501 787 533 814 5.
551 782 679 822 portet]

415 834 476 862 301
501 831 602 862 Gnaei
623 832 770 872 infelicis]
799 832 953 864 Penthei.
1001 834 1054 864 Vi-

371 879 482 918 detur]
526 881 664 910 Furiosa
701 879 832 910 videtur
855 880 867 910 ?
910 881 1054 914 minime.

375 929 492 969 [Multi
509 928 607 958 codd.
623 938 677 968 ap.
693 928 806 964 Feam,
818 928 879 958 sihi
893 930 991 969 tima]

416 979 477 1007 305
509 976 646 1007 Stultum
673 986 720 1006 me
738 975 861 1015 fateor]
897 978 1058 1018 Loquitur

371 1025 544 1057 Horatius.

415 1077 477 1105 306
506 1073 663 1113 Edissere]
687 1073 761 1104 Hoc
777 1083 919 1114 expone.

415 1126 477 1154 307
499 1124 632 1163 Accipe:
651 1124 800 1163 primum]
823 1123 926 1163 Audi,
949 1124 1057 1165 inquit

374 1172 607 1212 Damasippus.

371 1252 376 1256 .
412 1223 474 1251 308
497 1220 660 1261 AEdt'ficus]
684 1220 737 1252 An
754 1221 858 1252 multa
869 1220 1056 1252 aedifibz‘tve-

371 1270 414 1300 rit
432 1270 606 1309 Horatius,
628 1272 637 1288 ‘
652 1272 732 1301 satis
750 1269 887 1310 beatus,’
905 1275 940 1300 ut
956 1271 999 1301 de
1021 1280 1056 1301 se

368 1319 491 1359 iuquit,
505 1322 514 1337 ‘
527 1320 632 1350 unicis
648 1319 804 1358 Sabinis,’
828 1319 951 1350 nescio.
997 1320 1056 1350 Er-

371 1377 412 1406 go
436 1377 495 1407 pro
514 1373 684 1399 sumtuose
700 1378 735 1398 se
751 1378 881 1407 gerere,
892 1374 1055 1407 μεταφορι.

369 1418 438 1450 κῶς,
453 1417 609 1447 libentius
633 1418 838 1456 acceperim:
864 1422 911 1452 et.
930 1422 967 1447 ut
982 1418 1054 1457 ipse

369 1466 520 1505 exponit,
533 1475 595 1505 pro
610 1475 730 1505 magna
745 1466 876 1501 imitari,
891 1475 965 1496 cum
979 1476 1054 1505 par-

370 1523 428 1544 vus
443 1519 555 1545 esset:
577 1514 652 1544 huic
673 1514 760 1544 enim
783 1514 1053 1552 interpretationi

368 1563 538 1599 convenit,
553 1562 640 1601 quod
668 1563 700 1591 in
724 1562 884 1600 Epistolis
898 1570 971 1591 sese
991 1562 1001 1578 ‘
1014 1562 1053 1592 In

367 1610 460 1641 tenui
479 1619 514 1640 re
531 1609 679 1648 Majores
703 1618 828 1647 pennas
843 1610 921 1639 nido
936 1613 1052 1639 exten-

367 1659 456 1688 disse
473 1657 619 1688 fatetur.⁸
644 1657 782 1687 Torrent-
825 1656 986 1696 AEdificas,
999 1657 1054 1687 hoc

367 1707 429 1746 est]
453 1705 634 1746 Magnifice
650 1705 807 1736 aedificas.
849 1705 971 1743 Longos
983 1705 1053 1736 imi-

366 1756 456 1793 taris,
477 1754 515 1785 ab
535 1753 610 1793 imo]
632 1752 823 1784 Incedendo
841 1757 874 1783 te
889 1752 1000 1793 effers,
1015 1759 1052 1784 ut

366 1803 483 1843 longus
508 1803 654 1840 videare,
670 1802 703 1832 id
729 1808 791 1840 est,
816 1802 993 1841 opulentos
1017 1807 1052 1833 et

366 1856 521 1890 potentes
538 1851 623 1882 viros
642 1850 792 1881 imitaris.

409 1902 472 1930 309
498 1900 618 1930 Meduli
646 1899 807 1939 bipedalis]
832 1899 916 1931 Quae
947 1898 1053 1930 forma

365 1948 499 1979 humani
514 1948 664 1988 corporis
680 1948 813 1978 minima
827 1951 893 1986 est,
906 1947 993 1988 quod
1009 1948 1051 1978 de

367 1997 506 2036 Couopa
527 1996 672 2036 quodam
697 1997 745 2027 ait
770 1997 898 2027 Plinius
913 2005 976 2028 vn.
1000 2000 1051 2028 16.

366 2045 418 2075 De
442 2046 584 2076 turbone
614 2051 725 2076 autem
756 2049 836 2076 tunc
865 2050 943 2076 noto
968 2046 1050 2076 nibil

365 2100 571 2131 compertum
599 2094 715 2124 habeo.
749 2094 888 2124 Torreat.
930 2094 1051 2124 Meduli

365 2141 592 2181 &pedatim-a]
609 2143 724 2172 Brevis
737 2151 772 2171 es
783 2145 931 2179 staturae‚
941 2141 974 2170 id
987 2145 1050 2179 est,

365 2198 418 2219 res
430 2194 486 2219 tua
496 2189 666 2220 familiaris
674 2194 726 2219 est
736 2189 845 2220 tenuis
854 2193 887 2218 et
899 2194 1049 2227 angusta.

407 2240 469 2268 310
495 2238 641 2268 Turbonis
665 2238 698 2268 ia
711 2235 820 2275 armis]
844 2236 1048 2268 Gladiatoris

365 2285 567 2316 homunculi.

407 2336 467 2364 311
492 2333 644 2373 Spiritum
659 2335 689 2363 et
704 2332 868 2372 incessum]
893 2332 1048 2363 Animum

365 2389 401 2413 et
430 2388 558 2422 gestum
583 2381 754 2413 tumidum.
799 2381 862 2416 Qun·
889 2381 1050 2422 ridiculus]

367 2433 407 2462 In
432 2441 496 2472 qua
526 2441 562 2462 re
590 2440 626 2461 es
655 2435 691 2461 tu
717 2431 822 2461 minus
844 2430 901 2461 illo
926 2430 1047 2461 ridicu-

365 2482 439 2512 lus?
608 2475 610 2477 ’

407 2533 470 2561 312
490 2531 603 2562 Verum
613 2530 674 2570 est]
690 2530 831 2571 AEquum
844 2534 896 2561 est
912 2534 945 2561 te
961 2529 1046 2561 idem

364 2577 500 2610 facere?

406 2631 467 2658 318
499 2629 593 2658 Tanto
621 2626 811 2666 dissimilem]
841 2627 948 2658 Tanto
978 2626 1048 2658 viro

365 2675 572 2707 dissimilem.
615 2677 751 2707 Eltanto
762 2677 893 2716 certare]
918 2676 1046 2706 Etcum

366 2728 470 2756 tamo.
493 2725 700 2764 [Dissimilem
713 2729 798 2757 tanto
812 2725 966 2765 Angelic.
979 2724 1024 2763 1.]

825 256 962 286 NOTAE
1005 255 1263 287 VARIORUM
1296 258 1347 288 IN

1151 350 1213 378 314
1235 347 1383 379 Absentis
1399 349 1497 390 ranoe]
1517 347 1630 389 AEsopi
1646 347 1790 384 fabular,

1152 398 1212 426 315
1236 396 1410 436 Deum-rat]
1433 398 1483 428 De
1509 397 1675 437 particula
1693 404 1794 439 auget

1108 443 1243 483 quidem
1260 445 1326 475 vim
1342 445 1493 476 vocabuli
1508 446 1561 477 cui
1577 447 1742 486 jungitur,
1756 453 1794 479 ut

1106 491 1116 510 ‘
1128 491 1354 532 deridiculus,'
1369 494 1378 511 ‘
1389 494 1592 534 despretus,'
1607 496 1616 512 ‘
1629 494 1793 536 derepen-

1107 539 1164 579 te,’
1186 542 1195 558 ‘
1209 541 1388 580 desubito,'
1411 547 1446 574 et
1476 543 1540 574 alia
1563 545 1668 575 multa
1689 545 1792 576 omni-

1107 588 1168 619 bus
1182 595 1278 629 nota;
1304 591 1365 622 boc
1382 596 1492 622 tamen
1509 592 1582 623 loco
1603 602 1665 632 pro
1685 593 1791 624 ordine

1105 647 1233 669 narrare
1253 640 1378 670 dictum
1397 644 1488 679 puto.
1532 639 1646 680 Atque
1660 641 1707 670 ita
1722 641 1790 672 Do-

1106 692 1204 718 natus
1234 688 1275 718 ad
1306 689 1388 719 illud
1415 689 1564 720 Terentii
1594 689 1628 719 in
1657 689 1791 720 Phorm.

1105 735 1114 752 ‘
1133 735 1217 766 Haec
1234 737 1318 768 adeo
1339 747 1400 777 ego
1421 738 1467 769 illi
1486 739 1558 777 jam
1582 737 1790 770 denarrnbo:

1106 783 1243 815 Torrent-

1146 834 1208 862 316
1226 833 1380 871 Cognatos
1394 835 1525 875 eliserit]
1538 835 1549 852 ‘
1563 836 1706 875 Cognati
1716 835 1726 851 ’
1741 836 1788 867 ita

1104 877 1185 908 dicti
1211 886 1300 915 sunt,
1322 884 1415 921 quasi
1443 892 1508 920 nna
1521 889 1558 915 et
1572 885 1792 916 communiter

1104 927 1199 963 nati3
1231 936 1345 959 omnes
1372 934 1483 960 tamen
1509 932 1551 961 ab
1579 933 1696 963 eadem
1725 935 1790 965 orti

1106 976 1263 1015 progenie
1294 986 1334 1007 eo
1372 978 1533 1009 vocabulo
1568 980 1791 1012 continentur.

1107 1023 1233 1062 Lepide
1249 1025 1352 1064 igitur
1367 1026 1429 1057 boc
1446 1035 1534 1058 ranoe
1548 1028 1646 1068 pullis
1662 1038 1790 1060 accom-

1105 1073 1219 1103 modat
1237 1073 1410 1105 Horatius.
1447 1076 1609 1117 Loquitur
1622 1082 1732 1109 autem
1748 1077 1792 1109 de

1105 1129 1195 1159 rana,
1209 1131 1322 1160 quam,
1342 1123 1431 1163 quod
1455 1124 1487 1154 in
1514 1125 1604 1156 rubis
1625 1135 1666 1156 nc
1682 1127 1791 1167 vepri-

1105 1169 1164 1199 bus
1190 1176 1281 1210 agat,
1299 1177 1335 1202 nt
1356 1173 1463 1213 inquit
1479 1173 1608 1204 Plinius
1623 1182 1744 1206 xxxn.
1759 1178 1789 1206 5.

1106 1218 1212 1249 Latini
1236 1222 1245 1238 ‘
1261 1221 1408 1252 rubetam
1427 1222 1435 1235 '
1461 1224 1644 1264 nominant,
1667 1225 1790 1257 Graece

1103 1268 1213 1307 φρῦνος
1222 1270 1354 1306 dicitur,
1367 1271 1512 1302 omnium
1525 1281 1678 1304 ranarum
1689 1274 1792 1304 maxi·

1105 1326 1169 1355 ma,
1184 1319 1231 1349 ita
1255 1323 1293 1349 ut
1318 1321 1518 1351 testudinem
1543 1321 1722 1362 aliquando
1745 1332 1789 1354 ω-

1103 1371 1205 1406 quet;
1230 1369 1402 1407 pulmones
1430 1369 1556 1400 habens
1587 1379 1723 1410 magnos
1755 1377 1791 1402 et

1104 1417 1276 1456 rotundos,
1303 1418 1359 1458 qui
1384 1419 1526 1458 plurimo
1552 1419 1628 1451 aere
1657 1419 1790 1460 impleri

1103 1465 1250 1503 possint:
1274 1475 1376 1506 quare
1399 1471 1435 1498 et
1458 1468 1648 1499 intumescit
1667 1469 1788 1509 smpius

1102 1520 1142 1541 ac
1170 1513 1289 1552 spiritu
1315 1515 1512 1545 intenditur.
1562 1517 1649 1546 Mira
1677 1522 1788 1548 autem

1101 1560 1282 1592 lectionum
1319 1563 1464 1594 varietas
1489 1564 1522 1593 in
1553 1564 1618 1594 illis
1655 1565 1786 1596 verbis:

1100 1618 1173 1638 num
1190 1612 1324 1648 tandem,
1338 1621 1369 1642 se
1389 1612 1515 1651 inflans,
1537 1613 1580 1643 sic
1601 1622 1712 1652 mag-nn
1729 1614 1787 1650 su-

1100 1656 1185 1687 isset.
1229 1658 1298 1688 Sed
1313 1667 1378 1689 non
1402 1659 1510 1689 habeo
1527 1669 1625 1700 quam
1641 1666 1786 1701 receptoe

1102 1705 1238 1736 lectioni
1254 1711 1464 1745 anteponam.
1485 1707 1627 1739 Tor-rent.
1666 1709 1787 1747 Cogna-

1100 1755 1148 1783 eos
1161 1753 1293 1794 eliserit]
1317 1754 1367 1784 Ut
1391 1754 1487 1785 simul
1503 1760 1597 1786 natos
1614 1765 1788 1796 oppresse-

1102 1801 1156 1833 rit.
1199 1802 1261 1833 Illa
1274 1801 1399 1841 rogare]
1419 1803 1483 1834 lna
1500 1803 1651 1843 rogabat.

1142 1852 1204 1881 317
1229 1852 1411 1886 Quantam?
1431 1861 1503 1883 num
1516 1851 1652 1892 tandem]
1674 1854 1786 1886 Quan-

1102 1903 1154 1930 tus
1169 1897 1234 1930 fuit
1251 1900 1306 1930 ille
1323 1900 1466 1931 vitulus?

1142 1951 1204 1980 318
1227 1949 1332 1987 qu’or
1343 1949 1486 1988 dimidio]
1507 1949 1700 1990 Respondet
1713 1952 1786 1991 pul-

1099 1998 1160 2028 lus.
1203 1998 1289 2028 Num
1316 1997 1419 2037 tanto]
1442 1997 1532 2028 Num
1565 2001 1660 2028 tanto
1680 1998 1786 2038 mqjor

1100 2052 1162 2086 est,
1177 2048 1286 2088 inquit
1300 2047 1431 2079 mater?

1141 2099 1203 2126 319
1226 2097 1297 2126 Non
1318 2097 1398 2126 sizte
1420 2094 1552 2135 ruperis]
1573 2095 1657 2126 enm
1672 2094 1793 2127 autem'

1098 2148 1204 2174 mater
1223 2143 1363 2174 ulterius
1389 2143 1493 2181 magis
1513 2146 1614 2182 utque
1629 2143 1731 2182 magis
1745 2153 1782 2175 se

1098 2191 1253 2230 inflaret;
1289 2191 1422 2222 tandem
1453 2190 1561 2231 iuquit
1585 2191 1715 2230 pullus:
1747 2193 1779 2224 0

1098 2245 1217 2277 mater,
1233 2240 1259 2270 si
1282 2244 1317 2270 te
1332 2239 1433 2269 etiam
1448 2237 1604 2274 inflando,
1619 2243 1658 2270 ut
1672 2240 1781 2281 video,

1099 2288 1240 2327 ruperis,
1268 2288 1314 2318 illi
1343 2292 1454 2318 tamen
1480 2287 1600 2318 belluae
1625 2297 1685 2328 pat·
1707 2299 1780 2322 esse

1099 2345 1163 2366 non
1179 2337 1315 2376 poteris.
1360 2336 1447 2367 Haec
1459 2336 1570 2376 imago
1581 2338 1781 2371 vanitatiset

1097 2386 1234 2415 insaniae
1251 2386 1283 2415 iu
1307 2394 1399 2420 rana,
1421 2394 1485 2415 non
1501 2385 1640 2417 multum
1652 2387 1782 2420 abludit

1098 2435 1148 2464 vel
1163 2434 1332 2475 discrepat
1346 2443 1365 2464 a
1381 2439 1427 2474 te,
1439 2443 1459 2464 o
1474 2433 1608 2466 Horati.
1629 2435 1680 2466 Tu
1690 2437 1780 2468 enim

1098 2492 1230 2522 parvus,
1257 2489 1291 2514 te
1319 2481 1414 2514 inflas
1438 2483 1553 2522 etiam,
1565 2487 1602 2514 et
1623 2492 1779 2524 magnum

1098 2531 1320 2562 Maecenatem
1351 2531 1400 2562 vis
1425 2531 1560 2563 imitari.
1597 2531 1686 2564 Huic
1707 2533 1777 2573 Jam

1096 2580 1128 2610 in
1159 2580 1356 2611 aediticando
1389 2581 1538 2618 insaniae,
1569 2578 1655 2611 adde
1690 2589 1780 2612 nunc

1095 2630 1192 2661 aliam
1208 2630 1296 2660 illam
1321 2628 1498 2660 Poetarum
1519 2628 1692 2668 insaniam,
1705 2629 1779 2670 ips·

1094 2678 1222 2708 scilicet
1260 2676 1440 2707 Poe'mata:
1474 2676 1536 2708 hoc
1571 2680 1636 2716 est,
1667 2677 1775 2708 oleum

1095 2725 1180 2756 adde
1197 2725 1339 2764 camino,
1350 2725 1431 2756 utin
1444 2724 1631 2756 Proverbio
1643 2724 1775 2763 dicitur,
