1916 3262
386 294 495 335 1446

386 395 439 426 dia
457 395 663 426 denotatam.
689 396 826 426 Torrent.
869 395 1069 431 Anciliorum,

383 447 413 474 et
435 443 580 483 nominis]
615 443 732 483 Ignavi
755 447 852 473 erant
867 443 990 475 milites
1006 444 1068 475 sub

386 492 519 531 Crasso,
534 493 588 533 qui
603 492 878 523 obliviscerentur
893 493 1024 530 ancilia,
1035 493 1067 524 id

384 545 446 580 est,
466 546 562 572 scuta
584 540 708 580 brevia,
724 550 859 572 numero
881 541 1069 581 duodecim,

384 588 417 619 iu
448 589 520 619 aede
550 588 673 619 Martis
702 594 846 630 servata,
877 599 919 620 ex
949 590 1067 629 quibus

384 647 484 667 unum
514 637 556 668 de
581 638 666 668 coelo
693 638 820 678 lapsum
845 638 1067 671 credebatur:

386 696 461 716 nam
477 686 591 717 datum
608 691 662 718 est
684 696 745 727 pro
767 689 913 726 oraculo,
930 688 974 719 ibi
997 688 1068 718 fore

385 734 581 775 Imperium,
597 735 652 766 ubi
668 734 786 766 fuisset
804 737 922 768 ancile.
944 738 954 755 ‘
967 737 1068 768 Anci-

383 782 448 813 lia’
464 784 516 814 bic
531 793 592 823 pro
610 784 732 815 virtute
749 790 933 825 ponuntur,
947 786 957 802 ⁴
969 790 1046 826 toga
1059 785 1068 799 ’

388 841 448 872 pro
463 832 638 872 dignitate.

427 883 464 912 11
489 883 684 922 AEternaeque
702 883 816 922 Vestae]
831 883 958 914 AEterni
971 883 1069 922 ignis,

386 929 440 969 qui
456 929 488 959 in
503 932 629 970 templo
638 931 752 962 Vestae
765 941 784 962 a
799 931 980 970 virginibus
996 940 1069 962 cus·

386 978 510 1009 toditus
525 988 691 1020 nunquam
706 979 976 1019 extinguebatur.

428 1029 467 1056 12
489 1027 638 1058 Incolumi
658 1028 751 1068 Jove]
788 1029 888 1059 Salvo
904 1028 1069 1069 Capitolio

384 1084 459 1113 quae
484 1075 580 1107 Jovis
604 1081 677 1107 erat
703 1077 813 1115 sedes,
839 1078 934 1117 quasi
959 1078 1069 1109 dicat:

387 1123 462 1153 Non
479 1124 613 1154 deserta
630 1125 709 1154 urbe
726 1133 744 1154 a
767 1125 835 1155 suis
852 1125 946 1156 Diis:
970 1129 1069 1166 turpe

386 1171 490 1210 igitur
516 1171 677 1202 militibus
701 1172 799 1203 Rom.
824 1177 862 1204 ut
883 1172 944 1203 sub
974 1175 1070 1205 armis

384 1219 558 1250 hostilibus
574 1225 799 1251 senescerent.

429 1271 466 1298 13
490 1268 561 1299 Hoc
573 1269 710 1309 caverat]
746 1270 892 1310 Regulus
913 1270 975 1301 hoc
996 1280 1070 1311 pro·
1083 1257 1091 1259 ⁷⁷

384 1317 527 1355 viderat,
549 1327 591 1348 ne
614 1319 686 1358 quis
709 1327 769 1348 suo
791 1320 945 1358 exemplo
976 1329 1070 1359 spem

386 1365 464 1395 vitae
490 1365 524 1395 in
554 1365 758 1404 captivitate
787 1372 937 1405 poneret.
980 1368 1073 1398 Mens

384 1414 517 1452 provida
553 1415 683 1454 Reguli]
725 1418 980 1455 Περιφραστικῶς,
1009 1426 1070 1456 pro

385 1461 457 1501 ipse
475 1462 637 1502 Regulus.
685 1464 738 1493 De
756 1464 875 1503 Reguli
892 1469 1016 1499 autem,
1028 1473 1069 1495 ne

384 1510 511 1550 captivi
536 1520 610 1542 cum
640 1512 970 1552 Carthaginiensibus
994 1522 1070 1553 per-

385 1562 607 1598 mutarentur‚
621 1559 652 1589 in
666 1566 783 1592 senatu
795 1563 972 1597 sententia,
985 1571 1069 1602 pras-

386 1613 438 1638 ter
455 1608 525 1639 Cic.
543 1609 598 1639 lib.
615 1617 639 1639 1.
655 1614 690 1639 et
705 1618 762 1641 ιιι.
777 1610 818 1640 de
842 1610 983 1652 Officiis,
997 1612 1066 1652 pul-

386 1665 440 1686 cre
456 1655 587 1686 Gellius
604 1666 652 1687 vr.
665 1662 697 1688 4.
724 1658 862 1689 Torrent.

428 1706 472 1734 14
499 1705 746 1745 Conditionibus]
768 1706 798 1736 A
827 1707 1071 1740 conditionibus

384 1752 492 1784 foedis.
539 1754 655 1785 Noluit
682 1755 767 1785 euim
793 1755 942 1795 Regulus
963 1758 1070 1797 capti-

385 1810 443 1831 vos
459 1800 616 1832 Afrorum
632 1811 691 1841 pro
707 1812 742 1833 se
759 1803 866 1834 reddi.
911 1804 1070 1844 [Schoen-

388 1850 484 1881 born.
500 1853 532 1882 2.
547 1851 773 1892 seditionibus]

430 1901 468 1929 15
494 1900 540 1930 Et
553 1900 703 1939 exemplo]
727 1901 772 1931 Et
788 1900 1014 1933 dissentientis
1029 1902 1070 1934 ab

384 1948 553 1988 exemplo,
569 1950 657 1989 quod
675 1950 824 1981 traheret
841 1951 1022 1990 perniciem
1037 1953 1068 1982 in

385 2002 556 2036 posterum
571 2003 714 2037 tempus,
734 1999 797 2029 nisi
813 2000 918 2039 pubes
933 2001 1070 2040 captiva

384 2045 512 2083 periret
543 2046 801 2081 immiserabilis,
829 2048 864 2078 id
895 2053 960 2084 est,
998 2049 1069 2080 sine

384 2094 624 2125 misericordia.
671 2097 755 2127 Nam
769 2099 827 2127 tali
842 2099 996 2138 exemplo
1010 2100 1068 2130 mi-

385 2143 461 2173 lites
492 2144 653 2184 deinceps
690 2145 839 2185 ignavius
868 2153 1067 2186 pugnarent.

388 2192 535 2231 Exempto
550 2192 716 2232 trahentis]
735 2193 792 2224 Sic
809 2195 901 2233 prior
921 2195 1070 2226 Lambini

385 2241 489 2271 editio
511 2241 624 2280 habet,
641 2246 677 2272 ut
701 2247 736 2273 et
753 2242 827 2272 libri
844 2243 927 2274 Mss.
943 2253 1070 2276 omnes.

385 2290 519 2321 Primus
542 2290 633 2322 Guil.
664 2292 830 2323 Canterus
859 2292 947 2324 Nov.
975 2294 1071 2326 Lect.

388 2347 440 2369 lv.
453 2338 514 2369 ult.
542 2338 677 2369 trahenti
699 2340 875 2380 legendum
902 2350 975 2372 esse
992 2351 1069 2373 cen-

387 2387 465 2418 suit.
501 2387 574 2427 Ego
585 2396 663 2418 vero
675 2388 756 2419 nihil
772 2389 920 2421 immuto.
944 2391 1069 2422 Eodem

386 2436 473 2467 enim
492 2445 590 2467 seusu
614 2437 716 2468 dictio
733 2438 883 2469 trahentis
901 2438 942 2470 ad
960 2440 1070 2480 Regu-

383 2484 452 2515 lum
483 2483 602 2515 referri
631 2486 779 2525 poterit;
816 2487 1070 2519 dissentientem

386 2534 429 2564 de
452 2534 664 2574 captivorum
683 2536 944 2576 permutatione,
959 2547 1022 2568 non
1038 2539 1070 2568 iu

386 2593 535 2624 praeseus
561 2584 672 2623 modo,
699 2585 759 2615 sed
797 2590 936 2626 propter
959 2596 1071 2618 exem-

386 2633 477 2672 plum
492 2642 581 2673 saepe
595 2633 675 2664 alias
691 2634 855 2666 nocitura.
878 2635 1019 2666 Tor-rent.

431 2684 470 2712 18
487 2682 588 2720 Signa
602 2681 672 2722 ego]
684 2682 768 2714 Haec
784 2687 837 2714 est
851 2683 972 2724 Reguli
985 2684 1070 2715 Ora-

388 2728 448 2767 tio,
464 2729 497 2759 in
521 2731 648 2761 Senatu
671 2731 767 2762 Rom.
790 2731 912 2763 habita.
955 2733 1070 2764 Genus

389 2782 441 2809 est
456 2777 724 2812 deliberativum.
771 2781 915 2822 Punicis]
936 2783 1008 2823 Ego
1024 2782 1069 2814 vi-

838 305 974 335 NoTAE
1007 305 1264 338 VARIORUM
1299 308 1347 337 IN

1115 396 1150 427 di
1163 405 1266 435 arma,
1276 395 1444 428 Africanis
1454 398 1586 437 templis
1597 396 1706 435 affixa,
1717 409 1790 442 quoe

1117 446 1222 475 nostri
1244 445 1365 476 milites
1392 446 1479 476 hosti
1501 445 1711 478 tradiderunt
1724 449 1792 480 siue

1116 493 1220 524 caede.

1157 544 1196 572 21
1208 542 1358 582 Direpta]
1376 542 1441 573 Alii
1454 543 1605 583 Dempta,
1616 543 1795 575 Lambinus

1120 591 1235 629 Erepto
1259 591 1323 631 legi
1345 591 1448 622 malit.
1491 591 1563 631 Ego
1590 592 1708 632 Arepta
1735 601 1796 632 pro

1117 639 1264 678 abrepta,
1294 643 1332 669 ut
1349 640 1358 656 ‘
1372 639 1476 671 afuit’
1499 649 1560 680 pro
1582 644 1591 658 ‘
1607 640 1738 680 abfuit‚’
1761 645 1797 672 et

1117 686 1246 718 similia.
1297 687 1368 718 Vidi
1391 698 1446 726 ego
1471 688 1597 728 civium]
1621 689 1796 721 Quomodo

1117 734 1250 773 civium,
1274 735 1300 766 si
1327 736 1395 776 jam
1425 737 1563 776 captivi,
1592 747 1632 768 uc
1655 737 1797 778 proinde

1117 783 1229 823 capite
1256 784 1436 816 diminuti?
1475 786 1565 816 Cives
1590 795 1670 826 ergo
1686 791 1797 823 vocat,

1118 832 1174 872 qui
1197 832 1280 863 tales
1303 838 1400 864 erant
1421 843 1495 865 cnm
1511 840 1727 874 caperentur,
1747 838 1796 866 at·

1118 890 1182 921 que
1205 882 1288 912 adeo
1312 883 1401 913 cives
1422 893 1560 918 manere
1582 888 1754 924 poterant,
1769 884 1797 914 si

1117 928 1254 960 fortiter
1284 931 1498 963 restitissent.
1552 933 1676 964 Eadem
1709 933 1797 963 ratio

1117 978 1203 1018 ejus,
1227 979 1314 1019 quod
1338 980 1502 1020 sequitur,
1525 982 1687 1013 ‘Retorta
1702 986 1797 1022 tergo

1118 1026 1254 1056 brachia
1266 1027 1395 1058 libero:
1419 1028 1557 1059 Torreat.

1160 1079 1201 1106 22
1225 1075 1355 1107 Retorta
1367 1079 1455 1115 tergo
1466 1076 1588 1107 brachia
1601 1076 1708 1116 libero]
1721 1077 1799 1108 Vidi

1119 1123 1255 1155 brachia
1280 1126 1376 1156 Rom.
1398 1126 1547 1157 revincta
1574 1130 1669 1167 tergo
1697 1134 1798 1168 quou-

1120 1174 1195 1204 dam
1210 1174 1325 1206 libero.

1160 1224 1201 1252 23
1227 1223 1394 1262 portasque
1404 1223 1478 1263 non]
1495 1224 1617 1255 Portas
1629 1224 1799 1265 Cartbagi-

1119 1272 1170 1302 nis
1198 1278 1343 1312 apertas,
1371 1275 1457 1313 quod
1489 1274 1598 1315 arguit
1628 1274 1800 1314 Cartbagi-

1120 1321 1268 1352 nensium
1294 1323 1519 1353 securitatem.
1562 1323 1608 1354 Et
1633 1323 1725 1363 arva]
1755 1324 1804 1354 Et

1120 1370 1187 1400 vidi
1204 1379 1259 1400 eos
1274 1380 1367 1409 agros
1383 1371 1461 1408 coli,
1475 1372 1531 1411 qui
1556 1371 1691 1402 flierant
1706 1381 1726 1402 a
1741 1380 1800 1402 uo-

1121 1416 1170 1447 bis
1180 1422 1279 1448 autea
1291 1417 1467 1449 devastati.

1160 1469 1201 1497 25
1224 1467 1310 1498 Auro
1335 1467 1492 1508 repensus]
1527 1468 1663 1500 Scilicet
1692 1468 1798 1504 miles,

1118 1525 1199 1547 auro
1221 1516 1426 1557 redemptus,
1450 1517 1492 1548 ad
1517 1527 1660 1558 pugnam
1682 1517 1801 1549 fortior

1121 1565 1256 1596 redibit.
1299 1565 1412 1596 Itonia
1425 1570 1487 1597 est.

1161 1616 1202 1644 26
1227 1613 1367 1652 Flagitio
1386 1614 1502 1645 additia
1525 1614 1695 1654 Damnum]
1718 1615 1799 1646 Loci

1119 1662 1215 1702 liujus
1229 1663 1398 1694 sententia
1413 1668 1476 1702 est,
1492 1664 1682 1703 iguominiae
1697 1663 1800 1703 turpi,

1117 1710 1258 1740 militum
1282 1710 1452 1742 deditione
1470 1712 1566 1751 Reip.
1591 1712 1723 1750 inustae,
1738 1713 1799 1742 eti-

1120 1768 1172 1789 am
1202 1758 1356 1789 damnum
1383 1758 1475 1798 addi,
1502 1759 1530 1790 si
1555 1768 1634 1790 auro
1665 1760 1800 1800 publico

1120 1807 1245 1846 captivi
1282 1807 1499 1838 redimantur.
1542 1808 1629 1839 Auro
1661 1818 1803 1848 repensus

1121 1856 1219 1893 dixit,
1245 1856 1333 1896 quod
1362 1861 1494 1887 veteres
1523 1866 1587 1888 uon
1617 1861 1801 1892 numerato,

1121 1905 1179 1935 sed
1206 1914 1356 1945 appenso
1379 1914 1446 1936 aere
1475 1904 1705 1946 fungerentur.
1729 1906 1802 1937 Tor-

1118 1957 1198 1985 rent.

1160 2005 1201 2032 27
1223 2001 1351 2033 Auditis
1365 2002 1536 2043 Damnum]
1548 2002 1803 2042 'turpitudinem

1118 2050 1444 2091 damno—cumulatis,
1466 2051 1543 2081 dum
1565 2051 1686 2081 milites
1709 2050 1802 2089 igna-

1119 2107 1178 2128 vos
1194 2107 1273 2128 auro
1300 2098 1473 2129 redimitis,
1515 2098 1653 2129 Amissae
1673 2097 1800 2137 colores]

1120 2146 1210 2176 Hinc
1223 2147 1232 2164 ‘
1243 2146 1434 2177 decolorare
1445 2146 1453 2159 '
1475 2155 1549 2177 cum
1566 2147 1697 2178 nativus
1709 2147 1801 2178 color

1120 2194 1298 2225 amittitur.
1341 2195 1435 2234 Virg.
1463 2195 1589 2236 Georg.
1611 2205 1651 2227 ιι.
1685 2197 1696 2214 ‘
1713 2195 1801 2228 Alba

1118 2243 1345 2286 neovAssyrio
1378 2243 1510 2275 fucatur
1539 2245 1616 2276 lana
1647 2245 1802 2277 veneno!

1120 2292 1261 2322 Torrent.

1159 2343 1201 2371 28
1223 2340 1312 2371 Lana
1325 2340 1437 2380 refert]
1461 2340 1613 2372 Candida
1637 2341 1714 2373 lana
1738 2343 1802 2374 alio

1119 2389 1231 2420 colore
1247 2390 1353 2420 tincta
1375 2398 1439 2419 nou
1463 2389 1599 2420 resumit
1621 2389 1801 2423 candorem

1119 2438 1300 2477 genuinum
1329 2438 1498 2470 amissum.
1541 2438 1638 2480 Fuco]
1669 2440 1802 2471 Colore.

1119 2487 1129 2502 ⁴
1143 2485 1262 2516 Fucus’
1276 2485 1377 2516 herba
1390 2491 1442 2517 est
1464 2496 1528 2528 qna
1545 2487 1720 2528 tinguntur
1731 2498 1802 2520 ves-

1120 2537 1183 2564 tes.
1229 2533 1327 2572 Inde,
1342 2534 1352 2551 ‘
1362 2534 1487 2564 Fucum
1502 2534 1638 2566 facere!
1772 2575 1779 2579 ,

1161 2585 1203 2613 30
1227 2583 1323 2613 Curat
1347 2583 1466 2623 reponi]
1489 2584 1580 2615 Vera
1607 2585 1715 2616 virtus
1735 2593 1799 2617 uon

1119 2631 1206 2662 solet
1223 2631 1370 2672 restitui,
1386 2636 1444 2663 aut
1459 2633 1607 2672 reparari
1624 2633 1666 2664 ab
1681 2634 1731 2670 iis.
1743 2633 1799 2673 qul

1120 2681 1273 2720 corrupti
1292 2681 1363 2721 jam
1380 2690 1419 2711 ac
1433 2680 1608 2721 depravati
1627 2686 1715 2712 suut.
1736 2681 1800 2712 De-

1119 2727 1295 2767 tertoribus]
1317 2728 1434 2760 Virtus
1445 2730 1532 2761 enim
1546 2738 1679 2770 semper
1691 2729 1798 2759 iucre—

1120 2782 1266 2810 mentum
1278 2775 1681 2820 amanueccontigicnisi
1691 2777 1799 2808 animo
