1916 3262
448 300 656 334 nonam
688 299 959 332 cARMmuM
995 300 1089 331 ma.
1122 299 1195 331 111.
1226 287 1298 331 18.

150 394 252 427 Genii
265 394 324 427 fiat
338 394 568 436 inelementia,
590 393 634 425 de
658 392 767 424 natali
790 391 847 423 die

148 445 295 477 semisse
310 445 490 477 Horatium
505 443 720 476 existimant:
742 441 847 484 quid?

148 505 191 527 an
202 495 304 537 igitur
311 503 481 536 nunqnam
487 494 551 526 nisi
559 493 614 525 die
621 491 726 524 natali
734 491 847 523 Genio

148 544 326 577 faciebant
350 554 444 576 sacra
461 545 474 576 ?
507 543 574 575 imo
603 551 685 574 vero
715 541 846 583 quoties

147 596 290 628 hilarius
302 605 338 628 se
350 592 688 636 excipiebant,toties
699 592 847 624 Genium

148 655 186 678 se
197 646 335 687 placare
345 650 480 677 veteres
494 642 717 675 autumabant
731 652 739 673 ε
756 641 847 673 unde

148 696 208 728 illa
221 703 348 737 genera
371 694 531 737 loquendi
552 697 744 732 manarunt,
766 693 846 723 ‘cn-

148 755 225 778 rare
239 745 411 778 Genium!
435 744 600 776 ‘Genium
618 741 848 782 defraudare,’

148 797 214 827 διο.
229 795 292 828 hoc
307 795 410 836 igitur
425 794 498 826 vult
522 794 700 834 Horatius,
721 793 848 825 debere

149 841 300 876 Lamiam
317 849 450 876 mature
465 842 580 876 focum
596 851 802 885 componere
813 846 850 874 et

149 898 279 926 cetera
307 903 429 935 parare
466 893 510 926 ad
545 893 636 925 diem
667 893 851 934 genialiter

148 943 333 985 agendum.
345 953 406 976 cnr
420 949 535 975 autem
549 943 560 972 ἒ
575 953 642 974 non
659 952 743 974 sane
757 941 849 983 quod

149 993 276 1025 Lamiae
293 993 414 1025 natalis
425 997 517 1025 esset
530 1004 540 1032 3
553 1001 671 1023 verum
685 988 766 1032 quia
776 1000 851 1023 ces·

149 1047 267 1074 satura
281 1044 329 1075 sit
344 1043 502 1074 universa
516 1041 648 1074 familia
671 1040 714 1072 ab
733 1049 850 1082 opere,

149 1091 317 1132 impedita
362 1091 576 1132 tempestatis
619 1090 853 1130 obscaenitate,

152 1149 252 1181 quam
276 1141 451 1172 imminere
478 1141 513 1172 in
541 1140 631 1171 diem
655 1139 854 1178 crastinum,

152 1194 317 1231 tanquam
350 1194 445 1222 vates
472 1190 524 1221 'illi
553 1189 744 1229 denuntiat,
773 1198 852 1221 cum

152 1240 244 1271 canit
261 1250 269 1271 :
293 1240 462 1278 crasfoliis
477 1249 584 1271 nemus
599 1239 715 1271 Multis
728 1242 760 1270 et
779 1239 854 1277 alga

151 1289 244 1321 littus
257 1289 376 1330 inutili,
391 1291 443 1329 &a
468 1289 658 1321 Casaubon.
705 1290 785 1320 Cras
798 1298 853 1328 ge-

152 1340 241 1372 nium
253 1350 337 1372 mero
353 1340 498 1376 Curubis,
513 1343 543 1371 ee
555 1339 664 1380 porco]
686 1340 770 1371 Cras
795 1348 853 1379 ge·

151 1390 245 1421 nium
262 1388 397 1420 curabis
413 1397 520 1427 mero,
534 1393 570 1418 et
585 1397 690 1428 porco
709 1387 852 1418 duorum

152 1438 317 1470 mensium
334 1437 375 1468 ad
392 1436 584 1468 convivium
610 1445 686 1468 cum
707 1435 853 1468 familia·

151 1487 244 1519 ribus
258 1485 462 1527 habendum,
477 1495 543 1517 non
558 1489 595 1518 nt
609 1485 722 1518 Genio
735 1486 852 1517 immo-

151 1537 214 1569 les.

197 1588 238 1618 1'5
264 1587 367 1618 Porco
389 1585 545 1626 bimestri]
577 1585 717 1628 Antiqui
744 1585 854 1617 Codd.

153 1636 282 1668 habent
289 1636 458 1676 Bimestri,
468 1641 505 1667 nt
513 1635 586 1667 fere
595 1645 740 1676 semper.
757 1635 853 1667 Beue

151 1685 366 1718 autemwino
381 1685 567 1726 porcellum
594 1684 762 1726 adjungit,
783 1685 854 1716 ani-

155 1736 234 1772 mal,
260 1740 298 1766 ut
323 1735 372 1766 ait
386 1735 455 1773 ille,
472 1739 612 1774 propter
627 1735 783 1766 convivia
796 1743 854 1765 na-

155 1789 242 1816 -tnm-
266 1784 410 1815 Torreat.
460 1783 643 1823 [Nonnulli
659 1791 716 1822 ap.
733 1782 857 1822 Jaeck,

159 1842 254 1873 porca
268 1832 457 1872 bimenstri]

156 1901 162 1905 -
202 1884 244 1913 16
261 1882 340 1912 Cum
345 1881 480 1919 famulis
491 1889 618 1920 operum
630 1881 756 1922 solutis]
770 1881 856 1912 Cum

158 1930 293 1962 famulis
309 1930 351 1961 ab
368 1938 472 1970 opere
484 1929 697 1961 vacantibus.

162 1979 247 2012 Ona
265 1987 373 2011 xvur.
409 1977 634 2019 Προσευκτική.
645 2014 654 2019 .
678 1979 736 2010 An
766 1979 858 2010 Fau·

205 2037 299 2061 num.
343 2028 457 2059 Deum
469 2029 667 2068 sylvestrem
684 2033 858 2069 precatur,

159 2096 164 2100 >
205 2081 245 2109 ut
270 2085 334 2117 per
355 2085 434 2107 suos
461 2076 629 2108 transiens
656 2086 769 2118 agros,
793 2076 858 2108 sibi

160 2150 165 2155 ,
203 2126 343 2167 suisque
356 2125 402 2157 sit
417 2125 608 2166 propitius;
631 2134 672 2157 ac
689 2126 762 2157 vult
783 2134 858 2157 esse

160 2193 163 2195 ,
203 2185 385 2208 memorem
414 2184 544 2215 eorum,
571 2185 647 2216 quae
676 2174 858 2217 quotannis

161 2239 166 2244 -
202 2226 269 2267 ipsi
282 2225 440 2266 religiose
457 2230 611 2266 praestat.

161 2288 168 2294 ·
205 2280 225 2308 l
239 2276 348 2308 Faune
362 2275 594 2317 Nympharum]
609 2276 726 2308 Fauno
739 2276 859 2318 (quem

163 2325 280 2360 Graeei
304 2325 403 2357 Pana
417 2325 608 2366 appellant)
621 2325 861 2357 sacrificabant

165 2374 309 2408 Romani
322 2374 413 2405 Vere
438 2374 588 2412 ineunte,
603 2378 639 2405 et
655 2375 686 2406 N
692 2374 763 2405 onis
787 2375 860 2406 De-

166 2424 295 2456 cemhr.
339 2422 556 2463 Nympharum
569 2422 753 2462 fugientum
777 2433 862 2455 ama-

165 2471 232 2512 tor]
245 2472 336 2503 Mire
347 2471 441 2502 salax
455 2475 563 2503 totum
579 2470 662 2502 illud
677 2472 862 2512 agrestium

166 2521 308 2554 deorum
324 2529 444 2561 genus,
467 2529 550 2560 quos
569 2520 695 2561 Panas,
717 2521 862 2561 Faunos,

166 2573 319 2613 Satyros,
333 2573 396 2602 διο.
411 2570 631 2611 appellamus.
658 2571 710 2602 De
720 2580 862 2612 quorum

166 2631 235 2654 non
259 2622 293 2653 in
319 2621 494 2662 Nymphas
517 2625 660 2657 tantum,
681 2621 740 2652 sed
767 2626 803 2653 et
827 2621 863 2653 iu

167 2671 327 2704 mulieres
342 2670 493 2708 lascivia,
511 2679 588 2702 cum
610 2671 680 2710 alii,
699 2675 772 2703 tum
793 2671 863 2703 Au-

170 2721 322 2764 gustinus
337 2721 380 2752 de
397 2720 544 2752 Civitate
560 2720 628 2752 Dei
644 2729 706 2752 xv.
721 2723 775 2753 33.
790 2721 864 2752 Tor-

168 2775 250 2803 rent-
292 2769 527 2812 Nympharum]
549 2769 725 2809 Dryadum
739 2774 775 2801 et
792 2769 863 2802 Ha-

169 2820 406 2861 madryadum,
434 2829 510 2861 quae
538 2819 698 2852 silvarum
723 2823 803 2852 sunt
828 2823 865 2852 et

1479 290 1592 333 1469

894 391 1064 424 arborum.
1098 392 1194 432 Cruq.
1239 389 1434 430 fugientum
1458 391 1593 432 amator]

894 441 1044 483 Fugiunt
1066 441 1238 483 Nymphae
1264 444 1409 481 propter
1424 439 1595 472 Faunisa-

894 492 1080 531 lacitatem,
1117 500 1161 522 ne
1191 489 1427 531 virginitatem
1457 488 1596 520 amitte-

895 547 983 574 rent.

937 595 957 623 3
980 592 1077 624 Lenis
1090 590 1232 631 incedas]
1250 590 1444 632 Propitium
1459 589 1598 630 sibiop-

896 646 949 674 tat
965 651 1054 682 eum,
1079 651 1179 683 quem
1195 640 1410 682 Porphyrion
1433 640 1487 672 hic
1513 639 1599 671 infe-

895 701 968 723 rum
993 696 1029 723 et
1053 692 1271 735 pestilentem
1299 691 1414 722 Deum
1429 690 1600 731 appellat.

894 742 993 774 Inter
1014 751 1073 773 eos
1089 747 1197 781 certe,
1212 751 1296 783 qnos
1310 740 1454 781 χθονίους
1469 745 1506 772 et
1522 740 1596 771 ἔνιο-

894 790 1039 832 χθονίους
1054 796 1181 823 vocant
1199 791 1328 827 Graeci,
1353 790 1474 823 referri
1498 799 1598 830 posse

896 843 1042 883 Faunos,
1074 852 1143 874 nou
1173 841 1381 883 negaverim.
1433 839 1599 872 Noctium

896 904 978 926 vero
993 893 1140 926 ludibria
1154 893 1263 925 Fauni
1279 893 1464 925 immittere
1480 891 1603 924 crede-

897 944 1032 976 bantur.
1055 943 1105 974 sic
1136 943 1227 975 enim
1253 942 1297 975 de
1325 942 1466 975 Paeonia
1495 940 1601 973 herba

898 993 1028 1025 Plinius
1059 1001 1146 1025 xxV.
1174 996 1206 1025 4.
1237 992 1346 1024 ‘Haec
1377 990 1536 1023 medetur
1565 995 1602 1021 et

898 1042 1092 1074 Faunorum
1118 1042 1153 1073 in
1168 1042 1284 1084 quiete
1299 1040 1481 1074 ludibriis?
1509 1041 1601 1072 Torr.

897 1092 995 1123 Lenis
1020 1091 1161 1131 incedas]
1186 1092 1318 1124 Precor
1332 1096 1371 1123 ut
1386 1090 1525 1123 incedas
1541 1090 1603 1120 mi-

900 1143 944 1174 tis
973 1142 1047 1173 sine
1077 1142 1268 1183 iracundia,
1304 1147 1410 1183 utque
1446 1146 1600 1173 transeas

901 1192 1016 1233 parvis
1029 1193 1112 1224 meis
1127 1193 1224 1233 agnis
1239 1197 1276 1224 et
1291 1192 1397 1224 hoedis
1407 1192 1588 1223 innocuus.

943 1245 964 1274 4
986 1243 1108 1283 AEquus
1129 1242 1280 1284 damnis]
1302 1242 1345 1274 In
1371 1241 1602 1274 vetustissimo

902 1291 1024 1324 codice
1050 1293 1142 1323 loetus
1166 1292 1333 1333 scriptum
1348 1291 1501 1332 repperi.
1527 1291 1605 1321 Tor-

901 1344 983 1372 rent.
1026 1341 1114 1373 Sunt
1139 1342 1197 1382 qni
1219 1342 1229 1360 ‘
1247 1341 1421 1373 alamuos'
1446 1340 1603 1372 vernulas

901 1394 939 1420 et
976 1391 1101 1429 pueros
1136 1390 1426 1430 interpretentur,
1453 1397 1531 1419 nam
1567 1393 1604 1419 et

901 1440 1038 1471 Faunos
1064 1449 1188 1481 pueros
1209 1437 1350 1480 vexare,
1373 1443 1450 1471 erat
1475 1438 1606 1480 opinio,

902 1494 941 1520 ut
962 1489 1063 1520 Alex.
1087 1489 1131 1520 ab
1148 1489 1318 1521 Alexand.
1348 1498 1391 1520 n.
1416 1491 1471 1520 25.
1515 1488 1605 1520 Tum

903 1538 1035 1571 Nonius
1050 1539 1122 1570 vult
1136 1548 1255 1572 vocem
1271 1540 1281 1558 ‘
1296 1539 1452 1571 alumnus
1463 1538 1473 1554 ’
1491 1539 1606 1571 active

902 1592 939 1620 et
964 1588 1100 1629 passive
1124 1588 1250 1629 accipi,
1274 1592 1344 1620 tam
1375 1597 1439 1629 pro
1466 1597 1522 1629 eo,
1548 1589 1607 1629 qui

902 1638 1027 1678 nutrit,
1039 1648 1139 1680 quam
1155 1638 1212 1679 qni
1229 1637 1393 1670 nutritur.
1419 1638 1518 1676 Cruq.

947 1691 965 1718 5
984 1687 1021 1718 Si
1036 1686 1138 1726 tener]
1150 1687 1205 1718 lta
1217 1686 1402 1727 propitium
1417 1685 1479 1716 sibi
1491 1686 1606 1716 Deum

904 1738 1013 1774 optat,
1027 1734 1055 1765 si
1072 1739 1108 1765 et
1127 1735 1202 1775 ipse
1218 1734 1250 1765 ei
1267 1743 1368 1775 quem
1383 1732 1534 1764 debebat
1549 1732 1607 1762 ho-

904 1791 1022 1814 norem
1038 1782 1219 1824 impendit,
1234 1783 1363 1814 veritus
1377 1780 1545 1820 fortassis,
1563 1789 1607 1811 ne

906 1832 935 1862 si
952 1832 1049 1864 Deus
1065 1831 1352 1873 negligentiorem
1370 1829 1607 1871 deprehende-

906 1884 971 1916 ret,
1006 1880 1136 1912 frustra
1173 1881 1331 1921 precibus
1359 1879 1609 1921 interpellaret.

907 1929 917 1947 ‘
933 1929 1112 1961 Silvanus'
1128 1929 1220 1961 idem
1249 1931 1307 1971 qni
1342 1934 1350 1948 ¹
1365 1929 1518 1962 Faunns'
1547 1934 1609 1961 aut

908 1979 958 2011 illi
973 1988 1154 2020 germanus
1171 1990 1180 2010 ε
1204 1980 1294 2011 sicut
1305 1983 1341 2011 et
1357 1980 1366 1997 ‘
1383 1977 1486 2011 Pan.'.
1514 1978 1608 2010 Hinc

908 2027 919 2046 ‘
934 2028 1085 2061 Panica’
1103 2029 1210 2068 dicta,
1228 2039 1304 2071 quae
1332 2029 1462 2060 subitos
1490 2037 1530 2061 ac
1555 2038 1608 2060 re-

908 2078 1066 2118 pentinos
1091 2082 1241 2110 terrores
1268 2082 1400 2110 creant.
1426 2078 1514 2110 Torr.
1572 2078 1610 2109 Si

908 2132 996 2160 tener
1006 2129 1096 2169 pleno
1109 2129 1194 2159 cadit
1211 2128 1317 2159 hoedus
1326 2127 1422 2168 anuo]
1434 2126 1609 2168 Siquidem

908 2182 1008 2210 tener
1021 2178 1141 2210 hoedus
1155 2187 1244 2210 anno
1262 2178 1436 2219 completo
1461 2177 1524 2209 tibi
1550 2177 1610 2208 im-

906 2227 1100 2260 molabitur.

950 2280 972 2309 6
999 2277 1126 2310 Veneris
1153 2276 1268 2317 sodali]
1299 2276 1413 2308 Vocat
1440 2279 1609 2308 crateram

909 2327 1074 2359 ‘Veneris
1103 2327 1253 2359 sodalem
1267 2325 1289 2358 :'
1323 2330 1363 2357 ut
1391 2326 1527 2358 Lucret.
1552 2324 1611 2357 lib.

909 2385 952 2408 11.
974 2377 984 2394 ‘
995 2377 1156 2408 Ploratns
1171 2376 1287 2407 mortis
1303 2375 1447 2407 comites
1462 2380 1500 2407 et
1514 2374 1612 2406 fune-

910 2424 957 2455 ris
970 2423 1061 2455 atri.'
1102 2424 1249 2455 Veneris
1266 2428 1394 2462 autem,
1410 2424 1518 2464 qualis
1534 2432 1611 2455 cum

909 2471 1050 2504 Baccho
1064 2472 1223 2508 societas,
1232 2472 1388 2504 omnibus
1399 2476 1529 2504 notum.
1542 2472 1613 2502 Ve-

910 2522 1004 2552 neris
1019 2521 1108 2552 enim
1122 2521 1229 2553 veluti
1243 2521 1487 2552 nutrimentum
1504 2520 1611 2561 quod-

911 2571 989 2602 dam
1007 2570 1120 2601 vinum
1136 2574 1203 2602 est.
1246 2570 1362 2602 Quare
1392 2573 1429 2600 et
1457 2569 1511 2600 lac
1536 2569 1610 2608 ejus

911 2620 1064 2661 appellat
1094 2619 1340 2659 Aristophanes
1378 2617 1468 2658 apud
1505 2617 1612 2649 Athe-

911 2679 1023 2701 naeum
1052 2667 1111 2700 lib.
1139 2675 1178 2699 x.
1210 2666 1301 2698 Ἧδύς
1336 2678 1373 2698 τε
1401 2665 1502 2698 πίνειν
1531 2665 1611 2698 aluos

911 2717 1093 2760 Ἀφροδίτης
1104 2717 1204 2757 γάλα.
1218 2718 1362 2749 Torrent.
1392 2715 1515 2757 Sodali]
1527 2716 1611 2748 Cra-

912 2775 987 2802 tera
1008 2769 1137 2800 idcirco
1153 2767 1279 2799 dicitur
1293 2766 1431 2806 sodalis,
1447 2766 1500 2797 vel
1528 2766 1609 2797 ami-

914 2828 973 2852 cus
984 2818 1142 2858 Veneris,
1158 2817 1238 2859 quia
1254 2816 1326 2849 sine
1336 2816 1460 2849 Cerere
1471 2819 1508 2848 et
1522 2816 1609 2848 Bac-
