1904 3216
373 296 484 341 16:3⁴2

374 400 485 432 Deum
509 398 758 439 despicabilem,
773 401 808 428 et
823 396 866 428 de
880 406 945 438 quo
961 396 1052 428 dubi-

373 453 463 481 taret
479 459 519 480 an
536 450 567 479 in
593 448 666 478 caeli
690 451 839 479 senatum
867 451 1055 486 assumptus

373 503 476 538 esset,
489 508 507 529 e
524 499 612 537 ligno
629 506 757 536 quoque
779 496 887 536 fragili
910 495 1054 527 fabrica-

373 547 432 588 vit,
459 552 494 578 et
523 545 722 577 ‘ficulnum'
751 555 824 576 esse
857 545 979 582 voluit3
1018 549 1055 575 ut

373 606 461 627 nunc
482 597 490 612 ‘
510 595 693 636 quernum,'
721 604 806 626 nunc
829 594 839 610 ‘
857 593 1054 635 populeum'

374 645 548 684 Catullus;
589 646 599 662 ⁴
626 645 787 676 ulmeum’
827 638 893 675 alii}
937 644 1055 675 Hortis

373 695 544 734 praecipne
561 704 706 735 praeesse
722 694 936 732 credebatur,
957 703 1055 733 prop-

373 747 426 774 ter
459 743 735 775 foecunditatem:
774 747 811 774 ut
845 743 931 773 enim
963 747 1055 773 recte

373 792 522 830 Servius,
544 802 617 822 cum
643 793 706 822 alia
731 797 821 823 terra
842 792 942 822 semel
963 796 1056 823 creet

374 841 510 882 aliquid,
534 841 621 883 horti
647 850 824 882 numquam
851 841 920 871 siue
944 841 1056 872 fructu

373 894 461 921 sunt.
511 890 660 920 Tibullus
687 891 890 929 ‘agricolam
926 889 1056 920 Deum’

375 943 484 971 vocat.
521 939 658 970 Torrent-
709 939 870 979 Ficuznus]
909 940 1057 970 Truncus

374 987 430 1018 fici
461 988 598 1018 arboris.
642 988 756 1019 Inutile
781 987 914 1027 lignum]
944 989 1059 1018 Inutile

373 1037 428 1067 hic
455 1046 520 1067 non
548 1042 615 1067 tam
645 1037 818 1068 concernit
839 1041 874 1067 et
901 1037 1058 1076 exprimit

375 1089 527 1116 naturam
543 1086 634 1125 ligni,
653 1095 750 1125 quam
774 1085 885 1117 trunci
899 1084 1057 1124 figuram3

375 1134 432 1175 qui
459 1138 533 1166 erat
559 1135 647 1166 iners
671 1133 813 1173 ἅσχημος
837 1133 887 1165 καὶ
915 1133 1058 1174 ἄμορφος.

375 1192 441 1214 non
466 1183 608 1223 dolatus,
631 1184 710 1215 nulli
738 1184 810 1215 usui
832 1183 1059 1215 accommoda-

376 1235 429 1261 tus
442 1242 449 1262 ε
475 1241 587 1262 verum
602 1232 702 1264 desiit
717 1237 853 1265 truncus
868 1233 976 1263 inutile
997 1234 1058 1271 lig-

374 1289 448 1311 num
462 1281 637 1320 nominari,
662 1282 716 1313 ubi
734 1291 775 1313 ex
799 1292 839 1314 eo
858 1283 928 1322 jam
951 1281 1059 1313 factus

376 1334 465 1361 esset
482 1330 636 1370 Priapus.
662 1332 756 1371 Cruq.
801 1332 914 1363 Inutile
925 1331 1058 1371 lignum]

377 1378 517 1418 Lignum
531 1380 651 1411 nullam
665 1379 706 1410 ad
721 1390 788 1412 rem
805 1381 898 1412 utile.

418 1429 439 1457 2
461 1427 616 1468 Incertus]
644 1429 786 1460 Dubius.
832 1429 1001 1469 [Vanicel.
1029 1432 1057 1460 1.

367 1474 553 1515 saceretve]

417 1527 452 1568 [³
476 1527 570 1558 Idem
586 1528 714 1559 codex:
736 1530 814 1559 unde
831 1529 914 1568 ego-J

419 1577 439 1606 4
462 1576 622 1616 Formido]
643 1577 721 1607 Sum
734 1575 885 1608 formido.
922 1576 1060 1616 Dextra]

378 1626 500 1665 Neque
515 1626 602 1656 enim
617 1626 773 1657 inermem
785 1627 885 1657 decet
900 1636 974 1657 esse
986 1636 1060 1658 cns-

378 1674 501 1707 todem,
512 1678 545 1702 et
559 1673 629 1703 falx
644 1674 676 1704 in
693 1683 728 1704 re
745 1675 867 1704 rustica
885 1675 1060 1714 plurimum

378 1727 532 1761 praestat.
575 1723 715 1753 Torrent.
772 1723 896 1754 Dextra
931 1723 1060 1762 co‘e‘rcet]

380 1771 510 1805 Dextra
528 1780 598 1810 qum
614 1771 734 1802 falcem
752 1775 856 1803 tenet.

420 1824 439 1851 6
463 1820 583 1859 Ruber]
607 1820 718 1855 Ruber
734 1820 877 1858 Priapus
894 1820 965 1860 ipse
987 1829 1063 1851 cum

379 1868 520 1900 rubente
546 1868 696 1906 fascium
723 1873 758 1899 et
773 1869 914 1907 merito;
943 1868 1064 1899 rubore

381 1918 467 1948 enim
494 1922 631 1948 notatur
656 1918 757 1956 calor,
786 1918 818 1948 in
849 1917 1063 1958 generatione

380 1966 582 2006 praecipuus.
627 1966 673 1996 At
689 1966 848 2006 Priapum
872 1965 1065 2006 πρωτόγονον

381 2015 528 2054 appellat
544 2014 712 2054 Orpheus.
737 2015 782 2046 Et
798 2024 890 2053 sane,
905 2014 1063 2055 quicquid

381 2065 422 2094 de
439 2065 500 2095 hoc
518 2066 590 2094 Deo
613 2063 806 2096 fabulantur
819 2064 948 2104 Poetae,
965 2064 1064 2095 Libe-

381 2121 418 2142 ro
435 2112 534 2151 patri,
552 2122 589 2142 ac
606 2112 745 2151 proinde
760 2112 829 2143 Soli
851 2113 920 2143 sive
938 2111 1063 2151 Apolli-

382 2161 414 2191 ni
436 2160 603 2194 convenit.
617 2159 665 2190 διὰ
678 2159 714 2189 τὸ
727 2159 864 2198 γόνιμον,
887 2163 974 2190 teste
997 2159 1063 2189 Eu-

383 2209 505 2241 slathio
522 2213 554 2238 et
571 2208 654 2239 aliis.
680 2209 820 2239 Torrent-
865 2206 975 2246 Palus]
998 2207 1064 2237 Pe-

381 2257 430 2288 nis
442 2267 483 2287 ex
499 2257 575 2297 palo
591 2255 712 2287 factus.

425 2309 445 2336 6
467 2306 660 2344 Importunas
678 2306 828 2345 volucres]
860 2304 971 2343 Quod,
994 2304 1066 2335 sine

383 2357 450 2387 ulla
465 2356 531 2386 Dei
555 2356 756 2394 reverentia,
779 2356 893 2396 quovis
915 2359 1066 2395 tempore

384 2409 496 2437 essent
511 2405 673 2435 molesta».
699 2406 793 2443 Cruq.

426 2458 445 2486 '7
471 2453 591 2493 Terret]
619 2454 628 2471 ‘
645 2452 803 2484 Terrere'
828 2453 882 2484 hic
908 2461 973 2484 non
999 2456 1066 2483 tam

384 2509 507 2536 metum
530 2503 667 2542 injicere
688 2501 866 2541 significat,
881 2511 977 2542 quam
997 2501 1067 2532 abi-

385 2562 464 2593 gere
480 2561 518 2583 ac
534 2560 753 2583 summovere.
797 2550 911 2590 Atque
932 2551 979 2582 ita
995 2550 1067 2590 ipse

385 2602 502 2633 Horat.
524 2609 564 2632 ιι.
581 2601 652 2632 Sat.
672 2603 704 2631 5.
727 2601 736 2617 ‘
753 2600 802 2631 Ut
824 2599 916 2631 canis
939 2609 959 2630 a
977 2598 1068 2630 corio

383 2659 549 2690 nunquam
576 2648 816 2680 absterrebitur
846 2647 970 2679 uncto.’
1025 2647 1068 2678 Et

387 2698 507 2729 Cicero
539 2707 598 2738 pro
625 2698 774 2729 Planco:
811 2698 820 2715 ‘
843 2697 1020 2729 Neminem
1049 2705 1068 2727 a

386 2753 567 2784 congressu
590 2756 676 2785 meo,
689 2755 796 2786 neque.
817 2746 946 2785 janitor
965 2753 1069 2784 meus,

386 2797 493 2833 neque
522 2803 653 2826 somnus
683 2794 883 2836 absterruit.'
927 2794 1067 2824 Torreat.

823 307 962 336 NOTAE
994 306 1250 337 VARIORUM
1286 309 1336 338 IN
1396 337 1399 338 γ

1104 397 1203 428 Novis
1231 397 1386 429 considere
1410 398 1443 429 in
1467 398 1580 438 hortis]
1612 399 1651 430 In
1680 399 1781 436 bottis

1103 456 1208 486 nuper
1231 447 1324 485 satis,
1349 447 1415 486 vel,
1435 456 1541 487 nuper
1561 456 1579 477 a
1597 447 1785 483 Maecenate

1103 496 1270 527 institutis,
1307 496 1398 536 [Vat.
1423 496 1533 527 Palat.
1554 498 1587 527 4.
1609 497 1702 528 scissa
1726 507 1784 537 pro

1094 544 1223 584 fixa,et
1245 545 1284 575 ab
1304 545 1344 575 al.
1364 554 1406 575 m.
1421 544 1515 585 fissa,
1537 545 1626 585 quod
1649 554 1787 585 recepe„

1104 598 1182 624 runt
1195 594 1275 632 Fea,
1290 593 1410 629 Bothe,
1430 598 1464 623 et
1474 593 1592 626 Jaeck.
1605 593 1693 625 scioea
1707 593 1786 626 Vat-

1106 643 1200 674 Rom.
1217 646 1248 673 5.
1267 643 1409 673 insistere
1429 642 1510 674 Vat.
1535 641 1647 674 Palat.
1662 645 1696 678 4.
1716 652 1786 677 cou-

1103 691 1211 723 sistere
1226 693 1302 723 Vat.
1320 695 1368 723 lo.
1385 692 1461 722 Vat.
1478 691 1572 722 Rom.
1589 694 1639 723 10.
1659 697 1696 724 et
1709 693 1788 723 Val-

1104 741 1192 773 licel.
1206 741 1252 781 1.]

1147 793 1166 820 8
1189 791 1263 821 Huc
1282 791 1384 831 prius]
1410 790 1461 823 Ad
1484 792 1572 823 hunc
1591 790 1714 829 locum',
1731 789 1787 823 ubi

1106 840 1249 880 Priapus
1275 841 1396 872 stabat.
1441 840 1594 879 Angustia
1618 839 1715 877 eiecta
1738 849 1788 870 cos

1106 889 1216 919 dacem
1230 889 1326 928 cellis]
1348 890 1357 906 ‘
1375 888 1503 924 Caellass
1525 889 1632 930 inquit
1657 886 1787 922 Festus}

1106 939 1114 954 ‘
1131 937 1219 976 quod
1240 946 1281 967 ea
1298 938 1459 969 caelentur
1474 947 1549 978 quae
1566 938 1700 970 occulta
1715 946 1788 971 esse

1107 986 1269 1020 volumus,
1298 994 1357 1024 per
1383 995 1411 1015 ω
1438 985 1672 1016 scribendum!
1724 984 1790 1019 Alii

1109 1043 1168 1073 per
1182 1043 1199 1064 e
1214 1034 1285 1064 sine
1301 1034 1518 1074 diphthongo,
1532 1037 1569 1064 ut
1579 1038 1614 1064 et
1629 1033 1789 1071 Isidorus,

1105 1082 1115 1099 ⁴
1134 1083 1227 1115 Cella
1251 1083 1338 1122 quod
1366 1092 1424 1114 nos
1447 1083 1596 1114 occultet
1622 1087 1658 1112 et
1679 1082 1790 1114 celet!

1109 1131 1220 1163 Dictae
1249 1131 1351 1171 igitur
1379 1132 1472 1168 cella.
1502 1140 1672 1163 servorum
1701 1140 1790 1163 man·

1107 1179 1277 1210 siuuculae.
1303 1179 1377 1210 Nec
1393 1188 1561 1213 servorum
1578 1183 1719 1219 tantum,
1733 1178 1791 1211 aed

1109 1232 1143 1258 et
1160 1228 1345 1258 tenuiorum
1362 1227 1567 1268 habitacula,
1581 1237 1656 1268 quae
1671 1227 1742 1260 fere
1757 1229 1790 1260 in

1109 1279 1286 1309 coenaculis
1311 1283 1418 1311 erant.
1469 1279 1557 1312 Quin
1582 1279 1790 1311 meretricum

1109 1336 1251 1368 quoque.
1290 1327 1412 1360 Juven.
1437 1327 1508 1359 Sat.
1534 1336 1591 1359 lu.
1618 1327 1627 1345 ‘
1646 1326 1792 1358 Dubitas

1111 1375 1178 1406 alta
1193 1376 1340 1407 Chionen
1363 1376 1530 1407 deducere
1551 1375 1659 1409 cella.'
1701 1375 1792 1407 Hinc

1110 1424 1119 1442 ‘
1137 1424 1294 1458 cellaria:
1314 1425 1414 1455 etiam
1442 1425 1474 1455 in
1498 1425 1632 1464 templis
1654 1433 1694 1455 ac
1712 1423 1795 1455 divi-

1110 1476 1180 1504 tum
1211 1473 1350 1512 aedibus,
1378 1482 1456 1512 pars
1486 1474 1645 1504 remotior
1675 1473 1793 1504 obscu-

1111 1521 1256 1562 riorque,
1273 1522 1421 1552 celandis
1436 1521 1534 1552 rebus
1551 1527 1641 1561 apta.
1685 1520 1793 1559 Eiectat

1111 1579 1241 1610 quoque
1261 1571 1398 1609 proprie
1422 1570 1524 1606 dicit3
1550 1578 1615 1601 non
1641 1570 1732 1604 eluta,
1756 1575 1794 1601 ut

1110 1618 1152 1649 de
1168 1619 1316 1659 exequiis
1338 1618 1408 1648 fere
1432 1619 1613 1659 loquuntur
1628 1623 1795 1657 auctores,

1112 1667 1244 1707 quando
1260 1668 1376 1707 aliquis
1388 1669 1570 1707 sepulturae
1582 1668 1697 1700 honos.
1723 1669 1795 1700 Tor-

1111 1719 1191 1746 rent.
1236 1716 1392 1746 Cadaver-a
1411 1715 1509 1754 cellis]
1531 1715 1704 1748 Cadavem
1725 1717 1794 1748 ino-

1113 1774 1189 1805 pum
1206 1769 1241 1796 et
1259 1766 1461 1805 plebeiorum
1478 1764 1654 1797 hominum.

1154 1816 1175 1844 9
1199 1814 1365 1845 Conservus
1379 1813 1449 1853 vili]
1471 1813 1539 1846 Hic
1560 1814 1680 1846 merito
1699 1814 1796 1850 dubi÷

1115 1865 1178 1902 tes,
1206 1866 1215 1879 ‘
1231 1862 1446 1893 conservum'
1471 1871 1514 1893 ne
1540 1866 1638 1894 vocet
1659 1863 1731 1903 ejus
1742 1864 1796 1901 >in-

1114 1911 1199 1942 tuitu
1215 1911 1271 1952 qui
1288 1915 1434 1942 mortuus
1449 1911 1513 1950 sit;
1538 1919 1579 1943 an
1595 1910 1668 1950 ejus
1685 1911 1795 1951 potius

1113 1959 1207 1999 cujus
1233 1969 1337 1999 opera
1360 1959 1522 2000 portando
1546 1959 1700 1991 cadaveri
1717 1969 1798 1991 con-

1113 2008 1215 2039 ducta
1245 2008 1359 2040 fuerit.
1402 2009 1479 2039 Vile
1507 2017 1586 2040 sane
1611 2017 1651 2040 ac
1677 2008 1798 2040 servile

1113 2056 1256 2088 officium
1272 2057 1374 2088 fnisse
1388 2057 1606 2097 vespillonum
1626 2065 1666 2088 ac
1680 2057 1798 2088 sanda-

1112 2105 1316 2143 pilariorum,
1341 2115 1423 2144 quos
1452 2104 1650 2144 νεκροφόρουε
1676 2109 1797 2139 vocant

1113 2154 1237 2191 Graeci,
1252 2154 1457 2186 demonstrat
1471 2155 1572 2184 etiam
1587 2154 1708 2187 Juveu.
1723 2153 1797 2185 Sat.

1112 2211 1152 2234 11.
1169 2203 1178 2219 ‘
1197 2202 1394 2233 Conducere
1409 2202 1557 2241 flumina,
1577 2206 1705 2242 portus,
1723 2203 1796 2236 Sic-

1112 2251 1251 2282 eandam
1263 2252 1419 2290 eluviem,
1437 2251 1635 2291 portandum
1646 2252 1687 2287 ad
1697 2252 1795 2285 busta

1114 2299 1282 2330 cadaver.²
1307 2300 1447 2331 Turrem.
1495 2299 1629 2333 Looabat
1650 2301 1685 2335 ξι
1708 2300 1797 2341 ww]

1113 2350 1168 2380 De
1191 2349 1374 2387 Sandapila
1402 2349 1559 2388 loquitur,
1586 2357 1649 2389 qua
1677 2349 1799 2382 misera

1115 2398 1210 2438 plebs
1246 2397 1456 2429 efferebatur.
1530 2397 1617 2429 Vide
1652 2397 1799 2430 Tun-neb.

1116 2455 1207 2480 xxx.
1232 2449 1283 2479 80.
1329 2446 1368 2476 In
1397 2445 1484 2486 arca]
1511 2445 1588 2478 Non
1617 2445 1651 2477 in
1676 2453 1799 2481 ornato

1115 2494 1253 2526 feretro.
1300 2495 1389 2526 Olim
1415 2495 1501 2527 enim
1523 2494 1610 2534 apud
1632 2495 1799 2530 Romanos

1116 2554 1228 2577 servos
1242 2545 1462 2584 sepeliebant.
1505 2545 1613 2576 Vetus
1624 2544 1797 2578 Commen-

1115 2598 1206 2627 tator
1219 2603 1228 2628 x
1243 2595 1253 2612 ‘
1271 2593 1380 2624 Antea
1395 2592 1567 2634 Esquilina
1581 2593 1674 2633 regio
1688 2595 1799 2635 aepul-

1116 2643 1180 2674 cris
1196 2651 1366 2676 servorum
1385 2647 1419 2674 et
1441 2642 1634 2675 miserorum
1650 2646 1724 2675 erat
1739 2642 1797 2675 de-

1115 2694 1247 2727 dicata:
1275 2694 1423 2732 Rutgers.

1158 2746 1197 2775 10
1219 2742 1290 2775 Hoc
1314 2742 1443 2780 miserm,
1467 2740 1536 2781 ξω]
1569 2739 1795 2773 eonstimtum

1116 2795 1168 2825 est
1179 2791 1400 2832 sepulchrum.
1425 2787 1797 2829 Commu-eupolemum]
