1930 3204
470 281 679 317 nonA'rn
711 281 991 314 suasionum
1025 281 1122 312 ms.
1154 281 1186 312 1.
1215 271 1259 312 4.

145 375 232 408 Sar.
247 384 297 407 w.
345 374 510 408 Lucilium
533 379 666 407 veteres
688 373 843 406 comicos

188 425 332 457 Graecos
357 430 552 467 sequutum,
576 424 770 456 mordacem
790 422 842 454 fu-

188 475 256 506 isse
282 476 340 507 ait.
385 475 454 507 Sua
479 480 591 507 autem
616 473 753 514 Scripta
775 482 842 504 non

187 518 307 556 itidem
336 524 404 565 legi
435 524 593 562 ostendit,
623 531 723 563 quum
753 521 843 553 bona

189 583 268 614 pars
294 573 463 606 hominum
498 573 563 604 sibi
596 571 667 603 vitii
698 571 841 612 alicujus

188 623 336 663 conscia,
364 630 400 654 se
429 623 475 654 ibi
505 621 689 663 perstringi
718 621 841 653 sciant.

187 674 234 705 Se
263 673 390 715 alioqui
422 672 602 704 virulentia
630 680 762 711 carere,
799 680 840 702 ac

188 726 337 756 tantum⁷
353 723 472 764 jocose
501 725 538 753 et
567 721 662 752 velut
699 725 841 760 paterna

186 772 332 815 quadam
355 771 583 813 castigatione
601 770 644 802 ad
664 769 840 802 deterren-

186 823 248 855 dos
262 833 282 854 a
296 822 388 854 vitiis
395 822 550 854 *homines
565 820 615 853 uti
631 819 825 862 profitetur.

186 873 203 902 1
227 871 371 913 Eupolis]
405 869 590 902 Exorditur
617 869 660 901 ab
690 870 839 911 antiquae

143 922 328 954 Comoediae
352 921 590 962 scriptoribus,
613 925 651 952 ut
680 920 745 951 sibi
768 921 840 961 qui-

141 971 218 1004 dem
233 972 382 1004 nonnihil
399 970 491 1012 apud
507 971 678 1003 Romanos
693 969 842 1002 benevo-

140 1021 273 1060 lentiae,
298 1021 428 1053 Lucilio
458 1029 539 1051 vero
565 1020 642 1060 plus
667 1023 842 1060 comparet

141 1071 295 1111 invidiae,
310 1075 348 1103 ut
362 1071 418 1113 qui
433 1070 516 1102 satis
531 1075 631 1102 acute
646 1074 683 1102 et
698 1071 731 1102 in
747 1071 840 1102 cives

142 1121 333 1153 mordacius
352 1120 570 1161 scripsisset:
600 1130 636 1151 se
660 1129 739 1151 vero
761 1120 843 1151 nihil

143 1172 215 1204 tale
232 1170 402 1212 meditari,
415 1179 525 1212 neque
542 1170 718 1202 virulentis
734 1170 842 1203 blate-

143 1222 307 1253 ramentis
319 1230 356 1252 se
365 1231 566 1262 quemquam
579 1221 666 1253 velle
680 1222 842 1262 perstrin-

143 1281 236 1312 gere,
261 1271 321 1303 sed
349 1270 480 1302 urbana
505 1275 637 1302 tantum
665 1275 701 1302 et
727 1270 843 1303 faceta

142 1331 273 1353 morum
289 1321 514 1361 castigatione
536 1321 625 1352 cives
641 1331 660 1352 a
676 1321 769 1353 vitiis
785 1322 842 1354 de-

143 1375 285 1403 terrere.
332 1371 494 1412 Cratinus]
519 1371 657 1402 Persius
678 1371 768 1403 hunc
784 1381 842 1404 au·

142 1420 262 1453 dacem
286 1420 448 1460 nominat,
462 1420 551 1461 quod
573 1420 720 1452 maxima
741 1421 841 1452 liber-

142 1475 216 1502 tate
245 1470 425 1511 carpserit,
464 1474 501 1501 et
531 1470 722 1503 acerbitate
756 1471 842 1502 mira

141 1519 348 1561 prosciderit
356 1519 616 1552 Atheniensium
630 1519 728 1552 vitia.
746 1520 841 1560 Cruq.

142 1567 290 1609 Eupolis]
311 1567 561 1602 Quinctilianns
575 1567 636 1599 lib.
654 1577 692 1599 x.
710 1568 755 1600 de
770 1568 840 1600 An-

141 1619 238 1661 tiqua
267 1617 442 1650 Comoedia
471 1621 638 1659 tractans,
664 1619 674 1636 ⁴
691 1617 842 1659 Plures,'

141 1669 264 1711 inquit,
282 1669 292 1687 ⁴
310 1669 386 1709 ejus
408 1672 582 1709 auctores,
597 1667 843 1709 Aristophanes

141 1722 256 1750 tamen
277 1722 314 1750 et
337 1718 478 1759 Eupolis
505 1717 730 1759 Cratinusque
755 1728 842 1758 prae-

142 1767 259 1809 cipni.'
306 1767 378 1798 Hos
401 1766 506 1806 igitur
530 1773 600 1797 tres
623 1766 752 1801 veteris
777 1766 843 1797 Co-

143 1817 278 1848 moediae
291 1815 462 1857 principes
477 1815 619 1846 Flaccus
631 1818 749 1846 noster
761 1815 843 1846 mol-

142 1865 269 1897 lissime
286 1874 353 1896 uno
371 1873 469 1895 versu
485 1864 685 1903 complexus
700 1867 766 1906 est.
796 1863 844 1895 Il-

143 1914 201 1946 lud
219 1918 332 1946 autem
357 1913 400 1944 de
423 1912 594 1954 Eupolide
612 1912 842 1954 memorabile,

146 1965 237 2006 quod
250 1964 370 1996 Snidas
392 1973 470 1995 eum
494 1963 583 1994 bello
606 1963 766 1995 adversus
780 1964 844 1995 La-

144 2013 371 2046 cedaemonios
387 2012 478 2054 apud
489 2012 750 2053 Hellespontum
763 2022 843 2045 nau·

144 2062 254 2104 fragio
264 2063 455 2095 extinctum
469 2062 586 2101 tradit,
599 2062 689 2093 unde
702 2063 843 2094 vetitum

146 2111 255 2144 fuerit
270 2121 313 2143 ne
327 2112 401 2154 quis
418 2111 528 2143 Poeta
548 2111 720 2142 militaret.
753 2112 844 2143 Torr-

146 2162 291 2202 Eupolis,
320 2161 390 2202 ξω]
426 2161 472 2192 Hi
501 2161 675 2201 principes
705 2160 844 2192 fuerunt

143 2211 235 2244 inter
250 2211 377 2243 Poetas
394 2211 518 2242 veteris
535 2209 729 2242 Comoediae.

185 2263 207 2293 2
222 2260 352 2301 Prisca]
363 2260 537 2293 Comoedia
551 2259 664 2300 prisca
675 2262 750 2290 erat
762 2268 842 2300 pau-

145 2310 180 2342 lo
193 2310 468 2348 maledicentior‚
483 2318 583 2350 qnam
605 2312 644 2340 ut
665 2318 764 2340 aures
786 2310 844 2340 ho-

145 2360 274 2391 minum
288 2359 380 2390 ferre
397 2362 547 2398 possent.

188 2411 208 2439 3
232 2407 361 2447 Dignus
380 2406 529 2447 describi]
557 2406 677 2438 Qualis
703 2405 844 2438 Athenis

148 2456 256 2489 fnisse
270 2459 548 2494 commemorant,
563 2455 737 2495 Cleonem,
749 2456 846 2487 Cleo-

149 2506 326 2547 phantem,
343 2504 589 2545 Hyperbolum,
612 2504 765 2536 homines
786 2506 847 2537 im-

148 2554 276 2596 probos
301 2558 339 2585 et
370 2553 562 2585 seditiosos.
605 2552 655 2585 At
683 2563 764 2586 vero
798 2555 847 2587 illi

149 2603 280 2636 Comici
305 2602 475 2634 Periclem
494 2611 641 2644 quoque,
665 2607 699 2634 et
726 2603 847 2636 Socra-

149 2659 235 2692 tem,
249 2652 402 2694 aliosque
425 2661 570 2684 summos
592 2652 626 2683 in
648 2652 784 2693 Repub.
801 2654 847 2685 vi-

150 2711 206 2734 ros
229 2701 298 2733 suis
320 2700 476 2733 versibus
500 2701 678 2732 violarunt.
722 2701 847 2734 Melius

149 2754 267 2793 itaque
287 2751 445 2791 Romani,
463 2751 519 2794 qui
534 2750 674 2783 notandi
691 2750 847 2783 videren—

151 2806 208 2833 tur
224 2811 244 2833 a
259 2801 463 2834 censoribus
486 2801 598 2834 notari
619 2801 767 2839 voluere,
783 2811 847 2834 nec

1478 271 1590 315 1619

895 374 987 414 passi
1011 378 1090 406 sunt
1114 374 1219 406 vitam
1243 373 1435 416 famamque
1459 374 1591 416 subJec-

894 429 962 456 tam
975 434 1050 456 esse
1062 425 1196 466 probris
1205 428 1242 456 et
1252 424 1383 466 injuriis
1394 423 1591 462 Poetarum,

893 476 1010 516 capite
1034 476 1138 507 etiam
1162 475 1275 517 puniri
1296 474 1498 514 sancientes,
1521 474 1592 504 tale

892 534 1029 556 carmen
1042 525 1192 557 condere
1205 525 1232 556 si
1244 524 1318 566 quis
1330 523 1483 556 auderet.
1502 524 1591 555 Torr.

891 574 1054 614 Describi]
1076 575 1211 616 Dignus
1226 574 1350 606 notari.

933 627 954 655 4
969 623 1125 663 sicarius]
1147 624 1158 641 ⁴
1172 624 1287 656 Sicam
1299 623 1308 637 ’
1323 634 1342 655 a
1359 623 1507 656 secando
1519 623 1592 654 dic-

891 677 961 704 tam
988 683 1054 704 non
1085 673 1186 704 modo
1211 673 1451 714 Grammatici,
1472 673 1531 705 sed
1555 677 1593 704 et

889 722 970 756 JCti
986 722 1170 755 tradidere.
1214 724 1299 755 Erat
1322 729 1437 756 autem
1460 723 1592 765 gladius

890 771 1017 811 brevis,
1032 782 1097 813 quo
1113 771 1216 804 facile
1229 774 1363 805 occulto
1383 778 1593 813 grassatores

890 821 970 853 olim
985 821 1190 852 utebantur:
1207 821 1286 852 hinc
1303 822 1442 862 proprie
1454 822 1594 862 quidem

892 871 950 913 qui
966 871 1037 902 sica
1052 870 1222 902 hominem
1238 871 1441 911 occiderint,
1453 871 1514 902 sed
1530 881 1594 912 per

890 921 1087 953 abusionem
1110 930 1327 962 quocumque
1350 922 1419 953 telo
1443 920 1479 952 id
1500 920 1594 952 fece-

892 971 974 1011 rint,
1002 972 1012 988 ‘
1028 970 1159 1003 sicarii’
1189 971 1420 1012 appellantur,
1449 977 1487 1002 et
1516 971 1593 1012 lege

892 1020 1050 1052 Cornelia
1062 1020 1118 1052 De
1133 1021 1264 1052 sicariis
1277 1024 1449 1053 tenentur.
1481 1020 1573 1053 Tm.

934 1074 954 1102 5
981 1070 1143 1110 Fanwsus]
1169 1071 1283 1111 Fama,
1297 1080 1374 1112 quae
1397 1070 1478 1101 nihil
1499 1070 1592 1101 alind

892 1129 992 1160 quam
1006 1120 1192 1151 communis
1204 1119 1247 1151 de
1262 1120 1374 1161 aliquo
1390 1120 1507 1160 populi
1519 1119 1593 1160 opi-

893 1169 949 1200 nio
974 1174 1040 1209 est,
1065 1174 1102 1201 ut
1126 1174 1219 1201 recte
1243 1174 1363 1201 censet
1388 1170 1530 1210 Nonius,
1558 1170 1592 1200 in

893 1223 1073 1260 utramque
1093 1224 1227 1260 partem
1247 1219 1437 1260 accipitur:
1450 1220 1596 1258 famosus

894 1278 1032 1310 semper
1053 1278 1114 1309 pro
1130 1268 1258 1309 infami,
1283 1272 1322 1300 ut
1343 1269 1458 1300 multis
1480 1278 1594 1301 exem-

894 1319 958 1360 plis
973 1319 1063 1350 idem
1078 1319 1192 1352 docet.
1233 1319 1327 1351 Hinc
1343 1319 1354 1337 ‘
1371 1320 1530 1352 mulieres
1544 1319 1596 1351 fa-

893 1368 1018 1408 mosae,’
1032 1368 1162 1400 easdem
1174 1378 1249 1410 quae
1263 1373 1273 1387 ⁴
1283 1369 1477 1409 probrosae.¹
1501 1370 1594 1401 Torr.

894 1418 1061 1458 Famosus]
1083 1418 1188 1450 Malae
1202 1417 1314 1450 famae.

934 1469 957 1498 6
980 1467 1082 1507 Hinc]
1105 1467 1161 1498 Ab
1178 1467 1245 1498 illis
1261 1466 1393 1499 Poetis.
1437 1467 1594 1508 Lux-ilius]

894 1517 1104 1557 Cognomine
1124 1516 1262 1556 Bassus,
1289 1516 1402 1557 patria
1419 1516 1597 1549 Aurunca-

890 1576 967 1606 nus,
983 1567 1139 1598 inventor
1154 1566 1288 1606 Satyrae
1305 1565 1396 1607 apud
1410 1566 1594 1598 Romanos.

890 1616 943 1647 De
960 1625 1026 1657 quo
1045 1616 1095 1648 sic
1111 1615 1279 1648 Quinctil.
1302 1615 1363 1649 lib.
1385 1624 1422 1647 x.
1444 1617 1454 1634 ⁸
1467 1616 1596 1658 Satyra

890 1665 1027 1706 quidem
1044 1669 1118 1696 tota
1129 1669 1245 1697 nostra
1261 1670 1326 1705 est,
1340 1665 1374 1696 in
1389 1674 1454 1706 qua
1466 1666 1594 1706 primus

890 1715 1057 1754 insignem
1085 1713 1219 1745 laudem
1247 1714 1394 1754 adeptus
1421 1718 1474 1745 est
1496 1714 1596 1745 Luci-

889 1763 968 1801 lius,
993 1763 1048 1804 qui
1072 1762 1235 1804 quosdam
1259 1763 1308 1793 ita
1330 1762 1465 1794 deditos
1485 1762 1595 1794 adhuc

892 1812 996 1844 habet
1009 1812 1072 1843 sibi
1084 1816 1269 1851 amatores,
1282 1816 1319 1843 ut
1330 1821 1408 1843 eum
1423 1821 1490 1843 non
1507 1812 1594 1854 ejus-

893 1861 970 1893 dem
986 1861 1084 1892 modo
1099 1861 1213 1902 operis
1226 1861 1436 1900 auctoribus,
1449 1861 1508 1893 sed
1525 1871 1595 1893 om—

892 1911 989 1942 nibus
1005 1910 1126 1943 Poetis
1152 1910 1317 1952 praeferre
1340 1920 1406 1943 non
1423 1911 1596 1944 dubitent.

894 1962 967 2001 Ego
984 1965 1144 2003 qnantum
1162 1961 1205 1992 ab
1221 1961 1300 2001 illis,
1317 1966 1448 1994 tantum
1465 1961 1509 1993 ab
1525 1962 1598 1994 Ho-

894 2011 980 2043 ratio
1005 2011 1182 2051 dissentio,
1206 2011 1262 2052 qui
1289 2011 1460 2043 Lucilium
1490 2011 1597 2044 fluere

894 2061 1110 2099 lutulentum,
1125 2064 1162 2092 et
1177 2070 1251 2092 esse
1267 2061 1394 2102 aliquid
1415 2061 1504 2103 quod
1533 2062 1598 2093 tol-

894 2110 965 2142 lere
982 2112 1087 2151 possis
1106 2114 1205 2151 putat
1220 2122 1227 2139 :
1251 2120 1329 2142 nam
1345 2116 1382 2142 et
1397 2112 1546 2143 eruditio
1562 2112 1597 2143 in

898 2170 940 2192 eo
957 2161 1054 2200 mira,
1069 2165 1106 2192 et
1120 2160 1272 2197 libertas,
1288 2165 1391 2202 atque
1406 2161 1486 2192 inde
1502 2170 1598 2193 acer-

894 2210 994 2249 bitas,
1017 2215 1054 2241 et
1072 2209 1206 2241 abunde
1223 2210 1325 2242 salis.'
1352 2211 1494 2242 Torrent-
1536 2212 1601 2243 Lu-

892 2260 998 2300 cilius]
1021 2260 1173 2291 Lucilius
1199 2260 1312 2291 Poeta
1339 2260 1522 2298 Romanus,
1539 2262 1598 2302 qni

893 2310 1027 2341 illorum
1045 2310 1192 2350 priscam
1206 2309 1430 2351 comoediam,
1443 2311 1596 2343 Latinam

894 2357 979 2389 fecit
993 2359 1164 2398 satyram.

937 2410 956 2437 7
992 2407 1128 2438 Mutatis
1156 2410 1278 2438 tantum
1299 2408 1446 2448 pedibus]
1481 2409 1596 2441 Quare

897 2456 982 2487 nihil
998 2456 1105 2495 aliud,
1120 2466 1221 2497 quam
1237 2458 1478 2498 negligentiam
1496 2459 1596 2489 Luci-

895 2509 930 2539 lii
946 2509 981 2539 in
998 2508 1145 2539 numeris
1163 2512 1198 2539 et
1215 2508 1359 2548 pedibus
1376 2514 1484 2541 notat.
1527 2509 1597 2541 Sed

895 2557 1174 2599 quemadmodum
1204 2559 1353 2588 maxima
1381 2568 1458 2598 pars
1491 2559 1596 2590 etiam

896 2607 1023 2639 veteris
1048 2607 1233 2638 Comoediae
1251 2606 1376 2638 lambis
1403 2609 1597 2645 constabat,

896 2656 932 2687 in
963 2655 1084 2696 quibus
1118 2663 1252 2695 semper
1278 2659 1439 2687 accurate
1465 2657 1552 2688 ratio
1577 2667 1598 2688 a

897 2705 1028 2736 Graecis
1058 2703 1176 2735 habita
1206 2702 1272 2734 fuit
1302 2712 1530 2746 numerorum,
1559 2710 1595 2738 et

898 2754 1034 2796 quidem
1051 2754 1149 2794 longe
1165 2762 1264 2794 quam
1277 2752 1312 2783 in
1326 2754 1515 2794 Dactylicis
1527 2765 1597 2787 ma-

899 2804 963 2844 gis,
993 2805 1026 2835 in
1060 2803 1179 2844 quibus
1207 2802 1467 2843 negligentiores
1491 2802 1595 2838 fuisse
