<?xml version="1.0" encoding="UTF-8"?>
<!DOCTYPE html PUBLIC "-//W3C//DTD XHTML 1.0 Transitional//EN"
    "http://www.w3.org/TR/xhtml1/DTD/xhtml1-transitional.dtd">
<html xmlns="http://www.w3.org/1999/xhtml" xml:lang="en" lang="en">
 <head>
  <title>
</title>
<meta http-equiv="Content-Type" content="text/html;charset=utf-8" />
  <meta name='ocr-system' content='tesseract 3.04.00' />
  <meta name='ocr-capabilities' content='ocr_page ocr_carea ocr_par ocr_line ocrx_word'/>
</head>
<body>
  <div class='ocr_page' id='page_1' title='image "./operazeune03horauoft/operazeune03horauoft_0499.png"; bbox 0 0 1904 3216; ppageno 0'>
   <div class='ocr_carea' id='block_1_1' title="bbox 473 283 1260 327">
    <p class='ocr_par' dir='ltr' id='par_1_1' title="bbox 473 283 1260 327">
     <span class='ocr_line' id='line_1_1' title="bbox 473 283 1260 327; baseline -0.004 0"><span class='ocrx_word' id='word_1_1' title='bbox 473 294 684 327; x_wconf 68' lang='lat' dir='ltr'>noRA&#39;ru</span> <span class='ocrx_word' id='word_1_2' title='bbox 717 293 993 326; x_wconf 74' lang='lat' dir='ltr'>snnMonu</span> <span class='ocrx_word' id='word_1_3' title='bbox 1029 293 1124 324; x_wconf 76' lang='lat' dir='ltr'>mn.</span> <span class='ocrx_word' id='word_1_4' title='bbox 1156 293 1188 323; x_wconf 90' lang='lat'>1.</span> <span class='ocrx_word' id='word_1_5' title='bbox 1216 283 1260 324; x_wconf 88' lang='lat'>6.</span> 
     </span>
    </p>
   </div>
   <div class='ocr_carea' id='block_1_2' title="bbox 144 389 852 2867">
    <p class='ocr_par' dir='ltr' id='par_1_2' title="bbox 195 389 591 432">
     <span class='ocr_line' id='line_1_2' title="bbox 195 389 591 432; baseline -0.008 -8"><span class='ocrx_word' id='word_1_6' title='bbox 195 395 234 424; x_wconf 90' lang='lat'>85</span> <span class='ocrx_word' id='word_1_7' title='bbox 262 391 363 432; x_wconf 79' lang='lat' dir='ltr'>Olim]</span> <span class='ocrx_word' id='word_1_8' title='bbox 387 389 591 432; x_wconf 83' lang='lat' dir='ltr'>Aliquando.</span> 
     </span>
    </p>

    <p class='ocr_par' dir='ltr' id='par_1_3' title="bbox 147 436 848 1024">
     <span class='ocr_line' id='line_1_3' title="bbox 194 436 846 482; baseline -0.009 -8"><span class='ocrx_word' id='word_1_9' title='bbox 194 444 238 474; x_wconf 80' lang='lat'>86</span> <span class='ocrx_word' id='word_1_10' title='bbox 259 442 300 474; x_wconf 78' lang='lat' dir='ltr'>Si</span> <span class='ocrx_word' id='word_1_11' title='bbox 318 450 420 482; x_wconf 75' lang='lat' dir='ltr'>proeco</span> <span class='ocrx_word' id='word_1_12' title='bbox 439 439 569 480; x_wconf 75' lang='lat' dir='ltr'>paruas]</span> <span class='ocrx_word' id='word_1_13' title='bbox 592 438 628 470; x_wconf 90' lang='lat' dir='ltr'>Si</span> <span class='ocrx_word' id='word_1_14' title='bbox 647 447 702 469; x_wconf 88' lang='lat' dir='ltr'>me</span> <span class='ocrx_word' id='word_1_15' title='bbox 723 436 766 468; x_wconf 89' lang='lat' dir='ltr'>ad</span> <span class='ocrx_word' id='word_1_16' title='bbox 783 436 846 469; x_wconf 90' lang='lat' dir='ltr'>hoc</span> 
     </span>
     <span class='ocr_line' id='line_1_4' title="bbox 151 489 842 533; baseline -0.01 -7"><span class='ocrx_word' id='word_1_17' title='bbox 151 494 368 533; x_wconf 72' lang='lat' dir='ltr'><strong>instituisset,</strong></span> <span class='ocrx_word' id='word_1_18' title='bbox 384 497 421 524; x_wconf 90' lang='lat' dir='ltr'>ut</span> <span class='ocrx_word' id='word_1_19' title='bbox 441 501 556 532; x_wconf 63' lang='lat' dir='ltr'>praeco</span> <span class='ocrx_word' id='word_1_20' title='bbox 571 489 704 522; x_wconf 81' lang='lat' dir='ltr'>fuissem</span> <span class='ocrx_word' id='word_1_21' title='bbox 719 489 774 520; x_wconf 85' lang='lat' dir='ltr'>vel</span> <span class='ocrx_word' id='word_1_22' title='bbox 790 498 842 520; x_wconf 89' lang='lat' dir='ltr'>co-</span> 
     </span>
     <span class='ocr_line' id='line_1_5' title="bbox 153 535 846 583; baseline -0.009 -7"><span class='ocrx_word' id='word_1_23' title='bbox 153 548 260 579; x_wconf 87' lang='lat' dir='ltr'>actor,</span> <span class='ocrx_word' id='word_1_24' title='bbox 276 541 311 574; x_wconf 87' lang='lat' dir='ltr'>id</span> <span class='ocrx_word' id='word_1_25' title='bbox 327 535 392 583; x_wconf 79' lang='lat' dir='ltr'>est,</span> <span class='ocrx_word' id='word_1_26' title='bbox 411 540 662 583; x_wconf 80' lang='lat' dir='ltr'><strong>publicanorum</strong></span> <span class='ocrx_word' id='word_1_27' title='bbox 679 538 846 570; x_wconf 82' lang='lat' dir='ltr'><strong>minister.</strong></span> 
     </span>
     <span class='ocr_line' id='line_1_6' title="bbox 155 587 845 634; baseline -0.007 -9"><span class='ocrx_word' id='word_1_28' title='bbox 155 593 302 634; x_wconf 72' lang='lat' dir='ltr'>coactor]</span> <span class='ocrx_word' id='word_1_29' title='bbox 320 592 472 633; x_wconf 79' lang='lat' dir='ltr'>Cognata</span> <span class='ocrx_word' id='word_1_30' title='bbox 483 594 596 622; x_wconf 83' lang='lat' dir='ltr'>autem</span> <span class='ocrx_word' id='word_1_31' title='bbox 609 587 722 620; x_wconf 83' lang='lat' dir='ltr'>officia</span> <span class='ocrx_word' id='word_1_32' title='bbox 737 589 747 605; x_wconf 92' lang='lat'>‘</span> <span class='ocrx_word' id='word_1_33' title='bbox 758 598 845 629; x_wconf 86' lang='lat' dir='ltr'>prae-</span> 
     </span>
     <span class='ocr_line' id='line_1_7' title="bbox 151 638 847 675; baseline -0.01 1"><span class='ocrx_word' id='word_1_34' title='bbox 151 641 294 675; x_wconf 88' lang='lat' dir='ltr'>couum&#39;</span> <span class='ocrx_word' id='word_1_35' title='bbox 327 651 368 674; x_wconf 89' lang='lat' dir='ltr'>ac</span> <span class='ocrx_word' id='word_1_36' title='bbox 398 646 407 660; x_wconf 90' lang='lat'>‘</span> <span class='ocrx_word' id='word_1_37' title='bbox 421 645 616 673; x_wconf 87' lang='lat' dir='ltr'>coactorum</span> <span class='ocrx_word' id='word_1_38' title='bbox 630 638 651 669; x_wconf 90' lang='lat'>:&#39;</span> <span class='ocrx_word' id='word_1_39' title='bbox 688 643 727 670; x_wconf 88' lang='lat' dir='ltr'>ut</span> <span class='ocrx_word' id='word_1_40' title='bbox 756 639 847 670; x_wconf 88' lang='lat' dir='ltr'>enim</span> 
     </span>
     <span class='ocr_line' id='line_1_8' title="bbox 148 687 846 735; baseline -0.009 -11"><span class='ocrx_word' id='word_1_41' title='bbox 148 694 160 711; x_wconf 81' lang='lat'>⁴</span> <span class='ocrx_word' id='word_1_42' title='bbox 173 702 350 735; x_wconf 58' lang='lat' dir='ltr'>praecones</span> <span class='ocrx_word' id='word_1_43' title='bbox 358 691 367 706; x_wconf 90' lang='lat'>’</span> <span class='ocrx_word' id='word_1_44' title='bbox 377 689 588 723; x_wconf 78' lang='lat' dir='ltr'>auctionibus</span> <span class='ocrx_word' id='word_1_45' title='bbox 600 687 846 730; x_wconf 88' lang='lat' dir='ltr'>quodammodo</span> 
     </span>
     <span class='ocr_line' id='line_1_9' title="bbox 153 737 846 783; baseline -0.007 -10"><span class='ocrx_word' id='word_1_46' title='bbox 153 746 329 783; x_wconf 70' lang='lat' dir='ltr'>preerant</span> <span class='ocrx_word' id='word_1_47' title='bbox 360 741 456 783; x_wconf 89' lang='lat' dir='ltr'>(nam</span> <span class='ocrx_word' id='word_1_48' title='bbox 475 749 529 771; x_wconf 88' lang='lat' dir='ltr'>res</span> <span class='ocrx_word' id='word_1_49' title='bbox 551 737 762 770; x_wconf 87' lang='lat' dir='ltr'>licitantibus</span> <span class='ocrx_word' id='word_1_50' title='bbox 788 737 846 769; x_wconf 86' lang='lat' dir='ltr'>ad-</span> 
     </span>
     <span class='ocr_line' id='line_1_10' title="bbox 153 787 844 832; baseline -0.009 -8"><span class='ocrx_word' id='word_1_51' title='bbox 153 789 345 832; x_wconf 49' lang='lat' dir='ltr'>diceban)</span> <span class='ocrx_word' id='word_1_52' title='bbox 369 790 418 822; x_wconf 80' lang='lat' dir='ltr'>sic</span> <span class='ocrx_word' id='word_1_53' title='bbox 439 789 450 807; x_wconf 79' lang='lat'><strong><em>⁶</em></strong></span> <span class='ocrx_word' id='word_1_54' title='bbox 467 787 662 821; x_wconf 79' lang='lat' dir='ltr'>coactores’</span> <span class='ocrx_word' id='word_1_55' title='bbox 683 797 795 819; x_wconf 88' lang='lat' dir='ltr'>rerum</span> <span class='ocrx_word' id='word_1_56' title='bbox 811 788 844 818; x_wconf 91' lang='lat' dir='ltr'>in</span> 
     </span>
     <span class='ocr_line' id='line_1_11' title="bbox 147 838 845 880; baseline -0.006 -7"><span class='ocrx_word' id='word_1_57' title='bbox 147 842 285 874; x_wconf 80' lang='lat' dir='ltr'>actione</span> <span class='ocrx_word' id='word_1_58' title='bbox 299 840 510 873; x_wconf 79' lang='lat' dir='ltr'>venditarum</span> <span class='ocrx_word' id='word_1_59' title='bbox 533 839 647 880; x_wconf 88' lang='lat' dir='ltr'>pretia</span> <span class='ocrx_word' id='word_1_60' title='bbox 667 838 758 870; x_wconf 83' lang='lat' dir='ltr'>intra</span> <span class='ocrx_word' id='word_1_61' title='bbox 772 847 845 870; x_wconf 88' lang='lat' dir='ltr'>cer-</span> 
     </span>
     <span class='ocr_line' id='line_1_12' title="bbox 150 887 846 932; baseline -0.007 -9"><span class='ocrx_word' id='word_1_62' title='bbox 150 896 222 923; x_wconf 83' lang='lat' dir='ltr'>tum</span> <span class='ocrx_word' id='word_1_63' title='bbox 233 891 325 923; x_wconf 86' lang='lat' dir='ltr'>diem</span> <span class='ocrx_word' id='word_1_64' title='bbox 337 888 644 932; x_wconf 73' lang='lat' dir='ltr'>prosequebantur,</span> <span class='ocrx_word' id='word_1_65' title='bbox 660 898 680 919; x_wconf 86' lang='lat' dir='ltr'>a</span> <span class='ocrx_word' id='word_1_66' title='bbox 690 887 846 929; x_wconf 85' lang='lat' dir='ltr'>cogenda</span> 
     </span>
     <span class='ocr_line' id='line_1_13' title="bbox 148 937 848 982; baseline -0.006 -9"><span class='ocrx_word' id='word_1_67' title='bbox 148 949 208 972; x_wconf 82' lang='lat' dir='ltr'>seu</span> <span class='ocrx_word' id='word_1_68' title='bbox 224 939 410 982; x_wconf 81' lang='lat' dir='ltr'>redigenda</span> <span class='ocrx_word' id='word_1_69' title='bbox 421 945 519 972; x_wconf 89' lang='lat' dir='ltr'>certa</span> <span class='ocrx_word' id='word_1_70' title='bbox 530 938 690 970; x_wconf 83' lang='lat' dir='ltr'>mercede</span> <span class='ocrx_word' id='word_1_71' title='bbox 702 937 848 979; x_wconf 87' lang='lat' dir='ltr'>pecunia</span> 
     </span>
     <span class='ocr_line' id='line_1_14' title="bbox 149 990 423 1024; baseline -0.007 -1"><span class='ocrx_word' id='word_1_72' title='bbox 149 990 244 1024; x_wconf 87' lang='lat' dir='ltr'>dicti.</span> <span class='ocrx_word' id='word_1_73' title='bbox 275 991 423 1023; x_wconf 70' lang='lat' dir='ltr'>Torreat.</span> 
     </span>
    </p>

    <p class='ocr_par' dir='ltr' id='par_1_4' title="bbox 150 1038 847 1230">
     <span class='ocr_line' id='line_1_15' title="bbox 192 1038 846 1080; baseline 0 -9"><span class='ocrx_word' id='word_1_74' title='bbox 192 1042 234 1071; x_wconf 84' lang='grc'>87</span> <span class='ocrx_word' id='word_1_75' title='bbox 261 1040 368 1080; x_wconf 72' lang='lat' dir='ltr'>Neque</span> <span class='ocrx_word' id='word_1_76' title='bbox 381 1038 454 1079; x_wconf 84' lang='lat' dir='ltr'>ego]</span> <span class='ocrx_word' id='word_1_77' title='bbox 475 1038 512 1070; x_wconf 88' lang='lat' dir='ltr'>Si</span> <span class='ocrx_word' id='word_1_78' title='bbox 534 1048 587 1070; x_wconf 88' lang='lat' dir='ltr'>me</span> <span class='ocrx_word' id='word_1_79' title='bbox 604 1038 743 1070; x_wconf 74' lang='lat' dir='ltr'>fecisset</span> <span class='ocrx_word' id='word_1_80' title='bbox 758 1048 846 1079; x_wconf 78' lang='lat' dir='ltr'>prae—</span> 
     </span>
     <span class='ocr_line' id='line_1_16' title="bbox 151 1087 846 1128; baseline 0 -9"><span class='ocrx_word' id='word_1_81' title='bbox 151 1097 271 1120; x_wconf 86' lang='lat' dir='ltr'>eonem</span> <span class='ocrx_word' id='word_1_82' title='bbox 286 1091 346 1120; x_wconf 86' lang='lat' dir='ltr'>aut</span> <span class='ocrx_word' id='word_1_83' title='bbox 359 1092 562 1120; x_wconf 73' lang='lat' dir='ltr'>coactor-em.</span> <span class='ocrx_word' id='word_1_84' title='bbox 606 1088 656 1119; x_wconf 84' lang='lat' dir='ltr'>Ob</span> <span class='ocrx_word' id='word_1_85' title='bbox 674 1087 730 1119; x_wconf 73' lang='lat' dir='ltr'>hoc</span> <span class='ocrx_word' id='word_1_86' title='bbox 750 1087 846 1128; x_wconf 79' lang='lat' dir='ltr'>nunc]</span> 
     </span>
     <span class='ocr_line' id='line_1_17' title="bbox 153 1137 847 1179; baseline 0.003 -11"><span class='ocrx_word' id='word_1_87' title='bbox 153 1137 305 1179; x_wconf 84' lang='lat' dir='ltr'>Antiqua</span> <span class='ocrx_word' id='word_1_88' title='bbox 327 1137 429 1170; x_wconf 88' lang='lat' dir='ltr'>lectio</span> <span class='ocrx_word' id='word_1_89' title='bbox 463 1146 585 1178; x_wconf 82' lang='lat' dir='ltr'>magno</span> <span class='ocrx_word' id='word_1_90' title='bbox 610 1147 775 1170; x_wconf 86' lang='lat' dir='ltr'>consensu</span> <span class='ocrx_word' id='word_1_91' title='bbox 807 1140 847 1170; x_wconf 81' lang='lat' dir='ltr'>ad</span> 
     </span>
     <span class='ocr_line' id='line_1_18' title="bbox 150 1187 749 1230; baseline 0.003 -12"><span class='ocrx_word' id='word_1_92' title='bbox 150 1188 207 1218; x_wconf 71' lang='lat' dir='ltr'>hoc</span> <span class='ocrx_word' id='word_1_93' title='bbox 222 1197 315 1230; x_wconf 72' lang='lat' dir='ltr'>nanc,</span> <span class='ocrx_word' id='word_1_94' title='bbox 330 1197 393 1220; x_wconf 89' lang='lat' dir='ltr'>uec</span> <span class='ocrx_word' id='word_1_95' title='bbox 409 1187 581 1229; x_wconf 84' lang='lat' dir='ltr'>displicet.</span> <span class='ocrx_word' id='word_1_96' title='bbox 605 1189 749 1220; x_wconf 71' lang='lat' dir='ltr'>Tou-rene.</span> 
     </span>
    </p>

    <p class='ocr_par' dir='ltr' id='par_1_5' title="bbox 144 1238 851 2716">
     <span class='ocr_line' id='line_1_19' title="bbox 195 1238 848 1278; baseline 0 -8"><span class='ocrx_word' id='word_1_97' title='bbox 195 1240 237 1270; x_wconf 85' lang='grc'>88</span> <span class='ocrx_word' id='word_1_98' title='bbox 258 1238 347 1270; x_wconf 73' lang='lat' dir='ltr'>Laus</span> <span class='ocrx_word' id='word_1_99' title='bbox 369 1238 419 1270; x_wconf 76' lang='lat' dir='ltr'>im</span> <span class='ocrx_word' id='word_1_100' title='bbox 437 1239 574 1274; x_wconf 70' lang='lat' dir='ltr'>debetur,</span> <span class='ocrx_word' id='word_1_101' title='bbox 589 1241 620 1270; x_wconf 81' lang='lat' dir='ltr'>et</span> <span class='ocrx_word' id='word_1_102' title='bbox 642 1248 662 1270; x_wconf 82' lang='lat' dir='ltr'>a</span> <span class='ocrx_word' id='word_1_103' title='bbox 680 1248 728 1270; x_wconf 80' lang='lat' dir='ltr'>me</span> <span class='ocrx_word' id='word_1_104' title='bbox 740 1238 848 1278; x_wconf 77' lang='lat' dir='ltr'>gratia</span> 
     </span>
     <span class='ocr_line' id='line_1_20' title="bbox 150 1288 847 1330; baseline 0 -10"><span class='ocrx_word' id='word_1_105' title='bbox 150 1288 262 1330; x_wconf 73' lang='lat' dir='ltr'>mnjor]</span> <span class='ocrx_word' id='word_1_106' title='bbox 279 1289 385 1321; x_wconf 81' lang='lat' dir='ltr'>Recte</span> <span class='ocrx_word' id='word_1_107' title='bbox 399 1298 407 1319; x_wconf 68' lang='grc' dir='ltr'><em>ε</em></span> <span class='ocrx_word' id='word_1_108' title='bbox 423 1288 483 1320; x_wconf 83' lang='lat' dir='ltr'>sed</span> <span class='ocrx_word' id='word_1_109' title='bbox 500 1298 574 1320; x_wconf 87' lang='lat' dir='ltr'>cum</span> <span class='ocrx_word' id='word_1_110' title='bbox 590 1289 625 1319; x_wconf 91' lang='lat' dir='ltr'>in</span> <span class='ocrx_word' id='word_1_111' title='bbox 637 1290 847 1330; x_wconf 89' lang='lat' dir='ltr'>manuscrip-</span> 
     </span>
     <span class='ocr_line' id='line_1_21' title="bbox 152 1338 847 1379; baseline -0.001 -9"><span class='ocrx_word' id='word_1_112' title='bbox 152 1339 197 1370; x_wconf 87' lang='lat' dir='ltr'>tis</span> <span class='ocrx_word' id='word_1_113' title='bbox 223 1339 280 1375; x_wconf 76' lang='lat' dir='ltr'>sit,</span> <span class='ocrx_word' id='word_1_114' title='bbox 304 1339 344 1370; x_wconf 75' lang='lat' dir='ltr'>ab</span> <span class='ocrx_word' id='word_1_115' title='bbox 362 1340 419 1371; x_wconf 76' lang='lat' dir='ltr'>hoc</span> <span class='ocrx_word' id='word_1_116' title='bbox 442 1349 535 1378; x_wconf 73' lang='lat' dir='ltr'>nune,</span> <span class='ocrx_word' id='word_1_117' title='bbox 560 1340 659 1379; x_wconf 80' lang='lat' dir='ltr'>longe</span> <span class='ocrx_word' id='word_1_118' title='bbox 676 1338 847 1370; x_wconf 71' lang='lat' dir='ltr'>venustius</span> 
     </span>
     <span class='ocr_line' id='line_1_22' title="bbox 149 1388 846 1429; baseline 0 -10"><span class='ocrx_word' id='word_1_119' title='bbox 149 1388 245 1429; x_wconf 81' lang='lat' dir='ltr'>legas</span> <span class='ocrx_word' id='word_1_120' title='bbox 259 1388 323 1420; x_wconf 83' lang='lat' dir='ltr'>boc</span> <span class='ocrx_word' id='word_1_121' title='bbox 336 1388 450 1429; x_wconf 87' lang='lat' dir='ltr'>modo,</span> <span class='ocrx_word' id='word_1_122' title='bbox 463 1392 497 1420; x_wconf 79' lang='lat' dir='ltr'>nt</span> <span class='ocrx_word' id='word_1_123' title='bbox 511 1389 568 1420; x_wconf 69' lang='lat' dir='ltr'>hoc</span> <span class='ocrx_word' id='word_1_124' title='bbox 581 1398 661 1420; x_wconf 80' lang='lat' dir='ltr'>nunc</span> <span class='ocrx_word' id='word_1_125' title='bbox 668 1399 681 1426; x_wconf 90' lang='lat'>,·</span> <span class='ocrx_word' id='word_1_126' title='bbox 692 1393 746 1420; x_wconf 84' lang='lat' dir='ltr'>est</span> <span class='ocrx_word' id='word_1_127' title='bbox 757 1388 846 1420; x_wconf 88' lang='lat' dir='ltr'>enim</span> 
     </span>
     <span class='ocr_line' id='line_1_23' title="bbox 150 1437 846 1479; baseline 0.001 -10"><span class='ocrx_word' id='word_1_128' title='bbox 150 1438 218 1478; x_wconf 78' lang='lat' dir='ltr'>hoc,</span> <span class='ocrx_word' id='word_1_129' title='bbox 233 1438 284 1469; x_wconf 69' lang='grc' dir='ltr'>ἐπὶ</span> <span class='ocrx_word' id='word_1_130' title='bbox 297 1437 410 1479; x_wconf 73' lang='grc' dir='ltr'><strong><em>τούτῳ,</em></strong></span> <span class='ocrx_word' id='word_1_131' title='bbox 421 1438 465 1470; x_wconf 89' lang='lat' dir='ltr'>ob</span> <span class='ocrx_word' id='word_1_132' title='bbox 480 1439 553 1470; x_wconf 85' lang='lat' dir='ltr'>hoc.</span> <span class='ocrx_word' id='word_1_133' title='bbox 576 1439 632 1470; x_wconf 90' lang='lat' dir='ltr'>Ita</span> <span class='ocrx_word' id='word_1_134' title='bbox 645 1438 745 1470; x_wconf 90' lang='lat' dir='ltr'>alibi:</span> <span class='ocrx_word' id='word_1_135' title='bbox 763 1439 772 1456; x_wconf 92' lang='lat'>‘</span> <span class='ocrx_word' id='word_1_136' title='bbox 783 1438 846 1469; x_wconf 86' lang='lat' dir='ltr'>hoc</span> 
     </span>
     <span class='ocr_line' id='line_1_24' title="bbox 145 1487 846 1520; baseline 0 -1"><span class='ocrx_word' id='word_1_137' title='bbox 145 1487 215 1519; x_wconf 65' lang='lat' dir='ltr'>vtibi</span> <span class='ocrx_word' id='word_1_138' title='bbox 233 1488 361 1520; x_wconf 80' lang='lat' dir='ltr'>Paulus</span> <span class='ocrx_word' id='word_1_139' title='bbox 376 1493 411 1520; x_wconf 81' lang='lat' dir='ltr'>et</span> <span class='ocrx_word' id='word_1_140' title='bbox 426 1489 589 1520; x_wconf 79' lang='lat' dir='ltr'>Messalla</span> <span class='ocrx_word' id='word_1_141' title='bbox 605 1487 755 1520; x_wconf 66' lang='lat' dir='ltr'>videris!</span> <span class='ocrx_word' id='word_1_142' title='bbox 799 1489 846 1519; x_wconf 89' lang='lat' dir='ltr'>Et</span> 
     </span>
     <span class='ocr_line' id='line_1_25' title="bbox 148 1536 845 1578; baseline 0 -10"><span class='ocrx_word' id='word_1_143' title='bbox 148 1537 213 1568; x_wconf 83' lang='lat' dir='ltr'>bac</span> <span class='ocrx_word' id='word_1_144' title='bbox 227 1537 346 1569; x_wconf 85' lang='lat' dir='ltr'>eadem</span> <span class='ocrx_word' id='word_1_145' title='bbox 360 1538 488 1578; x_wconf 83' lang='lat' dir='ltr'>Satyra</span> <span class='ocrx_word' id='word_1_146' title='bbox 501 1538 602 1578; x_wconf 89' lang='lat' dir='ltr'>paulo</span> <span class='ocrx_word' id='word_1_147' title='bbox 617 1543 696 1569; x_wconf 88' lang='lat' dir='ltr'>ante</span> <span class='ocrx_word' id='word_1_148' title='bbox 710 1548 718 1569; x_wconf 77' lang='lat' dir='ltr'>t</span> <span class='ocrx_word' id='word_1_149' title='bbox 744 1541 754 1555; x_wconf 89' lang='lat'><em>‘</em></span> <span class='ocrx_word' id='word_1_150' title='bbox 770 1536 845 1569; x_wconf 84' lang='lat' dir='ltr'>feli-</span> 
     </span>
     <span class='ocr_line' id='line_1_26' title="bbox 149 1587 845 1628; baseline -0.003 -8"><span class='ocrx_word' id='word_1_151' title='bbox 149 1596 222 1620; x_wconf 87' lang='lat' dir='ltr'>cem</span> <span class='ocrx_word' id='word_1_152' title='bbox 237 1587 353 1620; x_wconf 82' lang='lat' dir='ltr'>dicere</span> <span class='ocrx_word' id='word_1_153' title='bbox 367 1597 433 1619; x_wconf 91' lang='lat' dir='ltr'>non</span> <span class='ocrx_word' id='word_1_154' title='bbox 449 1588 511 1619; x_wconf 85' lang='lat' dir='ltr'>hoe</span> <span class='ocrx_word' id='word_1_155' title='bbox 526 1588 586 1618; x_wconf 90' lang='lat' dir='ltr'>Me</span> <span class='ocrx_word' id='word_1_156' title='bbox 601 1597 748 1628; x_wconf 88' lang='lat' dir='ltr'>possum,</span> <span class='ocrx_word' id='word_1_157' title='bbox 763 1597 845 1619; x_wconf 88' lang='lat' dir='ltr'>casu</span> 
     </span>
     <span class='ocr_line' id='line_1_27' title="bbox 149 1635 843 1677; baseline -0.001 -8"><span class='ocrx_word' id='word_1_158' title='bbox 149 1636 239 1677; x_wconf 85' lang='lat' dir='ltr'>quod</span> <span class='ocrx_word' id='word_1_159' title='bbox 260 1642 296 1670; x_wconf 90' lang='lat' dir='ltr'>te</span> <span class='ocrx_word' id='word_1_160' title='bbox 311 1637 452 1671; x_wconf 82' lang='lat' dir='ltr'>sortitus</span> <span class='ocrx_word' id='word_1_161' title='bbox 468 1635 639 1669; x_wconf 60' lang='lat' dir='ltr'>amicum?</span> <span class='ocrx_word' id='word_1_162' title='bbox 682 1638 729 1668; x_wconf 90' lang='lat' dir='ltr'>Et</span> <span class='ocrx_word' id='word_1_163' title='bbox 745 1646 843 1669; x_wconf 86' lang='lat' dir='ltr'>versu</span> 
     </span>
     <span class='ocr_line' id='line_1_28' title="bbox 148 1686 846 1729; baseline -0.003 -10"><span class='ocrx_word' id='word_1_164' title='bbox 148 1689 255 1719; x_wconf 59' lang='lat' dir='ltr'>met</span> <span class='ocrx_word' id='word_1_165' title='bbox 276 1697 370 1729; x_wconf 82' lang='lat' dir='ltr'>seqq.</span> <span class='ocrx_word' id='word_1_166' title='bbox 396 1688 445 1718; x_wconf 81' lang='lat' dir='ltr'>ita</span> <span class='ocrx_word' id='word_1_167' title='bbox 470 1686 791 1727; x_wconf 74' lang='lat' dir='ltr'>interpungendum,</span> <span class='ocrx_word' id='word_1_168' title='bbox 807 1691 846 1717; x_wconf 90' lang='lat' dir='ltr'>ut</span> 
     </span>
     <span class='ocr_line' id='line_1_29' title="bbox 144 1736 844 1776; baseline -0.004 -8"><span class='ocrx_word' id='word_1_169' title='bbox 144 1736 188 1768; x_wconf 73' lang='lat' dir='ltr'>-in</span> <span class='ocrx_word' id='word_1_170' title='bbox 214 1741 314 1768; x_wconf 82' lang='lat' dir='ltr'>textu</span> <span class='ocrx_word' id='word_1_171' title='bbox 337 1736 424 1768; x_wconf 67' lang='grc' dir='ltr'>Βοὴ.</span> <span class='ocrx_word' id='word_1_172' title='bbox 447 1736 612 1776; x_wconf 83' lang='lat' dir='ltr'>Stephani</span> <span class='ocrx_word' id='word_1_173' title='bbox 634 1736 844 1775; x_wconf 85' lang='lat' dir='ltr'>interpunxi.</span> 
     </span>
     <span class='ocr_line' id='line_1_30' title="bbox 150 1785 847 1827; baseline -0.006 -9"><span class='ocrx_word' id='word_1_174' title='bbox 150 1785 266 1827; x_wconf 83' lang='lat' dir='ltr'>Atque</span> <span class='ocrx_word' id='word_1_175' title='bbox 281 1785 360 1817; x_wconf 80' lang='lat' dir='ltr'>alios</span> <span class='ocrx_word' id='word_1_176' title='bbox 375 1786 478 1824; x_wconf 77' lang='lat' dir='ltr'>legere</span> <span class='ocrx_word' id='word_1_177' title='bbox 497 1786 538 1815; x_wconf 83' lang='lat' dir='ltr'>ad</span> <span class='ocrx_word' id='word_1_178' title='bbox 551 1785 687 1823; x_wconf 76' lang='lat' dir='ltr'>fastum,</span> <span class='ocrx_word' id='word_1_179' title='bbox 701 1793 769 1815; x_wconf 91' lang='lat' dir='ltr'>non</span> <span class='ocrx_word' id='word_1_180' title='bbox 791 1793 847 1815; x_wconf 87' lang='lat' dir='ltr'>au-</span> 
     </span>
     <span class='ocr_line' id='line_1_31' title="bbox 153 1834 848 1874; baseline -0.001 -8"><span class='ocrx_word' id='word_1_181' title='bbox 153 1841 224 1867; x_wconf 86' lang='lat' dir='ltr'>tem</span> <span class='ocrx_word' id='word_1_182' title='bbox 249 1835 291 1866; x_wconf 80' lang='lat' dir='ltr'>ad</span> <span class='ocrx_word' id='word_1_183' title='bbox 308 1834 433 1873; x_wconf 72' lang='lat' dir='ltr'>fastum</span> <span class='ocrx_word' id='word_1_184' title='bbox 454 1837 588 1874; x_wconf 76' lang='lat' dir='ltr'>optaret.</span> <span class='ocrx_word' id='word_1_185' title='bbox 639 1834 742 1867; x_wconf 81' lang='lat' dir='ltr'>Quod</span> <span class='ocrx_word' id='word_1_186' title='bbox 768 1843 848 1866; x_wconf 85' lang='lat' dir='ltr'>vero</span> 
     </span>
     <span class='ocr_line' id='line_1_32' title="bbox 152 1883 849 1924; baseline -0.003 -8"><span class='ocrx_word' id='word_1_187' title='bbox 152 1884 352 1917; x_wconf 76' lang='lat' dir='ltr'>Torrentius</span> <span class='ocrx_word' id='word_1_188' title='bbox 372 1883 530 1918; x_wconf 85' lang='lat' dir='ltr'>affirmat,</span> <span class='ocrx_word' id='word_1_189' title='bbox 545 1883 665 1915; x_wconf 84' lang='lat' dir='ltr'>falsum</span> <span class='ocrx_word' id='word_1_190' title='bbox 681 1892 776 1915; x_wconf 80' lang='lat' dir='ltr'>esse:</span> <span class='ocrx_word' id='word_1_191' title='bbox 801 1883 849 1924; x_wconf 87' lang='lat' dir='ltr'>id,</span> 
     </span>
     <span class='ocr_line' id='line_1_33' title="bbox 151 1934 850 1978; baseline -0.003 -10"><span class='ocrx_word' id='word_1_192' title='bbox 151 1935 246 1978; x_wconf 85' lang='lat' dir='ltr'>quod</span> <span class='ocrx_word' id='word_1_193' title='bbox 271 1935 452 1967; x_wconf 81' lang='lat' dir='ltr'>Lambinus</span> <span class='ocrx_word' id='word_1_194' title='bbox 475 1934 607 1974; x_wconf 85' lang='lat' dir='ltr'>scribit,</span> <span class='ocrx_word' id='word_1_195' title='bbox 633 1935 668 1966; x_wconf 89' lang='lat' dir='ltr'>in</span> <span class='ocrx_word' id='word_1_196' title='bbox 696 1934 850 1976; x_wconf 84' lang='lat' dir='ltr'>pluribus</span> 
     </span>
     <span class='ocr_line' id='line_1_34' title="bbox 154 1985 850 2027; baseline -0.001 -10"><span class='ocrx_word' id='word_1_197' title='bbox 154 1985 393 2027; x_wconf 72' lang='lat' dir='ltr'>manuscriptis</span> <span class='ocrx_word' id='word_1_198' title='bbox 415 1985 571 2021; x_wconf 71' lang='lat' dir='ltr'>honustus,</span> <span class='ocrx_word' id='word_1_199' title='bbox 588 1994 686 2027; x_wconf 90' lang='lat' dir='ltr'>quam</span> <span class='ocrx_word' id='word_1_200' title='bbox 707 1985 850 2017; x_wconf 75' lang='lat' dir='ltr'>honestos</span> 
     </span>
     <span class='ocr_line' id='line_1_35' title="bbox 154 2035 848 2076; baseline 0 -10"><span class='ocrx_word' id='word_1_201' title='bbox 154 2035 219 2075; x_wconf 72' lang='lat' dir='ltr'>legi</span> <span class='ocrx_word' id='word_1_202' title='bbox 233 2045 242 2066; x_wconf 74' lang='grc' dir='ltr'><em>τ</em></span> <span class='ocrx_word' id='word_1_203' title='bbox 266 2039 435 2076; x_wconf 79' lang='lat' dir='ltr'>optassem</span> <span class='ocrx_word' id='word_1_204' title='bbox 451 2040 487 2067; x_wconf 88' lang='lat' dir='ltr'>et</span> <span class='ocrx_word' id='word_1_205' title='bbox 502 2036 564 2066; x_wconf 88' lang='lat' dir='ltr'>hoc</span> <span class='ocrx_word' id='word_1_206' title='bbox 579 2036 668 2074; x_wconf 90' lang='lat' dir='ltr'>loco,</span> <span class='ocrx_word' id='word_1_207' title='bbox 683 2039 718 2066; x_wconf 88' lang='lat' dir='ltr'>et</span> <span class='ocrx_word' id='word_1_208' title='bbox 732 2035 848 2066; x_wconf 87' lang='lat' dir='ltr'>multis</span> 
     </span>
     <span class='ocr_line' id='line_1_36' title="bbox 154 2084 848 2124; baseline -0.001 -9"><span class='ocrx_word' id='word_1_209' title='bbox 154 2084 242 2124; x_wconf 86' lang='lat' dir='ltr'>aliis,</span> <span class='ocrx_word' id='word_1_210' title='bbox 255 2084 330 2124; x_wconf 80' lang='lat' dir='ltr'>viri,</span> <span class='ocrx_word' id='word_1_211' title='bbox 344 2085 500 2116; x_wconf 82' lang='lat' dir='ltr'>siveram</span> <span class='ocrx_word' id='word_1_212' title='bbox 515 2084 738 2124; x_wconf 84' lang='lat' dir='ltr'>admittimus,</span> <span class='ocrx_word' id='word_1_213' title='bbox 750 2084 848 2124; x_wconf 87' lang='lat' dir='ltr'>longe</span> 
     </span>
     <span class='ocr_line' id='line_1_37' title="bbox 151 2134 848 2175; baseline -0.001 -9"><span class='ocrx_word' id='word_1_214' title='bbox 151 2143 195 2166; x_wconf 80' lang='lat' dir='ltr'>se</span> <span class='ocrx_word' id='word_1_215' title='bbox 205 2134 340 2175; x_wconf 78' lang='lat' dir='ltr'>majoris</span> <span class='ocrx_word' id='word_1_216' title='bbox 354 2134 471 2166; x_wconf 85' lang='lat' dir='ltr'>honori</span> <span class='ocrx_word' id='word_1_217' title='bbox 487 2134 710 2175; x_wconf 82' lang='lat' dir='ltr'>pepercisset.</span> <span class='ocrx_word' id='word_1_218' title='bbox 744 2134 848 2165; x_wconf 82' lang='lat' dir='ltr'>Certe</span> 
     </span>
     <span class='ocr_line' id='line_1_38' title="bbox 152 2184 848 2226; baseline -0.003 -10"><span class='ocrx_word' id='word_1_219' title='bbox 152 2184 188 2216; x_wconf 87' lang='lat' dir='ltr'>in</span> <span class='ocrx_word' id='word_1_220' title='bbox 200 2185 334 2225; x_wconf 71' lang='lat' dir='ltr'>&#39;septem</span> <span class='ocrx_word' id='word_1_221' title='bbox 350 2184 537 2224; x_wconf 82' lang='lat' dir='ltr'>codicibus,</span> <span class='ocrx_word' id='word_1_222' title='bbox 547 2193 690 2226; x_wconf 90' lang='lat' dir='ltr'>quorum</span> <span class='ocrx_word' id='word_1_223' title='bbox 705 2193 848 2224; x_wconf 84' lang='lat' dir='ltr'>excerp-</span> 
     </span>
     <span class='ocr_line' id='line_1_39' title="bbox 144 2233 848 2274; baseline 0 -10"><span class='ocrx_word' id='word_1_224' title='bbox 144 2238 189 2266; x_wconf 77' lang='lat' dir='ltr'>ta</span> <span class='ocrx_word' id='word_1_225' title='bbox 203 2234 286 2265; x_wconf 84' lang='lat' dir='ltr'>mihi</span> <span class='ocrx_word' id='word_1_226' title='bbox 299 2234 417 2266; x_wconf 75' lang='lat' dir='ltr'>videre</span> <span class='ocrx_word' id='word_1_227' title='bbox 431 2233 587 2274; x_wconf 86' lang='lat' dir='ltr'>contigit,</span> <span class='ocrx_word' id='word_1_228' title='bbox 599 2243 666 2265; x_wconf 89' lang='lat' dir='ltr'>uno</span> <span class='ocrx_word' id='word_1_229' title='bbox 682 2242 848 2264; x_wconf 86' lang='lat' dir='ltr'>consensu</span> 
     </span>
     <span class='ocr_line' id='line_1_40' title="bbox 149 2282 848 2325; baseline -0.003 -9"><span class='ocrx_word' id='word_1_230' title='bbox 149 2284 298 2316; x_wconf 61' lang='lat' dir='ltr'>haustos</span> <span class='ocrx_word' id='word_1_231' title='bbox 309 2283 446 2325; x_wconf 78' lang='lat' dir='ltr'>legitur.</span> <span class='ocrx_word' id='word_1_232' title='bbox 489 2284 536 2315; x_wconf 88' lang='lat' dir='ltr'>Et</span> <span class='ocrx_word' id='word_1_233' title='bbox 551 2293 645 2322; x_wconf 86' lang='lat' dir='ltr'>vero,</span> <span class='ocrx_word' id='word_1_234' title='bbox 660 2292 737 2314; x_wconf 90' lang='lat' dir='ltr'>cum</span> <span class='ocrx_word' id='word_1_235' title='bbox 753 2282 848 2315; x_wconf 92' lang='lat' dir='ltr'>nobi-</span> 
     </span>
     <span class='ocr_line' id='line_1_41' title="bbox 152 2332 849 2373; baseline -0.004 -8"><span class='ocrx_word' id='word_1_236' title='bbox 152 2333 287 2366; x_wconf 82' lang='lat' dir='ltr'>litatem</span> <span class='ocrx_word' id='word_1_237' title='bbox 310 2333 365 2364; x_wconf 84' lang='lat' dir='ltr'>bic</span> <span class='ocrx_word' id='word_1_238' title='bbox 386 2337 597 2372; x_wconf 82' lang='lat' dir='ltr'>contemnat,</span> <span class='ocrx_word' id='word_1_239' title='bbox 619 2332 678 2372; x_wconf 86' lang='lat' dir='ltr'>qui</span> <span class='ocrx_word' id='word_1_240' title='bbox 700 2336 764 2372; x_wconf 87' lang='lat' dir='ltr'>est,</span> <span class='ocrx_word' id='word_1_241' title='bbox 790 2333 849 2373; x_wconf 89' lang='lat' dir='ltr'>qui</span> 
     </span>
     <span class='ocr_line' id='line_1_42' title="bbox 155 2381 850 2422; baseline -0.006 -6"><span class='ocrx_word' id='word_1_242' title='bbox 155 2393 222 2416; x_wconf 88' lang='lat' dir='ltr'>non</span> <span class='ocrx_word' id='word_1_243' title='bbox 239 2383 351 2415; x_wconf 80' lang='lat' dir='ltr'>videat</span> <span class='ocrx_word' id='word_1_244' title='bbox 367 2382 440 2422; x_wconf 85' lang='lat' dir='ltr'>ejus</span> <span class='ocrx_word' id='word_1_245' title='bbox 457 2382 633 2422; x_wconf 87' lang='lat' dir='ltr'>proposito</span> <span class='ocrx_word' id='word_1_246' title='bbox 656 2381 756 2420; x_wconf 84' lang='lat' dir='ltr'>longe</span> <span class='ocrx_word' id='word_1_247' title='bbox 771 2390 850 2412; x_wconf 91' lang='lat' dir='ltr'>con—</span> 
     </span>
     <span class='ocr_line' id='line_1_43' title="bbox 156 2430 849 2470; baseline -0.006 -6"><span class='ocrx_word' id='word_1_248' title='bbox 156 2431 346 2464; x_wconf 80' lang='lat' dir='ltr'>venientius</span> <span class='ocrx_word' id='word_1_249' title='bbox 360 2439 448 2470; x_wconf 82' lang='lat' dir='ltr'>esse,</span> <span class='ocrx_word' id='word_1_250' title='bbox 462 2430 589 2470; x_wconf 84' lang='lat' dir='ltr'>dicere,</span> <span class='ocrx_word' id='word_1_251' title='bbox 600 2439 655 2461; x_wconf 83' lang='lat' dir='ltr'>eos</span> <span class='ocrx_word' id='word_1_252' title='bbox 667 2430 849 2461; x_wconf 84' lang='lat' dir='ltr'>honoribus</span> 
     </span>
     <span class='ocr_line' id='line_1_44' title="bbox 158 2478 850 2519; baseline -0.004 -6"><span class='ocrx_word' id='word_1_253' title='bbox 158 2490 226 2512; x_wconf 90' lang='lat' dir='ltr'>uon</span> <span class='ocrx_word' id='word_1_254' title='bbox 239 2481 398 2512; x_wconf 79' lang='lat' dir='ltr'>honestos</span> <span class='ocrx_word' id='word_1_255' title='bbox 414 2479 585 2519; x_wconf 85' lang='lat' dir='ltr'>incedere,</span> <span class='ocrx_word' id='word_1_256' title='bbox 600 2478 656 2510; x_wconf 78' lang='lat' dir='ltr'>sed</span> <span class='ocrx_word' id='word_1_257' title='bbox 669 2479 850 2511; x_wconf 84' lang='lat' dir='ltr'>honustos?</span> 
     </span>
     <span class='ocr_line' id='line_1_45' title="bbox 159 2528 851 2569; baseline 0 -9"><span class='ocrx_word' id='word_1_258' title='bbox 159 2529 206 2560; x_wconf 87' lang='lat' dir='ltr'>Et</span> <span class='ocrx_word' id='word_1_259' title='bbox 235 2529 286 2561; x_wconf 84' lang='lat' dir='ltr'>ita</span> <span class='ocrx_word' id='word_1_260' title='bbox 307 2529 372 2561; x_wconf 89' lang='lat' dir='ltr'>hac</span> <span class='ocrx_word' id='word_1_261' title='bbox 401 2528 520 2560; x_wconf 85' lang='lat' dir='ltr'>eadem</span> <span class='ocrx_word' id='word_1_262' title='bbox 545 2528 667 2569; x_wconf 85' lang='lat' dir='ltr'>Satyra</span> <span class='ocrx_word' id='word_1_263' title='bbox 681 2539 688 2558; x_wconf 75' lang='grc' dir='ltr'><strong>ε</strong></span> <span class='ocrx_word' id='word_1_264' title='bbox 723 2530 732 2546; x_wconf 83' lang='lat'>⁸</span> <span class='ocrx_word' id='word_1_265' title='bbox 750 2529 851 2562; x_wconf 83' lang='lat' dir='ltr'>Quod</span> 
     </span>
     <span class='ocr_line' id='line_1_46' title="bbox 158 2577 851 2618; baseline -0.001 -8"><span class='ocrx_word' id='word_1_266' title='bbox 158 2578 274 2611; x_wconf 87' lang='lat' dir='ltr'>Nolim</span> <span class='ocrx_word' id='word_1_267' title='bbox 287 2587 370 2610; x_wconf 84' lang='lat' dir='ltr'>onus</span> <span class='ocrx_word' id='word_1_268' title='bbox 384 2577 474 2608; x_wconf 85' lang='lat' dir='ltr'>haud</span> <span class='ocrx_word' id='word_1_269' title='bbox 490 2586 635 2618; x_wconf 90' lang='lat' dir='ltr'>unquam</span> <span class='ocrx_word' id='word_1_270' title='bbox 648 2578 766 2609; x_wconf 89' lang='lat' dir='ltr'>solitus</span> <span class='ocrx_word' id='word_1_271' title='bbox 777 2588 851 2618; x_wconf 88' lang='lat' dir='ltr'>por-</span> 
     </span>
     <span class='ocr_line' id='line_1_47' title="bbox 158 2626 850 2667; baseline 0.001 -9"><span class='ocrx_word' id='word_1_272' title='bbox 158 2632 234 2659; x_wconf 83' lang='lat' dir='ltr'>tare</span> <span class='ocrx_word' id='word_1_273' title='bbox 249 2626 447 2659; x_wconf 78' lang='lat' dir='ltr'>molestum-¹</span> <span class='ocrx_word' id='word_1_274' title='bbox 465 2627 613 2666; x_wconf 77' lang='lat' dir='ltr'>Rutgers.</span> <span class='ocrx_word' id='word_1_275' title='bbox 643 2626 739 2667; x_wconf 84' lang='lat' dir='ltr'>[Vat.</span> <span class='ocrx_word' id='word_1_276' title='bbox 750 2627 850 2659; x_wconf 87' lang='lat' dir='ltr'>Rom.</span> 
     </span>
     <span class='ocr_line' id='line_1_48' title="bbox 159 2676 364 2716; baseline -0.005 -8"><span class='ocrx_word' id='word_1_277' title='bbox 159 2679 192 2708; x_wconf 84' lang='grc'>7.</span> <span class='ocrx_word' id='word_1_278' title='bbox 207 2679 242 2707; x_wconf 76' lang='lat' dir='ltr'>ue</span> <span class='ocrx_word' id='word_1_279' title='bbox 255 2685 276 2707; x_wconf 76' lang='lat' dir='ltr'>a</span> <span class='ocrx_word' id='word_1_280' title='bbox 289 2676 364 2716; x_wconf 76' lang='lat' dir='ltr'>nie-J</span> 
     </span>
    </p>

    <p class='ocr_par' dir='ltr' id='par_1_6' title="bbox 160 2725 852 2867">
     <span class='ocr_line' id='line_1_49' title="bbox 201 2725 852 2767; baseline 0.003 -11"><span class='ocrx_word' id='word_1_281' title='bbox 201 2728 245 2757; x_wconf 84' lang='grc'>89</span> <span class='ocrx_word' id='word_1_282' title='bbox 270 2725 424 2756; x_wconf 77' lang='lat' dir='ltr'>Poeniteut</span> <span class='ocrx_word' id='word_1_283' title='bbox 442 2725 564 2766; x_wconf 78' lang='lat' dir='ltr'>sunum]</span> <span class='ocrx_word' id='word_1_284' title='bbox 590 2726 648 2757; x_wconf 85' lang='lat' dir='ltr'>Nil</span> <span class='ocrx_word' id='word_1_285' title='bbox 671 2735 724 2757; x_wconf 89' lang='lat' dir='ltr'>me</span> <span class='ocrx_word' id='word_1_286' title='bbox 748 2727 852 2767; x_wconf 86' lang='lat' dir='ltr'>poeni-</span> 
     </span>
     <span class='ocr_line' id='line_1_50' title="bbox 161 2775 852 2817; baseline 0.001 -10"><span class='ocrx_word' id='word_1_287' title='bbox 161 2782 235 2807; x_wconf 86' lang='lat' dir='ltr'>tere</span> <span class='ocrx_word' id='word_1_288' title='bbox 250 2775 366 2817; x_wconf 86' lang='lat' dir='ltr'>debet,</span> <span class='ocrx_word' id='word_1_289' title='bbox 383 2775 541 2816; x_wconf 88' lang='lat' dir='ltr'>quamdiu</span> <span class='ocrx_word' id='word_1_290' title='bbox 551 2785 655 2808; x_wconf 25' lang='lat' dir='ltr'>*sanus</span> <span class='ocrx_word' id='word_1_291' title='bbox 674 2776 745 2808; x_wconf 88' lang='lat' dir='ltr'>sim.</span> <span class='ocrx_word' id='word_1_292' title='bbox 788 2777 852 2808; x_wconf 86' lang='lat' dir='ltr'>Eo-</span> 
     </span>
     <span class='ocr_line' id='line_1_51' title="bbox 160 2825 474 2867; baseline -0.006 -9"><span class='ocrx_word' id='word_1_293' title='bbox 160 2825 231 2867; x_wconf 73' lang='lat' dir='ltr'>que]</span> <span class='ocrx_word' id='word_1_294' title='bbox 255 2826 370 2867; x_wconf 82' lang='lat' dir='ltr'>Atque</span> <span class='ocrx_word' id='word_1_295' title='bbox 385 2825 474 2858; x_wconf 86' lang='lat' dir='ltr'>ideo.</span> 
     </span>
    </p>
   </div>
   <div class='ocr_carea' id='block_1_3' title="bbox 1480 283 1594 326">
    <p class='ocr_par' dir='ltr' id='par_1_7' title="bbox 1480 283 1594 326">
     <span class='ocr_line' id='line_1_52' title="bbox 1480 283 1594 326; baseline 0 -1"><span class='ocrx_word' id='word_1_296' title='bbox 1480 283 1594 326; x_wconf 83' lang='lat'>1645</span> 
     </span>
    </p>
   </div>
   <div class='ocr_carea' id='block_1_4' title="bbox 893 384 1598 2867">
    <p class='ocr_par' dir='ltr' id='par_1_8' title="bbox 895 384 1598 875">
     <span class='ocr_line' id='line_1_53' title="bbox 935 384 1594 427; baseline -0.002 -8"><span class='ocrx_word' id='word_1_297' title='bbox 935 390 978 419; x_wconf 87' lang='grc'>90</span> <span class='ocrx_word' id='word_1_298' title='bbox 1002 386 1092 427; x_wconf 75' lang='lat' dir='ltr'>Non]</span> <span class='ocrx_word' id='word_1_299' title='bbox 1110 386 1188 418; x_wconf 85' lang='lat' dir='ltr'>Non</span> <span class='ocrx_word' id='word_1_300' title='bbox 1202 386 1250 418; x_wconf 74' lang='lat' dir='ltr'>sic</span> <span class='ocrx_word' id='word_1_301' title='bbox 1265 395 1318 417; x_wconf 91' lang='lat' dir='ltr'>me</span> <span class='ocrx_word' id='word_1_302' title='bbox 1333 384 1527 426; x_wconf 79' lang='lat' dir='ltr'>defendam,</span> <span class='ocrx_word' id='word_1_303' title='bbox 1545 391 1594 427; x_wconf 84' lang='lat' dir='ltr'>ut,</span> 
     </span>
     <span class='ocr_line' id='line_1_54' title="bbox 897 437 1593 478; baseline -0.001 -9"><span class='ocrx_word' id='word_1_304' title='bbox 897 439 960 469; x_wconf 72' lang='grc' dir='ltr'>διο.</span> <span class='ocrx_word' id='word_1_305' title='bbox 1007 437 1086 468; x_wconf 82' lang='lat' dir='ltr'>Dolo</span> <span class='ocrx_word' id='word_1_306' title='bbox 1088 437 1214 475; x_wconf 74' lang='lat' dir='ltr'>sactum</span> <span class='ocrx_word' id='word_1_307' title='bbox 1224 440 1318 476; x_wconf 75' lang='lat' dir='ltr'>negat</span> <span class='ocrx_word' id='word_1_308' title='bbox 1333 446 1397 468; x_wconf 76' lang='lat' dir='ltr'>esse</span> <span class='ocrx_word' id='word_1_309' title='bbox 1410 437 1480 478; x_wconf 75' lang='lat' dir='ltr'>suo]</span> <span class='ocrx_word' id='word_1_310' title='bbox 1506 437 1593 468; x_wconf 88' lang='lat' dir='ltr'>Nul-</span> 
     </span>
     <span class='ocr_line' id='line_1_55' title="bbox 896 486 1594 528; baseline 0 -10"><span class='ocrx_word' id='word_1_311' title='bbox 896 487 948 518; x_wconf 87' lang='lat' dir='ltr'>lus</span> <span class='ocrx_word' id='word_1_312' title='bbox 965 487 999 518; x_wconf 89' lang='lat' dir='ltr'>in</span> <span class='ocrx_word' id='word_1_313' title='bbox 1014 496 1056 518; x_wconf 94' lang='lat' dir='ltr'>eo</span> <span class='ocrx_word' id='word_1_314' title='bbox 1071 487 1182 527; x_wconf 89' lang='lat' dir='ltr'>dolus,</span> <span class='ocrx_word' id='word_1_315' title='bbox 1198 487 1225 518; x_wconf 91' lang='lat' dir='ltr'>si</span> <span class='ocrx_word' id='word_1_316' title='bbox 1241 486 1315 528; x_wconf 87' lang='lat' dir='ltr'>quis</span> <span class='ocrx_word' id='word_1_317' title='bbox 1331 487 1453 527; x_wconf 80' lang='lat' dir='ltr'>ignotis</span> <span class='ocrx_word' id='word_1_318' title='bbox 1470 495 1594 528; x_wconf 84' lang='lat' dir='ltr'>paren-</span> 
     </span>
     <span class='ocr_line' id='line_1_56' title="bbox 897 536 1593 576; baseline 0 -8"><span class='ocrx_word' id='word_1_319' title='bbox 897 536 987 568; x_wconf 84' lang='lat' dir='ltr'>tibus</span> <span class='ocrx_word' id='word_1_320' title='bbox 1008 542 1186 576; x_wconf 80' lang='lat' dir='ltr'>nascatur;</span> <span class='ocrx_word' id='word_1_321' title='bbox 1207 536 1268 568; x_wconf 88' lang='lat' dir='ltr'>sed</span> <span class='ocrx_word' id='word_1_322' title='bbox 1289 546 1309 568; x_wconf 85' lang='lat' dir='ltr'>a</span> <span class='ocrx_word' id='word_1_323' title='bbox 1332 537 1593 569; x_wconf 85' lang='lat' dir='ltr'>Jurisconsultis</span> 
     </span>
     <span class='ocr_line' id='line_1_57' title="bbox 896 586 1594 635; baseline 0.003 -19"><span class='ocrx_word' id='word_1_324' title='bbox 896 586 1008 626; x_wconf 85' lang='lat' dir='ltr'>petita</span> <span class='ocrx_word' id='word_1_325' title='bbox 1023 586 1183 635; x_wconf 52' lang='lat' dir='ltr'>loqu-endi</span> <span class='ocrx_word' id='word_1_326' title='bbox 1201 586 1426 627; x_wconf 89' lang='lat' dir='ltr'>consuetudo,</span> <span class='ocrx_word' id='word_1_327' title='bbox 1442 586 1499 627; x_wconf 85' lang='lat' dir='ltr'>qui</span> <span class='ocrx_word' id='word_1_328' title='bbox 1520 586 1594 618; x_wconf 88' lang='lat' dir='ltr'>siue</span> 
     </span>
     <span class='ocr_line' id='line_1_58' title="bbox 897 635 1596 677; baseline 0.003 -11"><span class='ocrx_word' id='word_1_329' title='bbox 897 635 976 667; x_wconf 89' lang='lat' dir='ltr'>dolo</span> <span class='ocrx_word' id='word_1_330' title='bbox 991 635 1081 667; x_wconf 86' lang='lat' dir='ltr'>malo</span> <span class='ocrx_word' id='word_1_331' title='bbox 1096 636 1223 667; x_wconf 91' lang='lat' dir='ltr'>nullum</span> <span class='ocrx_word' id='word_1_332' title='bbox 1235 646 1338 677; x_wconf 84' lang='lat' dir='ltr'>grave</span> <span class='ocrx_word' id='word_1_333' title='bbox 1348 636 1510 668; x_wconf 85' lang='lat' dir='ltr'>delictum</span> <span class='ocrx_word' id='word_1_334' title='bbox 1526 641 1596 668; x_wconf 81' lang='lat' dir='ltr'>sta·</span> 
     </span>
     <span class='ocr_line' id='line_1_59' title="bbox 897 686 1595 727; baseline 0.003 -11"><span class='ocrx_word' id='word_1_335' title='bbox 897 689 1007 717; x_wconf 89' lang='lat' dir='ltr'>tuunt.</span> <span class='ocrx_word' id='word_1_336' title='bbox 1051 686 1140 717; x_wconf 88' lang='lat' dir='ltr'>Lata</span> <span class='ocrx_word' id='word_1_337' title='bbox 1159 690 1273 718; x_wconf 82' lang='lat' dir='ltr'>tamen</span> <span class='ocrx_word' id='word_1_338' title='bbox 1298 687 1400 727; x_wconf 84' lang='lat' dir='ltr'>culpa</span> <span class='ocrx_word' id='word_1_339' title='bbox 1414 687 1491 718; x_wconf 89' lang='lat' dir='ltr'>dolo</span> <span class='ocrx_word' id='word_1_340' title='bbox 1505 696 1595 718; x_wconf 83' lang='lat' dir='ltr'>com-</span> 
     </span>
     <span class='ocr_line' id='line_1_60' title="bbox 895 735 1598 776; baseline 0.006 -11"><span class='ocrx_word' id='word_1_341' title='bbox 895 739 1047 775; x_wconf 87' lang='lat' dir='ltr'>paratur.</span> <span class='ocrx_word' id='word_1_342' title='bbox 1070 736 1080 753; x_wconf 88' lang='lat'><strong>‘</strong></span> <span class='ocrx_word' id='word_1_343' title='bbox 1090 735 1215 766; x_wconf 91' lang='lat' dir='ltr'>Dolum</span> <span class='ocrx_word' id='word_1_344' title='bbox 1226 735 1234 748; x_wconf 94' lang='lat'>&#39;</span> <span class='ocrx_word' id='word_1_345' title='bbox 1248 745 1331 776; x_wconf 84' lang='lat' dir='ltr'>ergo</span> <span class='ocrx_word' id='word_1_346' title='bbox 1348 746 1408 776; x_wconf 88' lang='lat' dir='ltr'>pro</span> <span class='ocrx_word' id='word_1_347' title='bbox 1424 738 1434 755; x_wconf 91' lang='lat'>‘</span> <span class='ocrx_word' id='word_1_348' title='bbox 1447 736 1576 769; x_wconf 87' lang='lat' dir='ltr'>delicto</span> <span class='ocrx_word' id='word_1_349' title='bbox 1587 735 1598 750; x_wconf 84' lang='lat'><em>&#39;</em></span> 
     </span>
     <span class='ocr_line' id='line_1_61' title="bbox 896 784 1596 825; baseline 0.004 -10"><span class='ocrx_word' id='word_1_350' title='bbox 896 784 1091 825; x_wconf 84' lang='lat' dir='ltr'>accipimus.</span> <span class='ocrx_word' id='word_1_351' title='bbox 1114 785 1203 816; x_wconf 84' lang='lat' dir='ltr'>Torr.</span> <span class='ocrx_word' id='word_1_352' title='bbox 1247 785 1346 825; x_wconf 80' lang='lat' dir='ltr'>Dolo]</span> <span class='ocrx_word' id='word_1_353' title='bbox 1367 786 1436 818; x_wconf 92' lang='lat' dir='ltr'>Suo</span> <span class='ocrx_word' id='word_1_354' title='bbox 1453 787 1537 818; x_wconf 86' lang='lat' dir='ltr'>vitio</span> <span class='ocrx_word' id='word_1_355' title='bbox 1560 791 1596 819; x_wconf 90' lang='lat' dir='ltr'>et</span> 
     </span>
     <span class='ocr_line' id='line_1_62' title="bbox 896 835 1010 875; baseline -0.009 -8"><span class='ocrx_word' id='word_1_356' title='bbox 896 835 1010 875; x_wconf 87' lang='lat' dir='ltr'>culpa.</span> 
     </span>
    </p>

    <p class='ocr_par' dir='ltr' id='par_1_9' title="bbox 895 883 1596 966">
     <span class='ocr_line' id='line_1_63' title="bbox 937 883 1596 927; baseline 0.002 -11"><span class='ocrx_word' id='word_1_357' title='bbox 937 887 979 916; x_wconf 73' lang='lat'>94</span> <span class='ocrx_word' id='word_1_358' title='bbox 1002 885 1118 916; x_wconf 80' lang='lat' dir='ltr'>AE&#39;vum</span> <span class='ocrx_word' id='word_1_359' title='bbox 1143 893 1289 926; x_wconf 82' lang='lat' dir='ltr'>remeare,</span> <span class='ocrx_word' id='word_1_360' title='bbox 1304 883 1374 926; x_wconf 63' lang='lat' dir='ltr'>esc-J</span> <span class='ocrx_word' id='word_1_361' title='bbox 1407 885 1596 927; x_wconf 72' lang='lat' dir='ltr'>Repueras-</span> 
     </span>
     <span class='ocr_line' id='line_1_64' title="bbox 895 943 985 966; baseline 0 0"><span class='ocrx_word' id='word_1_362' title='bbox 895 943 985 966; x_wconf 87' lang='lat' dir='ltr'>cere.</span> 
     </span>
    </p>

    <p class='ocr_par' dir='ltr' id='par_1_10' title="bbox 893 984 1596 1516">
     <span class='ocr_line' id='line_1_65' title="bbox 937 984 1593 1026; baseline 0.002 -10"><span class='ocrx_word' id='word_1_363' title='bbox 937 987 978 1016; x_wconf 87' lang='grc'>95</span> <span class='ocrx_word' id='word_1_364' title='bbox 1009 984 1113 1026; x_wconf 74' lang='lat' dir='ltr'>Atque</span> <span class='ocrx_word' id='word_1_365' title='bbox 1141 985 1220 1016; x_wconf 80' lang='lat' dir='ltr'>ulios</span> <span class='ocrx_word' id='word_1_366' title='bbox 1248 986 1350 1025; x_wconf 81' lang='lat' dir='ltr'>legere</span> <span class='ocrx_word' id='word_1_367' title='bbox 1383 986 1424 1016; x_wconf 79' lang='lat' dir='ltr'>ud</span> <span class='ocrx_word' id='word_1_368' title='bbox 1452 985 1593 1026; x_wconf 77' lang='lat' dir='ltr'>fastum]</span> 
     </span>
     <span class='ocr_line' id='line_1_66' title="bbox 894 1033 1595 1081; baseline 0.001 -16"><span class='ocrx_word' id='word_1_369' title='bbox 894 1033 1056 1074; x_wconf 82' lang='lat' dir='ltr'>Suspicor</span> <span class='ocrx_word' id='word_1_370' title='bbox 1071 1034 1238 1075; x_wconf 87' lang='lat' dir='ltr'>scriptum</span> <span class='ocrx_word' id='word_1_371' title='bbox 1253 1033 1486 1081; x_wconf 74' lang='lat' dir='ltr'>fuissefastus:</span> <span class='ocrx_word' id='word_1_372' title='bbox 1504 1036 1595 1076; x_wconf 84' lang='lat' dir='ltr'>quod</span> 
     </span>
     <span class='ocr_line' id='line_1_67' title="bbox 896 1086 1595 1126; baseline 0 -9"><span class='ocrx_word' id='word_1_373' title='bbox 896 1090 949 1117; x_wconf 89' lang='lat' dir='ltr'>est</span> <span class='ocrx_word' id='word_1_374' title='bbox 955 1086 1071 1124; x_wconf 76' lang='lat' dir='ltr'>fastos.</span> <span class='ocrx_word' id='word_1_375' title='bbox 1114 1086 1149 1117; x_wconf 93' lang='lat' dir='ltr'>Si</span> <span class='ocrx_word' id='word_1_376' title='bbox 1165 1091 1299 1125; x_wconf 86' lang='lat' dir='ltr'>natura,</span> <span class='ocrx_word' id='word_1_377' title='bbox 1318 1086 1440 1126; x_wconf 84' lang='lat' dir='ltr'>inquit,</span> <span class='ocrx_word' id='word_1_378' title='bbox 1456 1086 1595 1126; x_wconf 88' lang='lat' dir='ltr'>permit-</span> 
     </span>
     <span class='ocr_line' id='line_1_68' title="bbox 897 1134 1596 1176; baseline 0.001 -9"><span class='ocrx_word' id='word_1_379' title='bbox 897 1140 989 1167; x_wconf 86' lang='lat' dir='ltr'>teret</span> <span class='ocrx_word' id='word_1_380' title='bbox 1005 1136 1141 1176; x_wconf 87' lang='lat' dir='ltr'>plebeio</span> <span class='ocrx_word' id='word_1_381' title='bbox 1156 1135 1281 1167; x_wconf 87' lang='lat' dir='ltr'>homini</span> <span class='ocrx_word' id='word_1_382' title='bbox 1298 1135 1341 1167; x_wconf 85' lang='lat' dir='ltr'>ad</span> <span class='ocrx_word' id='word_1_383' title='bbox 1356 1134 1462 1167; x_wconf 83' lang='lat' dir='ltr'>fastos</span> <span class='ocrx_word' id='word_1_384' title='bbox 1478 1136 1540 1176; x_wconf 85' lang='lat' dir='ltr'>ire,</span> <span class='ocrx_word' id='word_1_385' title='bbox 1561 1140 1596 1168; x_wconf 90' lang='lat' dir='ltr'>et</span> 
     </span>
     <span class='ocr_line' id='line_1_69' title="bbox 898 1185 1596 1227; baseline 0 -11"><span class='ocrx_word' id='word_1_386' title='bbox 898 1195 941 1217; x_wconf 89' lang='lat' dir='ltr'>ex</span> <span class='ocrx_word' id='word_1_387' title='bbox 956 1186 994 1217; x_wconf 89' lang='lat' dir='ltr'>iis</span> <span class='ocrx_word' id='word_1_388' title='bbox 1010 1195 1071 1227; x_wconf 87' lang='lat' dir='ltr'>pro</span> <span class='ocrx_word' id='word_1_389' title='bbox 1084 1186 1226 1218; x_wconf 82' lang='lat' dir='ltr'>arbitrio</span> <span class='ocrx_word' id='word_1_390' title='bbox 1248 1190 1410 1227; x_wconf 85' lang='lat' dir='ltr'>parentes</span> <span class='ocrx_word' id='word_1_391' title='bbox 1424 1185 1487 1217; x_wconf 87' lang='lat' dir='ltr'>sibi</span> <span class='ocrx_word' id='word_1_392' title='bbox 1503 1186 1596 1227; x_wconf 83' lang='lat' dir='ltr'>lege-</span> 
     </span>
     <span class='ocr_line' id='line_1_70' title="bbox 897 1237 1594 1277; baseline 0.003 -11"><span class='ocrx_word' id='word_1_393' title='bbox 897 1244 944 1276; x_wconf 87' lang='lat' dir='ltr'>re,</span> <span class='ocrx_word' id='word_1_394' title='bbox 971 1245 1036 1277; x_wconf 81' lang='lat' dir='ltr'>ego</span> <span class='ocrx_word' id='word_1_395' title='bbox 1062 1237 1146 1268; x_wconf 89' lang='lat' dir='ltr'>meis</span> <span class='ocrx_word' id='word_1_396' title='bbox 1174 1240 1354 1268; x_wconf 85' lang='lat' dir='ltr'>contentus</span> <span class='ocrx_word' id='word_1_397' title='bbox 1383 1245 1505 1268; x_wconf 85' lang='lat' dir='ltr'>essem.</span> <span class='ocrx_word' id='word_1_398' title='bbox 1558 1237 1594 1268; x_wconf 91' lang='lat' dir='ltr'>Si</span> 
     </span>
     <span class='ocr_line' id='line_1_71' title="bbox 896 1284 1596 1327; baseline 0.001 -11"><span class='ocrx_word' id='word_1_399' title='bbox 896 1285 975 1316; x_wconf 82' lang='lat' dir='ltr'>mibi</span> <span class='ocrx_word' id='word_1_400' title='bbox 992 1286 1095 1327; x_wconf 90' lang='lat' dir='ltr'>igitur</span> <span class='ocrx_word' id='word_1_401' title='bbox 1107 1294 1150 1317; x_wconf 90' lang='lat' dir='ltr'>ex</span> <span class='ocrx_word' id='word_1_402' title='bbox 1165 1284 1276 1326; x_wconf 87' lang='lat' dir='ltr'>fastis,</span> <span class='ocrx_word' id='word_1_403' title='bbox 1290 1286 1344 1317; x_wconf 90' lang='lat' dir='ltr'>vel</span> <span class='ocrx_word' id='word_1_404' title='bbox 1356 1285 1596 1326; x_wconf 85' lang='lat' dir='ltr'>nobilissimos,</span> 
     </span>
     <span class='ocr_line' id='line_1_72' title="bbox 897 1336 1596 1378; baseline 0.003 -11"><span class='ocrx_word' id='word_1_405' title='bbox 897 1337 951 1367; x_wconf 83' lang='lat' dir='ltr'>vel</span> <span class='ocrx_word' id='word_1_406' title='bbox 964 1336 1211 1378; x_wconf 83' lang='lat' dir='ltr'>antiquissimos</span> <span class='ocrx_word' id='word_1_407' title='bbox 1223 1337 1351 1377; x_wconf 83' lang='lat' dir='ltr'>eligere</span> <span class='ocrx_word' id='word_1_408' title='bbox 1365 1341 1525 1377; x_wconf 85' lang='lat' dir='ltr'>parentes</span> <span class='ocrx_word' id='word_1_409' title='bbox 1536 1337 1596 1369; x_wconf 88' lang='lat' dir='ltr'>de·</span> 
     </span>
     <span class='ocr_line' id='line_1_73' title="bbox 897 1385 1595 1427; baseline 0.004 -12"><span class='ocrx_word' id='word_1_410' title='bbox 897 1389 973 1416; x_wconf 86' lang='lat' dir='ltr'>tur:</span> <span class='ocrx_word' id='word_1_411' title='bbox 990 1385 1138 1427; x_wconf 18' lang='lat' dir='ltr'>valderid</span> <span class='ocrx_word' id='word_1_412' title='bbox 1152 1394 1320 1417; x_wconf 85' lang='lat' dir='ltr'>recusem.</span> <span class='ocrx_word' id='word_1_413' title='bbox 1337 1385 1502 1418; x_wconf 80' lang='lat' dir='ltr'>Heinsius.</span> <span class='ocrx_word' id='word_1_414' title='bbox 1534 1386 1595 1417; x_wconf 87' lang='lat' dir='ltr'>Le-</span> 
     </span>
     <span class='ocr_line' id='line_1_74' title="bbox 893 1434 1596 1476; baseline 0.004 -11"><span class='ocrx_word' id='word_1_415' title='bbox 893 1444 968 1474; x_wconf 82' lang='lat' dir='ltr'>gere</span> <span class='ocrx_word' id='word_1_416' title='bbox 990 1436 1030 1466; x_wconf 83' lang='lat' dir='ltr'>ad</span> <span class='ocrx_word' id='word_1_417' title='bbox 1045 1434 1187 1475; x_wconf 78' lang='lat' dir='ltr'>fastum]</span> <span class='ocrx_word' id='word_1_418' title='bbox 1214 1435 1350 1476; x_wconf 82' lang='lat' dir='ltr'>Eligere</span> <span class='ocrx_word' id='word_1_419' title='bbox 1375 1435 1418 1466; x_wconf 89' lang='lat' dir='ltr'>ad</span> <span class='ocrx_word' id='word_1_420' title='bbox 1444 1440 1596 1468; x_wconf 80' lang='lat' dir='ltr'>ostenta-</span> 
     </span>
     <span class='ocr_line' id='line_1_75' title="bbox 895 1484 1038 1516; baseline 0.007 -1"><span class='ocrx_word' id='word_1_421' title='bbox 895 1484 1038 1516; x_wconf 82' lang='lat' dir='ltr'>tionem.</span> 
     </span>
    </p>

    <p class='ocr_par' dir='ltr' id='par_1_11' title="bbox 893 1535 1598 1774">
     <span class='ocr_line' id='line_1_76' title="bbox 937 1535 1595 1577; baseline 0.006 -13"><span class='ocrx_word' id='word_1_422' title='bbox 937 1536 980 1565; x_wconf 84' lang='lat'>96</span> <span class='ocrx_word' id='word_1_423' title='bbox 1006 1535 1139 1575; x_wconf 78' lang='lat' dir='ltr'>optaret</span> <span class='ocrx_word' id='word_1_424' title='bbox 1166 1535 1226 1566; x_wconf 69' lang='lat' dir='ltr'>sibi</span> <span class='ocrx_word' id='word_1_425' title='bbox 1254 1535 1400 1577; x_wconf 77' lang='lat' dir='ltr'>quisque]</span> <span class='ocrx_word' id='word_1_426' title='bbox 1436 1536 1485 1568; x_wconf 92' lang='lat' dir='ltr'>Ut</span> <span class='ocrx_word' id='word_1_427' title='bbox 1513 1537 1595 1568; x_wconf 85' lang='lat' dir='ltr'>alios</span> 
     </span>
     <span class='ocr_line' id='line_1_77' title="bbox 894 1585 1594 1628; baseline 0.004 -13"><span class='ocrx_word' id='word_1_428' title='bbox 894 1589 1054 1625; x_wconf 83' lang='lat' dir='ltr'>parentes</span> <span class='ocrx_word' id='word_1_429' title='bbox 1071 1585 1212 1627; x_wconf 89' lang='lat' dir='ltr'>quisque</span> <span class='ocrx_word' id='word_1_430' title='bbox 1236 1586 1301 1617; x_wconf 91' lang='lat' dir='ltr'>sibi</span> <span class='ocrx_word' id='word_1_431' title='bbox 1336 1591 1497 1628; x_wconf 86' lang='lat' dir='ltr'>optaret;</span> <span class='ocrx_word' id='word_1_432' title='bbox 1529 1597 1594 1628; x_wconf 83' lang='lat' dir='ltr'>ego</span> 
     </span>
     <span class='ocr_line' id='line_1_78' title="bbox 893 1635 1598 1676; baseline 0.006 -11"><span class='ocrx_word' id='word_1_433' title='bbox 893 1635 978 1666; x_wconf 81' lang='lat' dir='ltr'>meis</span> <span class='ocrx_word' id='word_1_434' title='bbox 993 1639 1172 1667; x_wconf 88' lang='lat' dir='ltr'>contentus</span> <span class='ocrx_word' id='word_1_435' title='bbox 1197 1636 1312 1676; x_wconf 88' lang='lat' dir='ltr'>nolim,</span> <span class='ocrx_word' id='word_1_436' title='bbox 1327 1640 1394 1669; x_wconf 73' lang='grc' dir='ltr'>διο.</span> <span class='ocrx_word' id='word_1_437' title='bbox 1439 1637 1598 1669; x_wconf 81' lang='lat' dir='ltr'>Honestos</span> 
     </span>
     <span class='ocr_line' id='line_1_79' title="bbox 894 1686 1597 1728; baseline 0.004 -12"><span class='ocrx_word' id='word_1_438' title='bbox 894 1686 1059 1726; x_wconf 78' lang='lat' dir='ltr'>Fascibus]</span> <span class='ocrx_word' id='word_1_439' title='bbox 1083 1686 1250 1717; x_wconf 88' lang='lat' dir='ltr'>Parentes</span> <span class='ocrx_word' id='word_1_440' title='bbox 1265 1691 1403 1718; x_wconf 88' lang='lat' dir='ltr'>ornatos</span> <span class='ocrx_word' id='word_1_441' title='bbox 1419 1688 1597 1728; x_wconf 85' lang='lat' dir='ltr'>magistra·</span> 
     </span>
     <span class='ocr_line' id='line_1_80' title="bbox 896 1735 1552 1774; baseline 0.003 -8"><span class='ocrx_word' id='word_1_442' title='bbox 896 1739 990 1766; x_wconf 86' lang='lat' dir='ltr'>tuum</span> <span class='ocrx_word' id='word_1_443' title='bbox 1008 1735 1206 1774; x_wconf 82' lang='lat' dir='ltr'>insignibus.</span> <span class='ocrx_word' id='word_1_444' title='bbox 1250 1735 1320 1766; x_wconf 89' lang='lat' dir='ltr'>Alii</span> <span class='ocrx_word' id='word_1_445' title='bbox 1335 1737 1402 1774; x_wconf 80' lang='lat' dir='ltr'>leg.</span> <span class='ocrx_word' id='word_1_446' title='bbox 1416 1741 1552 1768; x_wconf 78' lang='lat' dir='ltr'>onustos.</span> 
     </span>
    </p>

    <p class='ocr_par' dir='ltr' id='par_1_12' title="bbox 897 1783 1598 2118">
     <span class='ocr_line' id='line_1_81' title="bbox 939 1783 1598 1826; baseline 0.005 -12"><span class='ocrx_word' id='word_1_447' title='bbox 939 1786 980 1814; x_wconf 82' lang='lat'>97</span> <span class='ocrx_word' id='word_1_448' title='bbox 1003 1783 1152 1815; x_wconf 75' lang='lat' dir='ltr'>Fascibus</span> <span class='ocrx_word' id='word_1_449' title='bbox 1175 1787 1206 1815; x_wconf 83' lang='lat' dir='ltr'>et</span> <span class='ocrx_word' id='word_1_450' title='bbox 1228 1785 1315 1815; x_wconf 80' lang='lat' dir='ltr'>sellis</span> <span class='ocrx_word' id='word_1_451' title='bbox 1338 1785 1446 1826; x_wconf 82' lang='lat' dir='ltr'>nolim]</span> <span class='ocrx_word' id='word_1_452' title='bbox 1472 1786 1598 1817; x_wconf 83' lang='lat' dir='ltr'>Nollem</span> 
     </span>
     <span class='ocr_line' id='line_1_82' title="bbox 897 1832 1598 1877; baseline 0.006 -14"><span class='ocrx_word' id='word_1_453' title='bbox 897 1832 1022 1874; x_wconf 81' lang='lat' dir='ltr'>legitur</span> <span class='ocrx_word' id='word_1_454' title='bbox 1043 1833 1076 1863; x_wconf 89' lang='lat' dir='ltr'>in</span> <span class='ocrx_word' id='word_1_455' title='bbox 1099 1834 1206 1864; x_wconf 90' lang='lat' dir='ltr'>multo</span> <span class='ocrx_word' id='word_1_456' title='bbox 1225 1834 1378 1874; x_wconf 89' lang='lat' dir='ltr'>pluribus</span> <span class='ocrx_word' id='word_1_457' title='bbox 1394 1836 1598 1877; x_wconf 84' lang='lat' dir='ltr'>exemplari-</span> 
     </span>
     <span class='ocr_line' id='line_1_83' title="bbox 898 1882 1597 1927; baseline 0.006 -14"><span class='ocrx_word' id='word_1_458' title='bbox 898 1882 972 1913; x_wconf 91' lang='lat' dir='ltr'>bus.</span> <span class='ocrx_word' id='word_1_459' title='bbox 1014 1883 1110 1914; x_wconf 87' lang='lat' dir='ltr'>Bene</span> <span class='ocrx_word' id='word_1_460' title='bbox 1126 1888 1239 1914; x_wconf 88' lang='lat' dir='ltr'>autem</span> <span class='ocrx_word' id='word_1_461' title='bbox 1258 1885 1268 1901; x_wconf 91' lang='lat'>‘</span> <span class='ocrx_word' id='word_1_462' title='bbox 1283 1884 1383 1915; x_wconf 84' lang='lat' dir='ltr'>sellas</span> <span class='ocrx_word' id='word_1_463' title='bbox 1397 1883 1576 1927; x_wconf 88' lang='lat' dir='ltr'>fascesque</span> <span class='ocrx_word' id='word_1_464' title='bbox 1588 1886 1597 1899; x_wconf 91' lang='lat'><strong>’</strong></span> 
     </span>
     <span class='ocr_line' id='line_1_84' title="bbox 898 1932 1598 1975; baseline 0.007 -12"><span class='ocrx_word' id='word_1_465' title='bbox 898 1932 1087 1973; x_wconf 82' lang='lat' dir='ltr'>conjungit:</span> <span class='ocrx_word' id='word_1_466' title='bbox 1101 1942 1179 1964; x_wconf 87' lang='lat' dir='ltr'>nam</span> <span class='ocrx_word' id='word_1_467' title='bbox 1192 1937 1200 1951; x_wconf 87' lang='lat'><em>‘</em></span> <span class='ocrx_word' id='word_1_468' title='bbox 1209 1933 1313 1965; x_wconf 73' lang='lat' dir='ltr'>sellae&#39;</span> <span class='ocrx_word' id='word_1_469' title='bbox 1324 1934 1488 1975; x_wconf 80' lang='lat' dir='ltr'>majorum</span> <span class='ocrx_word' id='word_1_470' title='bbox 1499 1940 1598 1968; x_wconf 87' lang='lat' dir='ltr'>erant</span> 
     </span>
     <span class='ocr_line' id='line_1_85' title="bbox 898 1982 1598 2027; baseline 0.006 -14"><span class='ocrx_word' id='word_1_471' title='bbox 898 1982 1172 2024; x_wconf 81' lang='lat' dir='ltr'>magistratuum,</span> <span class='ocrx_word' id='word_1_472' title='bbox 1190 1989 1227 2015; x_wconf 88' lang='lat' dir='ltr'>ut</span> <span class='ocrx_word' id='word_1_473' title='bbox 1249 1989 1286 2016; x_wconf 93' lang='lat' dir='ltr'>et</span> <span class='ocrx_word' id='word_1_474' title='bbox 1311 1986 1321 2002; x_wconf 89' lang='lat'>‘</span> <span class='ocrx_word' id='word_1_475' title='bbox 1337 1984 1473 2026; x_wconf 79' lang='lat' dir='ltr'>fasces,&#39;</span> <span class='ocrx_word' id='word_1_476' title='bbox 1496 1987 1554 2027; x_wconf 84' lang='lat' dir='ltr'>qui</span> <span class='ocrx_word' id='word_1_477' title='bbox 1577 1995 1598 2017; x_wconf 87' lang='lat' dir='ltr'>a</span> 
     </span>
     <span class='ocr_line' id='line_1_86' title="bbox 897 2033 1596 2074; baseline 0.006 -11"><span class='ocrx_word' id='word_1_478' title='bbox 897 2033 1074 2065; x_wconf 80' lang='lat' dir='ltr'>lictoribus</span> <span class='ocrx_word' id='word_1_479' title='bbox 1091 2033 1377 2074; x_wconf 68' lang='lat' dir='ltr'>praeferebantur.</span> <span class='ocrx_word' id='word_1_480' title='bbox 1405 2036 1484 2066; x_wconf 82' lang='lat' dir='ltr'>vid.</span> <span class='ocrx_word' id='word_1_481' title='bbox 1501 2037 1596 2068; x_wconf 90' lang='lat' dir='ltr'>Guil.</span> 
     </span>
     <span class='ocr_line' id='line_1_87' title="bbox 898 2084 1597 2118; baseline 0.006 -4"><span class='ocrx_word' id='word_1_482' title='bbox 898 2084 1038 2115; x_wconf 86' lang='lat' dir='ltr'>Cauter.</span> <span class='ocrx_word' id='word_1_483' title='bbox 1051 2084 1180 2116; x_wconf 84' lang='lat' dir='ltr'>Novar.</span> <span class='ocrx_word' id='word_1_484' title='bbox 1193 2085 1288 2115; x_wconf 87' lang='lat' dir='ltr'>Lect.</span> <span class='ocrx_word' id='word_1_485' title='bbox 1306 2093 1353 2116; x_wconf 82' lang='grc' dir='ltr'>ιν.</span> <span class='ocrx_word' id='word_1_486' title='bbox 1372 2088 1423 2116; x_wconf 84' lang='grc'>12.</span> <span class='ocrx_word' id='word_1_487' title='bbox 1453 2085 1597 2118; x_wconf 66' lang='lat' dir='ltr'>Torreat.</span> 
     </span>
    </p>

    <p class='ocr_par' dir='ltr' id='par_1_13' title="bbox 939 2133 1455 2174">
     <span class='ocr_line' id='line_1_88' title="bbox 939 2133 1455 2174; baseline 0.006 -10"><span class='ocrx_word' id='word_1_488' title='bbox 939 2135 982 2164; x_wconf 91' lang='grc'>99</span> <span class='ocrx_word' id='word_1_489' title='bbox 1005 2133 1111 2174; x_wconf 81' lang='lat' dir='ltr'>Onus]</span> <span class='ocrx_word' id='word_1_490' title='bbox 1138 2133 1339 2166; x_wconf 84' lang='lat' dir='ltr'>Nobilitatis</span> <span class='ocrx_word' id='word_1_491' title='bbox 1356 2145 1455 2168; x_wconf 73' lang='lat' dir='ltr'>onus,</span> 
     </span>
    </p>

    <p class='ocr_par' dir='ltr' id='par_1_14' title="bbox 940 2183 1430 2226">
     <span class='ocr_line' id='line_1_89' title="bbox 940 2183 1430 2226; baseline 0.006 -13"><span class='ocrx_word' id='word_1_492' title='bbox 940 2185 1004 2213; x_wconf 84' lang='lat'>100</span> <span class='ocrx_word' id='word_1_493' title='bbox 1026 2183 1106 2223; x_wconf 83' lang='lat' dir='ltr'>Res]</span> <span class='ocrx_word' id='word_1_494' title='bbox 1130 2183 1267 2215; x_wconf 84' lang='lat' dir='ltr'>Divitiae</span> <span class='ocrx_word' id='word_1_495' title='bbox 1284 2189 1320 2216; x_wconf 84' lang='lat' dir='ltr'>et</span> <span class='ocrx_word' id='word_1_496' title='bbox 1334 2194 1430 2226; x_wconf 87' lang='lat' dir='ltr'>opes.</span> 
     </span>
    </p>

    <p class='ocr_par' dir='ltr' id='par_1_15' title="bbox 898 2232 1597 2323">
     <span class='ocr_line' id='line_1_90' title="bbox 942 2232 1597 2277; baseline 0.006 -14"><span class='ocrx_word' id='word_1_497' title='bbox 942 2232 1122 2273; x_wconf 73' lang='lat' dir='ltr'>101Atque</span> <span class='ocrx_word' id='word_1_498' title='bbox 1146 2234 1304 2266; x_wconf 75' lang='lat' dir='ltr'>salutandi</span> <span class='ocrx_word' id='word_1_499' title='bbox 1326 2235 1446 2277; x_wconf 84' lang='lat' dir='ltr'>plures]</span> <span class='ocrx_word' id='word_1_500' title='bbox 1471 2234 1597 2267; x_wconf 84' lang='lat' dir='ltr'>Suffra-</span> 
     </span>
     <span class='ocr_line' id='line_1_91' title="bbox 898 2282 1433 2323; baseline 0.007 -11"><span class='ocrx_word' id='word_1_501' title='bbox 898 2282 1028 2323; x_wconf 85' lang='lat' dir='ltr'>giorum</span> <span class='ocrx_word' id='word_1_502' title='bbox 1046 2284 1098 2314; x_wconf 79' lang='lat' dir='ltr'>vel</span> <span class='ocrx_word' id='word_1_503' title='bbox 1115 2283 1306 2315; x_wconf 81' lang='lat' dir='ltr'>ambitionis</span> <span class='ocrx_word' id='word_1_504' title='bbox 1321 2294 1433 2317; x_wconf 83' lang='lat' dir='ltr'>causa.</span> 
     </span>
    </p>

    <p class='ocr_par' dir='ltr' id='par_1_16' title="bbox 942 2332 1512 2374">
     <span class='ocr_line' id='line_1_92' title="bbox 942 2332 1512 2374; baseline 0.005 -12"><span class='ocrx_word' id='word_1_505' title='bbox 942 2333 1004 2362; x_wconf 83' lang='lat'>102</span> <span class='ocrx_word' id='word_1_506' title='bbox 1029 2332 1074 2362; x_wconf 77' lang='lat' dir='ltr'>Et</span> <span class='ocrx_word' id='word_1_507' title='bbox 1088 2332 1201 2372; x_wconf 80' lang='lat' dir='ltr'>comes]</span> <span class='ocrx_word' id='word_1_508' title='bbox 1226 2333 1376 2364; x_wconf 88' lang='lat' dir='ltr'>Honoris</span> <span class='ocrx_word' id='word_1_509' title='bbox 1390 2335 1512 2374; x_wconf 84' lang='lat' dir='ltr'>gratia.</span> 
     </span>
    </p>

    <p class='ocr_par' dir='ltr' id='par_1_17' title="bbox 900 2380 1598 2867">
     <span class='ocr_line' id='line_1_93' title="bbox 941 2380 1597 2422; baseline 0.008 -12"><span class='ocrx_word' id='word_1_510' title='bbox 941 2381 1004 2410; x_wconf 73' lang='lat'>103</span> <span class='ocrx_word' id='word_1_511' title='bbox 1021 2380 1135 2411; x_wconf 79' lang='lat' dir='ltr'>Plures</span> <span class='ocrx_word' id='word_1_512' title='bbox 1149 2381 1285 2420; x_wconf 79' lang='lat' dir='ltr'>calones]</span> <span class='ocrx_word' id='word_1_513' title='bbox 1300 2382 1446 2422; x_wconf 84' lang='lat' dir='ltr'>Proprie</span> <span class='ocrx_word' id='word_1_514' title='bbox 1462 2384 1512 2414; x_wconf 88' lang='lat' dir='ltr'>sic</span> <span class='ocrx_word' id='word_1_515' title='bbox 1528 2383 1597 2415; x_wconf 90' lang='lat' dir='ltr'>dic-</span> 
     </span>
     <span class='ocr_line' id='line_1_94' title="bbox 900 2427 1596 2472; baseline 0.007 -14"><span class='ocrx_word' id='word_1_516' title='bbox 900 2427 926 2458; x_wconf 90' lang='lat' dir='ltr'>ti</span> <span class='ocrx_word' id='word_1_517' title='bbox 942 2428 1084 2459; x_wconf 88' lang='lat' dir='ltr'>militum</span> <span class='ocrx_word' id='word_1_518' title='bbox 1107 2430 1207 2465; x_wconf 85' lang='lat' dir='ltr'>servi,</span> <span class='ocrx_word' id='word_1_519' title='bbox 1223 2439 1242 2460; x_wconf 93' lang='lat' dir='ltr'>a</span> <span class='ocrx_word' id='word_1_520' title='bbox 1255 2429 1405 2462; x_wconf 85' lang='lat' dir='ltr'>ferendis</span> <span class='ocrx_word' id='word_1_521' title='bbox 1422 2431 1522 2472; x_wconf 86' lang='lat' dir='ltr'>lignis</span> <span class='ocrx_word' id='word_1_522' title='bbox 1538 2441 1596 2472; x_wconf 85' lang='lat' dir='ltr'>pa-</span> 
     </span>
     <span class='ocr_line' id='line_1_95' title="bbox 900 2478 1596 2522; baseline 0.006 -14"><span class='ocrx_word' id='word_1_523' title='bbox 900 2478 1006 2519; x_wconf 89' lang='lat' dir='ltr'>lisque</span> <span class='ocrx_word' id='word_1_524' title='bbox 1023 2478 1065 2509; x_wconf 85' lang='lat' dir='ltr'>ad</span> <span class='ocrx_word' id='word_1_525' title='bbox 1082 2479 1212 2510; x_wconf 81' lang='lat' dir='ltr'>militiae</span> <span class='ocrx_word' id='word_1_526' title='bbox 1228 2489 1344 2511; x_wconf 89' lang='lat' dir='ltr'>usum:</span> <span class='ocrx_word' id='word_1_527' title='bbox 1371 2481 1423 2511; x_wconf 88' lang='lat' dir='ltr'>vel</span> <span class='ocrx_word' id='word_1_528' title='bbox 1438 2482 1515 2522; x_wconf 89' lang='lat' dir='ltr'>quia</span> <span class='ocrx_word' id='word_1_529' title='bbox 1534 2481 1596 2521; x_wconf 83' lang='lat' dir='ltr'>lig-</span> 
     </span>
     <span class='ocr_line' id='line_1_96' title="bbox 901 2528 1597 2570; baseline 0.004 -12"><span class='ocrx_word' id='word_1_530' title='bbox 901 2537 980 2558; x_wconf 89' lang='lat' dir='ltr'>neas</span> <span class='ocrx_word' id='word_1_531' title='bbox 999 2528 1110 2559; x_wconf 83' lang='lat' dir='ltr'>clavas</span> <span class='ocrx_word' id='word_1_532' title='bbox 1127 2528 1303 2568; x_wconf 86' lang='lat' dir='ltr'>gerebant,</span> <span class='ocrx_word' id='word_1_533' title='bbox 1319 2539 1394 2570; x_wconf 85' lang='lat' dir='ltr'>quae</span> <span class='ocrx_word' id='word_1_534' title='bbox 1411 2529 1526 2561; x_wconf 83' lang='lat' dir='ltr'>Graeci</span> <span class='ocrx_word' id='word_1_535' title='bbox 1543 2530 1597 2561; x_wconf 79' lang='grc' dir='ltr'>κά-</span> 
     </span>
     <span class='ocr_line' id='line_1_97' title="bbox 900 2577 1596 2613; baseline 0.004 -6"><span class='ocrx_word' id='word_1_536' title='bbox 900 2582 944 2607; x_wconf 86' lang='grc' dir='ltr'>λα</span> <span class='ocrx_word' id='word_1_537' title='bbox 969 2581 1103 2613; x_wconf 88' lang='lat' dir='ltr'>vocant,</span> <span class='ocrx_word' id='word_1_538' title='bbox 1120 2582 1158 2607; x_wconf 91' lang='lat' dir='ltr'>ut</span> <span class='ocrx_word' id='word_1_539' title='bbox 1184 2578 1305 2608; x_wconf 84' lang='lat' dir='ltr'>Festus</span> <span class='ocrx_word' id='word_1_540' title='bbox 1326 2577 1445 2609; x_wconf 87' lang='lat' dir='ltr'>voluit.</span> <span class='ocrx_word' id='word_1_541' title='bbox 1490 2578 1596 2610; x_wconf 82' lang='lat' dir='ltr'>Quid-</span> 
     </span>
     <span class='ocr_line' id='line_1_98' title="bbox 902 2626 1598 2669; baseline 0.003 -11"><span class='ocrx_word' id='word_1_542' title='bbox 902 2627 982 2669; x_wconf 85' lang='lat' dir='ltr'>quid</span> <span class='ocrx_word' id='word_1_543' title='bbox 999 2627 1056 2666; x_wconf 87' lang='lat' dir='ltr'>sit,</span> <span class='ocrx_word' id='word_1_544' title='bbox 1075 2630 1170 2657; x_wconf 82' lang='lat' dir='ltr'>vetus</span> <span class='ocrx_word' id='word_1_545' title='bbox 1185 2626 1323 2658; x_wconf 85' lang='lat' dir='ltr'>Horatii</span> <span class='ocrx_word' id='word_1_546' title='bbox 1339 2627 1518 2660; x_wconf 84' lang='lat' dir='ltr'>Glossema</span> <span class='ocrx_word' id='word_1_547' title='bbox 1529 2638 1598 2659; x_wconf 90' lang='lat' dir='ltr'>mo·</span> 
     </span>
     <span class='ocr_line' id='line_1_99' title="bbox 900 2676 1594 2718; baseline 0.001 -10"><span class='ocrx_word' id='word_1_548' title='bbox 900 2683 972 2712; x_wconf 90' lang='lat' dir='ltr'>net,</span> <span class='ocrx_word' id='word_1_549' title='bbox 987 2677 1107 2708; x_wconf 76' lang='lat' dir='ltr'>calones</span> <span class='ocrx_word' id='word_1_550' title='bbox 1130 2676 1297 2717; x_wconf 85' lang='lat' dir='ltr'>appellari</span> <span class='ocrx_word' id='word_1_551' title='bbox 1314 2676 1446 2708; x_wconf 83' lang='lat' dir='ltr'>viliores</span> <span class='ocrx_word' id='word_1_552' title='bbox 1466 2687 1594 2718; x_wconf 82' lang='lat' dir='ltr'>servos,</span> 
     </span>
     <span class='ocr_line' id='line_1_100' title="bbox 901 2726 1594 2767; baseline 0.004 -10"><span class='ocrx_word' id='word_1_553' title='bbox 901 2727 1058 2766; x_wconf 80' lang='lat' dir='ltr'>urbanos,</span> <span class='ocrx_word' id='word_1_554' title='bbox 1074 2726 1297 2767; x_wconf 79' lang='lat' dir='ltr'>rusticosque,</span> <span class='ocrx_word' id='word_1_555' title='bbox 1315 2726 1357 2757; x_wconf 90' lang='lat' dir='ltr'>ad</span> <span class='ocrx_word' id='word_1_556' title='bbox 1372 2727 1594 2760; x_wconf 86' lang='lat' dir='ltr'>imitationem</span> 
     </span>
     <span class='ocr_line' id='line_1_101' title="bbox 901 2776 1593 2817; baseline 0.001 -9"><span class='ocrx_word' id='word_1_557' title='bbox 901 2777 1071 2815; x_wconf 87' lang='lat' dir='ltr'>calonum,</span> <span class='ocrx_word' id='word_1_558' title='bbox 1100 2776 1158 2817; x_wconf 89' lang='lat' dir='ltr'>qui</span> <span class='ocrx_word' id='word_1_559' title='bbox 1187 2776 1220 2806; x_wconf 91' lang='lat' dir='ltr'>in</span> <span class='ocrx_word' id='word_1_560' title='bbox 1251 2777 1404 2808; x_wconf 86' lang='lat' dir='ltr'>exercitu</span> <span class='ocrx_word' id='word_1_561' title='bbox 1428 2777 1593 2809; x_wconf 86' lang='lat' dir='ltr'>serviunt.</span> 
     </span>
     <span class='ocr_line' id='line_1_102' title="bbox 903 2824 1593 2867; baseline 0.006 -10"><span class='ocrx_word' id='word_1_562' title='bbox 903 2826 1114 2867; x_wconf 84' lang='lat' dir='ltr'>Quamquam</span> <span class='ocrx_word' id='word_1_563' title='bbox 1130 2825 1163 2858; x_wconf 83' lang='lat' dir='ltr'>bi</span> <span class='ocrx_word' id='word_1_564' title='bbox 1177 2824 1247 2858; x_wconf 78' lang='lat' dir='ltr'>fere</span> <span class='ocrx_word' id='word_1_565' title='bbox 1264 2825 1363 2858; x_wconf 85' lang='lat' dir='ltr'>liberi</span> <span class='ocrx_word' id='word_1_566' title='bbox 1379 2831 1486 2864; x_wconf 88' lang='lat' dir='ltr'>erant,</span> <span class='ocrx_word' id='word_1_567' title='bbox 1502 2827 1593 2861; x_wconf 85' lang='lat' dir='ltr'>sicut</span> 
     </span>
    </p>
   </div>
  </div>
 </body>
</html>
