1930 3204
492 292 701 325 HoRA'rn
733 291 1013 324 sermonum
1048 291 1142 322 mn.
1174 292 1207 324 1.
1237 282 1279 324 3.

154 397 258 421 manu
269 363 455 421 admoni'tio
465 393 527 421 est.
549 388 641 420 Huic
649 387 855 429 verovproxi-

157 448 214 470 ma
235 437 397 470 ‘fustium
413 437 422 452 ⁹
445 437 627 479 castigatio
657 441 722 468 est.
763 437 854 468 ‘Erat

159 498 241 521 vero
261 489 273 508 ⁴
285 487 495 530 flagellorum
507 490 516 506 ’
536 497 637 528 poena
655 487 763 518 multo
778 496 854 527 gra-

157 540 234 571 vior
262 546 364 581 quam
396 543 407 556 ‘
421 536 585 578 fustium:
614 536 704 578 qnod
739 537 854 568 multis

157 589 244 628 locis
260 597 322 621 nos
338 587 466 622 Jurisc.
490 587 626 619 docent.
646 586 762 617 *Nam
781 587 854 628 qui-

157 640 220 672 bu·
241 648 287 671 ex
309 638 440 671 caussis
465 635 563 669 liberi
583 635 742 678 fustibus,
764 637 854 668 servi

160 687 304 730 flagellis
333 685 567 725 caedebantur,
600 685 747 717 antehac
785 685 854 717 dic-

159 743 233 770 tum
249 738 258 768 ὲ
281 746 396 769 verum
412 736 636 776 honestiores,
648 734 789 767 fustium
806 736 855 766 lo-

159 798 215 830 co,
236 791 296 820 aut
310 786 489 828 temporali
505 785 621 826 exilio,
643 790 702 817 aut
720 786 770 817 rei
794 785 855 816 ali-

158 839 257 880 cnjus
270 837 513 870 interdictione
529 836 769 878 puniebantur.
806 836 856 868 At

159 895 241 920 vero
255 887 380 919 milites
393 885 438 918 ob
453 883 585 918 leviora
599 886 726 918 delicta
741 896 761 917 a
776 895 856 917 cen·

156 937 348 970 talionibus
378 936 446 968 suis
471 935 542 967 vite
562 935 856 976 percutiebantur.

158 995 226 1028 qua
245 985 293 1018 de
315 995 352 1017 re
374 985 499 1018 Juven.
520 985 593 1016 Sat.
607 993 691 1016 vui.
711 985 721 1003 ‘
741 984 857 1016 Nodo-

158 1045 229 1067 sam
241 1035 424 1076 frangebat
437 1035 566 1066 vertice
578 1034 706 1067 vitem!
728 1034 771 1066 In
781 1036 790 1053 ‘
800 1033 859 1067 fla-

159 1083 279 1123 gellis’
298 1085 411 1125 itaque
437 1083 546 1124 major
573 1088 610 1114 et
635 1084 798 1115 atrocitas
822 1089 859 1115 et

159 1133 346 1174 ignominia
374 1137 462 1165 erat.
505 1132 607 1164 Unde
637 1138 672 1164 et
699 1133 861 1165 ‘servilia

163 1183 325 1216 verbera’
352 1183 554 1214 dicebantur
578 1181 789 1224 flagellorum
813 1185 861 1215 ic-

161 1238 228 1273 tus,
242 1237 280 1266 et
295 1233 385 1265 servi
399 1233 465 1274 ipsi
480 1233 490 1250 ‘
506 1231 710 1274 flagriones‚’
723 1233 812 1265 sicut
826 1238 862 1266 et

160 1287 171 1302 ⁸
188 1283 416 1323 verberones:
434 1287 470 1314 et
487 1283 610 1314 Graeco
627 1283 733 1314 verbo
749 1283 759 1301 ‘
777 1292 861 1314 mas-

161 1335 279 1376 tigiael
322 1334 436 1376 Atque
449 1335 527 1367 hinc
543 1335 554 1353 ‘
571 1335 613 1366 ad
633 1333 742 1375 flagra
757 1334 862 1366 dedu-

160 1384 259 1417 cere'
274 1394 338 1426 pro
353 1385 386 1416 in
402 1385 603 1416 servitutem
616 1385 774 1426 redigere
787 1385 862 1416 dix-

159 1435 228 1466 isse
253 1434 391 1467 videtur
415 1435 541 1468 Juven.
570 1435 643 1466 Sat.
672 1443 710 1466 x.
742 1436 753 1453 ‘
771 1435 860 1467 Quid

161 1484 326 1519 Crassos?
349 1483 433 1526 quid
457 1485 639 1525 Pompeios
663 1484 800 1523 evertit,
826 1489 863 1515 et

115 1568 119 1574 ,
157 1533 253 1564 illum
279 1533 335 1565 Ad
366 1544 428 1566 sua
457 1533 515 1575 qni
540 1533 688 1565 domitos
716 1533 863 1565 deduxit

159 1582 268 1624 flagra
283 1583 435 1618 Quirites
448 1583 472 1615 ?'
499 1585 672 1616 Caesarem
688 1584 775 1615 enim
791 1583 862 1615 dic-

160 1637 307 1667 tatorem
341 1633 516 1675 intelligit,
545 1634 601 1675 qui
631 1634 861 1665 Romanorum

158 1683 357 1717 libertatem
380 1685 565 1725 oppressit.
610 1685 758 1725 Proprie
782 1694 863 1717 vero

130 1759 132 1762 v
161 1735 172 1753 ‘
187 1733 345 1776 flagella’
369 1734 543 1770 dicuntur,
567 1734 594 1764 si
619 1734 863 1766 Grammaticis

163 1783 346 1822 credimus,
359 1783 519 1814 arborum
535 1781 766 1823 fruticumque
777 1793 865 1814 sum-

164 1834 317 1872 mitates,
327 1842 366 1863 eo
375 1831 466 1872 quod
478 1830 560 1862 flatu
575 1832 767 1871 agitentur3
784 1841 866 1873 quas

165 1883 208 1914 ob
225 1883 383 1919 virorem,
399 1885 439 1912 ut
456 1881 608 1911 Isidorus
632 1880 749 1920 voluit,
764 1882 867 1912 etiam

164 1933 174 1948 ⁸
191 1929 324 1971 virgas'
347 1930 580 1970 appellamus:
605 1939 681 1971 quae
698 1934 824 1967 tamen,
840 1931 867 1962 si

166 1981 302 2013 nodosae
329 1986 432 2021 atque
457 1981 624 2011 aculeatae
643 1980 726 2020 sint,
749 1985 759 2000 ‘
776 1990 868 2012 scor-

167 2031 303 2072 piones’
322 2041 456 2073 quoque
470 2032 695 2064 nominantur.
718 2031 764 2063 Et
777 2031 789 2048 ‘
803 2031 868 2063 vir-

167 2081 232 2122 gae’
244 2081 346 2122 igitur
357 2079 490 2122 flagella
503 2085 594 2118 sunt,
605 2081 693 2112 sicut
705 2085 739 2112 et
752 2086 761 2100 ‘
770 2080 869 2113 lora?

167 2132 311 2164 Tor-rene.
352 2131 477 2162 Scutica
498 2130 646 2171 dignum]
681 2131 769 2162 Loro
793 2130 868 2171 dig-

167 2189 260 2212 num.

210 2232 272 2262 120
294 2229 380 2261 Nam
409 2232 447 2260 ut
465 2228 588 2269 serula]
629 2229 686 2265 Ue,
711 2237 774 2269 pro
797 2229 808 2247 ⁴
823 2238 868 2261 ne

166 2288 232 2312 non
248 2281 269 2312 ε’
291 2285 331 2313 ut
357 2280 402 2312 sit
423 2280 613 2311 sententia:
639 2279 694 2311 Ne
717 2288 784 2310 non
804 2288 869 2310 eae·

167 2331 228 2362 das
242 2329 353 2362 ferula
369 2340 461 2367 eum,
476 2330 534 2370 qui
552 2334 699 2360 meretur
715 2329 871 2360 acerbius

169 2377 312 2420 corrigi:
334 2389 396 2410 non
410 2388 528 2417 vereor,
542 2378 607 2408 hoe
625 2382 690 2417 est,
704 2376 784 2408 mibi
798 2387 871 2408 cer·

170 2434 242 2460 tum
258 2433 325 2467 est,
340 2431 375 2458 te
394 2427 519 2458 leniter
534 2426 779 2466 castigaturum
795 2435 871 2457 eum

171 2477 228 2518 qui
244 2478 299 2508 vel
312 2476 460 2508 maximo
475 2476 643 2516 supplicio
659 2475 782 2516 dignus
797 2480 869 2515 est;

173 2527 290 2568 itaque
317 2526 408 2567 apud
435 2535 493 2556 vos
520 2524 612 2556 nulla
635 2524 791 2565 supplicii
815 2524 874 2556 de-

174 2577 372 2618 precatione
400 2580 451 2607 est
478 2585 578 2616 opus,
601 2578 640 2606 nt
670 2574 761 2615 apud
791 2585 874 2616 quos

175 2626 317 2657 crimina
331 2626 400 2656 siut
417 2625 513 2665 paria
529 2627 564 2655 et
580 2624 724 2664 aequalia
747 2624 874 2665 suppli-

174 2676 238 2707 cia.
263 2675 362 2715 Cruq.
408 2675 524 2706 Ferula
538 2674 654 2714 coedas]
681 2673 730 2705 Ut
745 2674 876 2706 minore

175 2726 345 2767 supplicio
361 2724 500 2758 afficias.
537 2725 641 2765 [Nam
655 2723 763 2762 ferula
777 2725 877 2756 coedas

174 2775 256 2807 Vat.
272 2775 387 2808 Palat.
401 2777 435 2806 4.
451 2779 487 2806 et
501 2774 584 2805 Vat.
600 2774 699 2805 Rom.
715 2776 748 2805 9.
796 2775 877 2806 Nam

169 2825 276 2864 serula
291 2829 327 2856 ut
340 2825 421 2856 Vat.
439 2824 538 2855 Rom.
556 2826 589 2854 9.
608 2832 628 2854 a
643 2832 688 2855 m.
705 2822 792 2864 sem]

260 2878 377 2919 Delph.
389 2881 421 2909 et
440 2877 515 2909 Var.
531 2877 617 2908 Clas.

850 2877 968 2909 Horat.

1488 281 1601 325 1617

948 390 1009 420 121
1035 387 1110 420 Non
1122 387 1244 430 cerem]
1268 385 1346 419 Non
1363 394 1492 426 vereor,
1504 395 1548 417 ne
1565 387 1600 418 id

903 436 1024 470 facias.

948 491 1011 520 122
1033 487 1152 529 Furta]
1180 488 1286 520 Furta
1300 486 1489 519 clanculum
1505 484 1603 517 fiunt.

905 538 1112 580 Latrociniis]
1134 538 1327 572 Latrocinia
1349 543 1429 570 sunt
1446 537 1604 570 violentae

906 588 1128 629 direptiones.

949 641 1012 670 123
1029 638 1120 671 Falce
1135 639 1304 671 recisurum
1317 639 1413 671 simili
1427 638 1473 680 te]
1491 639 1604 672 Quum

906 687 1046 719 mineris
1067 698 1170 729 poena
1185 689 1283 720 simili
1303 695 1337 720 te
1352 694 1606 731 amputaturum

907 746 1012 778 parva
1023 745 1101 769 cum
1117 738 1248 779 magnis
1262 737 1412 779 flagitiis.

950 789 1011 818 124
1025 786 1062 818 Si
1072 787 1158 819 dives
1167 789 1222 829 qui
1233 789 1372 828 sapiens]
1386 789 1607 821 Facetissime

907 837 1037 879 reliqua
1052 837 1148 879 hujus
1158 838 1289 878 Satyrae
1303 842 1416 879 parte,
1426 838 1609 878 superbam

908 886 1000 918 illam
1015 887 1207 919 Stoicorum
1223 887 1266 919 de
1289 887 1445 930 sapiente
1460 897 1520 919 suo
1534 896 1609 918 sen-

909 936 1052 968 tentiam
1081 936 1224 970 irridet:
1263 937 1306 968 de
1332 946 1400 979 qua
1428 937 1479 969 sic
1508 936 1611 968 etiam

910 987 1023 1028 Epist.
1051 988 1095 1019 ad
1124 988 1375 1021 Maecenatem:
1411 987 1492 1020 ‘Ad
1523 997 1611 1019 sum·

910 1047 1001 1069 mum
1022 1038 1160 1079 ,sapiens
1182 1048 1248 1070 uuo
1264 1039 1372 1070 minor
1388 1043 1439 1070 est
1453 1037 1556 1073 Jove,
1570 1037 1612 1068 li-

911 1086 985 1123 ber,
1012 1088 1135 1128 Dives,
1161 1087 1359 1128 honoratus,
1391 1088 1523 1129 pulcer,
1549 1095 1613 1118 rex

913 1137 1059 1179 denique
1094 1138 1236 1180 regum?
1292 1138 1482 1179 Postquam
1511 1137 1615 1178 igitur

913 1187 1067 1219 omnibus
1081 1187 1211 1220 artibus
1221 1188 1471 1230 virtutibusque
1484 1187 1616 1229 sapien-

915 1241 982 1269 tem
993 1242 1162 1269 exornant
1173 1238 1296 1279 Stoici,
1310 1238 1455 1270 ridicule
1467 1240 1616 1270 sutorem

915 1295 1049 1328 quoque
1065 1285 1149 1318 facit
1167 1287 1290 1319 Horat.
1325 1286 1375 1319 At
1391 1287 1441 1319 illi
1458 1296 1539 1318 sane
1562 1295 1617 1318 so-

914 1336 982 1367 lum
1013 1336 1122 1377 ipsum
1152 1346 1227 1369 esse
1254 1337 1411 1375 Ροὲῐαω,
1441 1346 1480 1370 ac
1507 1338 1615 1369 solum

914 1385 1145 1425 dialecticum,
1157 1385 1329 1419 dicebant.
1349 1387 1406 1418 Sic
1418 1387 1507 1418 enim
1520 1387 1615 1419 Stra-

915 1434 959 1465 bo
986 1435 1214 1476 Geograpbiae
1245 1435 1305 1468 lib.
1332 1445 1358 1467 1.
1403 1436 1617 1478 Quamquam

914 1488 1029 1515 autem
1055 1485 1119 1515 boc
1143 1484 1355 1525 paradoxum
1384 1485 1439 1516 hic
1465 1485 1639 1526 exagitat,

916 1532 1037 1569 Poeta,
1047 1533 1125 1565 inde
1142 1538 1255 1566 tamen
1270 1535 1450 1576 desumpta
1460 1535 1530 1571 illa,
1541 1544 1617 1576 quse

913 1592 988 1614 cum
1011 1581 1238 1616 admiratione
1253 1585 1408 1625 legimus,
1432 1594 1484 1618 lv.
1502 1585 1571 1617 od.
1586 1588 1619 1616 9.

914 1632 923 1649 ‘
945 1632 1140 1674 Consulque
1176 1643 1245 1665 non
1275 1637 1374 1666 unius
1413 1634 1517 1671 anni.’
1554 1637 1619 1666 ἃς.

918 1683 1006 1714 Torr.
1062 1683 1100 1714 Si
1130 1685 1233 1724 dives]
1271 1685 1400 1717 Irridet
1425 1686 1618 1718 Stoicorum

916 1731 1129 1773 paradoxon,
1159 1743 1283 1775 nempe
1317 1735 1507 1776 sapientem
1545 1744 1620 1766 esse

917 1791 1041 1813 omnia.

961 1830 1039 1871 [125
1054 1832 1136 1864 Vat.
1152 1834 1250 1865 Rom.
1264 1834 1461 1872 affirmastis
1473 1833 1584 1874 solua]

962 1883 1024 1912 126
1050 1882 1117 1913 Cur
1143 1882 1248 1923 optas]
1274 1883 1344 1915 Cur
1370 1889 1472 1925 optas
1497 1887 1535 1915 ut
1561 1884 1622 1915 tibi

918 1939 1058 1971 regnum
1088 1931 1292 1972 permittant
1320 1933 1498 1964 homines?
1548 1933 1623 1964 Non

916 1979 1016 2020 nosti]
1037 1981 1173 2012 Stoicus
1190 1983 1302 2022 arguit
1319 1982 1503 2014 Horatium
1528 1982 1622 2023 igno-

918 2030 1074 2070 rationis,
1103 2036 1139 2062 et
1167 2031 1290 2073 inquit,
1313 2033 1405 2065 Num
1429 2032 1540 2064 nosti?
1558 2035 1622 2064 ἃς.

919 2080 1031 2120 Pater,
1046 2081 1116 2121 ξω]
1142 2080 1152 2098 ‘
1169 2081 1314 2113 Patres*
1336 2082 1473 2114 honoris
1498 2091 1622 2113 caussa

917 2130 1083 2170 appellati
1100 2131 1158 2171 qui
1183 2130 1467 2172 Philosophorum
1489 2130 1625 2162 familiis

917 2178 1098 2219 praefuere.
1117 2179 1258 2212 Terreni.
1293 2181 1378 2212 Num
1389 2180 1472 2213 nosti
1487 2180 1541 2212 ed.
1556 2181 1625 2211 Ve-

918 2232 988 2259 net.
1004 2228 1116 2268 1509.]

962 2279 1022 2308 127
1050 2277 1242 2319 Chrysippus
1269 2279 1372 2321 dicat]
1412 2278 1624 2321 Chrysippus

919 2325 1121 2358 vaferrimus
1131 2327 1321 2359 Stoicorum
1334 2330 1539 2360 somniorum
1552 2334 1626 2360 erat

920 2375 1101 2414 interpres.
1141 2375 1302 2417 [Cuning.
1320 2387 1364 2409 ex
1389 2379 1540 2419 ingenio,
1562 2388 1626 2409 cre-

916 2425 1010 2464 pidas
1024 2434 1120 2464 neque
1126 2426 1222 2465 fecit,
1240 2427 1274 2456 N
1277 2436 1310 2458 ec
1324 2428 1423 2458 soleas
1438 2427 1602 2468 unquam]

964 2475 1026 2504 128
1049 2473 1145 2504 Sutor
1174 2476 1294 2516 autem]
1332 2477 1528 2514 Potestate‚
1558 2484 1624 2506 non

922 2534 998 2556 usu.
1046 2524 1132 2564 Quo]
1154 2524 1231 2557 Quo
1247 2525 1336 2557 istuc
1355 2525 1531 2566 pertinet?

966 2577 1029 2606 129
1058 2574 1176 2606 Cantor
1203 2574 1320 2614 tamen]
1358 2575 1483 2606 Potest
1513 2568 1626 2605 t'amen

922 2633 1058 2656 canere.

967 2676 1029 2706 1:30
1056 2673 1098 2704 Ut
1113 2672 1246 2710 Alfenus
1270 2672 1374 2714 vqfer]
1414 2671 1560 2705 Alfenus
1586 2682 1629 2704 ex

924 2726 1041 2754 sutore
1050 2722 1072 2755 J
1077 2722 1320 2754 iurisconsultus
1335 2722 1540 2754 clarissimus
1551 2732 1630 2754 eva·

925 2773 983 2806 sit.
1027 2772 1160 2811 Alfenus
1181 2772 1284 2813 vafer]
1307 2773 1365 2804 Sic
1388 2773 1525 2815 quidem
1547 2772 1628 2804 libri

927 2831 1042 2855 omnes
1054 2826 1126 2855 tum
1137 2823 1265 2863 excusi,
1278 2827 1349 2855 tum
1359 2823 1443 2855 Mss.
1454 2822 1514 2854 sed
1526 2822 1629 2864 prisci

1465 2876 1542 2907 51<
