1904 3216
410 285 521 327 1694

409 387 498 418 Vide
512 395 551 417 n.
566 385 631 417 Od.
646 385 704 415 ult.
727 382 738 402 ’ί
751 383 949 424 Invidiaque
961 382 1087 423 major.³

410 435 559 466 Turneb.
585 442 634 463 1x.
662 434 714 462 28.
753 431 892 462 Torrent.
935 431 1087 462 Invidiam

406 483 529 522 placare
539 479 645 520 parus]
675 479 838 510 Invidiam
861 479 993 510 virtutis
1020 483 1087 510 tuoe

408 530 576 561 comitem.
624 528 746 558 Virtute
759 529 881 568 relicta]
898 528 954 559 Ita
969 531 1006 558 ut
1021 537 1088 559 ma-

409 579 459 608 vis
474 578 584 616 otiari,
599 581 633 607 et
650 577 729 606 nihil
743 577 900 607 scribere.

450 629 490 656 14
517 626 650 656 Vitanda
668 629 712 656 est
726 625 859 664 improba
875 625 979 665 Siren]
1002 625 1088 656 Hor-

410 677 504 704 tatur
527 673 703 703 Horatium
725 673 766 703 ab
788 674 937 712 honesto,
960 677 998 703 ut
1019 672 1088 703 otio

409 725 445 752 et
461 721 645 752 cessatione
661 721 771 750 valere
782 720 888 759 jussa,
907 730 942 750 se
957 728 1089 759 compo-

410 773 469 800 nat
483 769 525 799 ad
541 769 626 799 bene
640 768 757 808 agendi
770 769 1004 808 scribendique
1019 773 1088 798 stu-

407 819 513 856 dium,
529 818 556 848 si
572 818 654 848 nolit
676 818 716 847 ad
740 818 910 855 desidiam,
933 822 1087 857 tanquam

409 866 451 896 ad
463 866 630 896 Sireueios
646 865 810 904 scopulos,
823 865 965 896 omnium
975 864 1087 895 facere

403 915 573 954 jacturam
591 923 600 943 ι
632 913 777 952 virtutis,
813 913 891 943 vitae
927 913 1087 948 honestae,

409 962 560 999 nominis,
575 963 637 992 διο.
663 961 756 1000 Cruq.

451 1013 491 1040 15
514 1009 664 1040 Desidia.-
690 1012 744 1039 aut
759 1007 920 1048 quidquid]
938 1009 1088 1045 Desidia,

410 1058 518 1089 Sireni
542 1058 669 1095 similis,
691 1058 816 1087 animos
837 1058 1000 1088 hominum
1016 1067 1088 1089 cor-

408 1106 545 1146 rumpit.
592 1106 664 1137 Vita
677 1105 798 1136 meliore
808 1105 944 1146 parasti]
974 1106 1087 1137 Virtu-

409 1159 478 1185 tem
494 1154 693 1185 exercendo.

451 1205 492 1233 16
514 1203 693 1233 Ponendum
720 1211 804 1241 oequo
830 1201 946 1241 animo]
978 1203 1088 1241 Depo-

408 1251 552 1282 nendum
575 1257 637 1288 est,
659 1256 695 1281 et
716 1250 936 1290 abjiciendum
960 1251 1089 1290 patien-

407 1304 472 1330 ter.
516 1300 563 1330 Di
577 1303 620 1340 te,
636 1299 832 1339 Damasippe,
846 1298 995 1339 Demque]
1020 1299 1089 1330 Ho-

408 1349 513 1379 ratius
527 1349 608 1379 satis
625 1349 764 1379 ridicule
787 1348 912 1387 gratias
925 1349 1005 1387 ¹agit
1022 1348 1092 1378 Da-

412 1397 575 1436 masippo.

451 1448 492 1476 17
523 1446 634 1476 Verum
650 1445 684 1475 ob
698 1446 852 1477 consilium
870 1446 996 1485 donent]
1035 1445 1091 1476 Ob

407 1498 536 1525 rectum
565 1494 748 1525 consilium.
802 1494 927 1524 Donent
956 1494 1090 1532 tonsore]

407 1543 576 1574 Praeclara
590 1543 719 1574 scilicet
738 1543 843 1574 Stoici
860 1551 988 1572 merces
1003 1554 1010 1571 ε
1034 1551 1087 1572 ec-

409 1592 488 1632 quid
503 1592 593 1622 euim
608 1591 696 1622 aliud
716 1591 746 1621 ei
770 1591 878 1630 optari
902 1591 1016 1629 possit,
1034 1590 1093 1630 qui¹

409 1649 462 1670 res
477 1640 634 1670 humanas
654 1647 768 1668 omnes
787 1647 856 1677 pree
877 1639 1000 1668 virtute
1013 1647 1089 1668 con-

409 1691 550 1725 temnat,
568 1696 606 1716 ac
629 1686 713 1717 coelo
736 1690 771 1716 et
790 1689 880 1715 terra
902 1684 982 1723 frui,
1005 1685 1088 1715 solas

410 1744 484 1766 esse
513 1735 644 1765 divitias
665 1734 806 1764 credat?
850 1733 958 1764 Tanto
978 1737 1089 1764 autem

409 1783 562 1815 festivius
580 1783 752 1821 Horatius,
766 1782 852 1822 quod
868 1782 901 1812 in
917 1781 1090 1821 Damasip-

409 1840 489 1872 pum
513 1832 677 1862 inciderat
699 1831 803 1861 barba
824 1834 953 1860 tantum
976 1838 1015 1860 ac
1037 1839 1088 1859 su·

409 1880 548 1920 percilio
568 1880 816 1919 Philosophum,
843 1882 956 1919 atque,
976 1882 1012 1908 ut
1028 1878 1089 1908 Fa-

408 1928 559 1959 vorinum
588 1927 702 1958 dicere
728 1927 859 1958 solitum
887 1927 989 1962 aiunt,
1019 1925 1091 1956 ἄνευ

406 1978 465 2007 τοῦ
489 1975 644 2016 πράττειν,
667 1974 758 2015 μέχρι
780 1976 836 2006 τοῦ
862 1974 975 2013 λέγειν,
990 1975 1090 2011 sactis

410 2028 523 2067 procul,
549 2027 650 2058 verbis
678 2030 783 2057 tenus:
812 2025 864 2056 cui
888 2025 915 2055 si
938 2025 1089 2055 Philoso-

352 2086 357 2090 -
410 2075 498 2114 phiae
528 2075 667 2113 insignia
691 2074 815 2111 demas,
843 2073 904 2103 hoc
927 2077 990 2109 est,
1014 2071 1088 2101 bar-

408 2122 484 2152 bam
500 2127 536 2153 et
551 2122 763 2161 supercilium
782 2121 889 2154 radas,
913 2120 953 2150 ab
970 2120 1088 2158 impos-

409 2174 484 2200 tore
499 2169 583 2199 liber
593 2168 728 2199 evadas.
746 2168 881 2199 Torreat.
925 2166 1087 2196 Allusisse

409 2217 543 2248 videtur
557 2217 596 2247 ad
609 2216 759 2256 proverb.
776 2217 786 2232 ⁴
803 2215 916 2245 Barba
931 2219 1026 2244 tenus
1040 2223 1088 2244 sa-

410 2265 566 2305 pientes‚’
588 2266 620 2295 in
646 2273 716 2301 eos,
738 2264 792 2303 qui
820 2263 980 2293 nniversae
1008 2262 1087 2292 vitae

410 2313 659 2344 sanctimoniam
674 2311 784 2342 nonin
797 2310 917 2348 animo,
931 2318 1038 2349 neque
1054 2310 1087 2340 in

410 2362 567 2396 moribus,
594 2359 652 2390 sed
689 2359 722 2389 in
752 2359 844 2388 cultu
868 2357 1093 2388 constituunt.-

410 2411 569 2440 Erasmus.
598 2408 727 2447 Tonsor]
749 2407 955 2445 Quilongam
967 2405 1087 2436 etPhi-

409 2458 610 2497 Iosophicam
623 2461 714 2487 tuam
731 2454 862 2485 barbam
879 2453 986 2485 radat.

452 2509 492 2536 18
514 2505 680 2544 Postquam
688 2503 800 2542 omnis]
815 2501 1009 2541 Respondet
1021 2501 1087 2531 Da-

410 2553 591 2592 masippus.
642 2551 759 2582 Janum
786 2550 836 2580 Ad
869 2549 1013 2589 medium]
1047 2548 1087 2579 In

411 2602 519 2641 Epist.
540 2610 564 2632 1.
584 2599 625 2630 ad
645 2599 865 2630 Maecenatem
888 2597 970 2628 duos
985 2595 1087 2627 fuisse

412 2651 516 2682 Jauos
530 2650 657 2681 indicat
670 2660 677 2678 :
699 2649 709 2666 ‘
722 2648 807 2679 Haec
822 2647 927 2679 Janus
944 2655 1086 2677 summus

411 2698 454 2727 ab
482 2699 546 2728 imo
572 2697 764 2728 Perdocet.’
806 2695 859 2726 An
885 2705 964 2735 ergo
987 2694 1086 2725 etiam

412 2747 542 2785 tertius,
566 2745 694 2777 medius
718 2753 837 2784 nempe
859 2745 948 2775 inter
963 2748 1085 2775 utrum·

854 293 993 323 NOTAE
1025 290 1286 323 VARIORUM
1319 293 1369 323 IN

1136 385 1225 424 que?
1274 383 1314 414 Id
1345 383 1498 424 equidem
1525 384 1672 415 nonnulli
1700 385 1812 417 existi-

1135 435 1237 462 mant.
1261 432 1326 461 Sed
1342 431 1450 470 potior
1462 432 1502 462 P.
1516 432 1659 463 Victoris
1672 432 1714 463 de
1729 434 1814 473 regi-

1134 479 1250 510 onibus
1281 478 1382 510 Urbis
1407 480 1519 519 opinio
1543 484 1614 518 est3
1637 480 1683 511 ait
1701 481 1813 513 enim:

1135 527 1234 559 ‘Jani
1259 527 1336 566 duo,
1360 528 1500 559 celebris
1522 532 1741 560 mercatorum
1766 529 1814 560 lo-

1136 574 1219 606 cus!
1262 576 1368 607 Erant
1397 581 1505 606 antem
1528 575 1562 606 in
1589 576 1723 616 regione
1749 575 1815 607 fori

1138 623 1300 654 Romani:
1331 629 1366 655 et
1394 625 1498 657 omnis
1531 624 1588 654 ille
1616 624 1705 655 inter
1732 624 1814 655 dnos

1134 670 1240 702 Janos
1256 672 1359 710 loeus,
1389 673 1398 689 ‘
1412 673 1517 704 Janus
1533 671 1677 703 medius'
1700 673 1815 711 appel—

1136 719 1279 751 labatur.
1322 721 1408 752 Vide
1432 722 1564 751 iuterim
1581 720 1674 751 Petri
1691 719 1815 751 Nannii

1134 767 1292 807 Σύμμικτα
1306 769 1360 801 lib.
1373 779 1422 800 iv.
1437 775 1472 800 et
1487 769 1630 801 Turneb.
1647 778 1695 800 vr.
1713 771 1763 800 10.
1779 774 1815 800 et

1137 825 1240 849 xxvi.
1268 821 1318 850 26.
1363 818 1497 849 Brodaei
1526 818 1669 848 Miscell.
1691 826 1733 848 ιι.
1762 820 1815 849 19.

1141 863 1278 895 Torreat.
1330 866 1460 904 Janum]
1491 865 1613 897 Janum
1633 865 1741 896 Deum
1766 865 1816 895 bi-

1136 911 1279 943 frontem
1296 913 1329 943 in
1345 913 1417 944 foro
1439 914 1595 953 positum,
1619 913 1676 944 ubi
1692 922 1816 944 merca-

1138 965 1226 991 tores
1242 965 1276 991 et
1292 960 1512 991 foeneratores
1526 961 1780 991 conveniebant.

1179 1011 1219 1039 19
1240 1009 1355 1039 Fracta
1370 1007 1552 1047 est,alienn]
1575 1008 1676 1040 Quasi
1692 1008 1733 1038 ad
1745 1017 1816 1040 sco-

1138 1057 1233 1096 pulos
1262 1058 1347 1087 illisa
1369 1062 1430 1097 est,
1458 1055 1491 1086 id
1517 1061 1580 1094 est,
1603 1055 1766 1086 diminuta
1780 1059 1817 1087 et

1137 1109 1343 1144 consumpta.
1374 1105 1484 1135 Aliena
1494 1103 1630 1144 negotiu]
1653 1103 1728 1135 Hoc
1741 1113 1817 1144 pro-

1138 1153 1209 1192 prie
1225 1158 1276 1184 est
1293 1153 1457 1184 curiosum
1474 1162 1558 1188 esse,
1581 1156 1627 1188 et,
1649 1157 1686 1183 ut
1702 1151 1816 1182 Graeci

1135 1201 1324 1240 loquuntur,
1333 1201 1604 1239 πολυπραγμονεῖν
1616 1200 1669 1231 cui
1683 1203 1815 1231 cuntra-

1137 1250 1220 1280 rium
1242 1249 1281 1281 τὰ
1301 1250 1395 1280 αὑτοῦ
1415 1248 1568 1289 πράττειν’
1584 1248 1744 1288 contingit
1759 1257 1815 1278 au-

1138 1302 1206 1329 tem
1222 1300 1390 1339 praecipue
1414 1299 1466 1336 iis,
1488 1298 1607 1338 quibus
1629 1296 1763 1327 domiin
1780 1305 1816 1326 re

1138 1357 1197 1378 sua
1205 1348 1286 1378 nihil
1297 1348 1424 1387 negotii
1435 1351 1486 1378 est
1497 1356 1506 1378 ι
1519 1347 1566 1378 sic
1577 1346 1663 1377 euim
1675 1345 1816 1376 Plautus

1136 1396 1270 1427 Sticho:
1301 1397 1311 1414 ‘
1324 1395 1460 1427 Alienus
1479 1405 1532 1427 res
1545 1395 1601 1436 qui
1616 1398 1734 1426 curant
1748 1398 1816 1424 stu-

1139 1444 1194 1474 dio
1219 1444 1377 1482 maximo,
1400 1445 1528 1477 Quibus
1549 1443 1629 1483 ipsis
1650 1443 1741 1473 nulla
1765 1447 1818 1473 est

1137 1502 1190 1523 res
1201 1503 1297 1532 quam
1310 1498 1490 1533 procurent
1501 1493 1582 1525 sua!
1625 1493 1699 1524 Nec
1711 1492 1816 1522 minus

1137 1546 1275 1572 venuste
1296 1542 1473 1572 Terentius
1495 1542 1682 1572 Heautont.
1705 1540 1715 1557 ‘
1729 1539 1816 1570 Tan-

1137 1594 1252 1621 tumne
1267 1595 1319 1620 est
1334 1590 1376 1620 ab
1392 1599 1427 1620 re
1444 1595 1501 1620 tua
1516 1588 1577 1619 otii
1599 1588 1672 1625 tibi,
1698 1587 1818 1618 Aliena

1136 1642 1173 1667 ut
1188 1647 1296 1676 cures,
1312 1647 1352 1668 ea
1367 1647 1439 1678 quoe
1452 1637 1532 1668 nihil
1546 1636 1586 1667 ad
1597 1641 1632 1668 te
1642 1637 1784 1667 attinent
1795 1636 1817 1666 ?‘

1140 1685 1278 1715 Torreat.

1178 1735 1220 1763 20
1245 1733 1402 1763 Excmus
1407 1732 1554 1772 propriis]
1563 1731 1704 1771 Ejectns
1715 1740 1733 1761 a
1744 1740 1818 1771 pro—

1138 1781 1218 1821 priis
1242 1781 1397 1821 negotiis.
1455 1781 1539 1811 olim
1566 1779 1651 1819 mm]
1694 1780 1822 1811 Narrat

1140 1830 1365 1869 Damasippus
1381 1839 1416 1860 se
1436 1829 1619 1860 studiosum
1641 1827 1743 1859 fuisse
1763 1838 1819 1858 vas

1139 1887 1249 1908 sorum
1279 1878 1500 1918 antiquorum,
1535 1877 1625 1916 prius
1648 1886 1746 1917 quam
1774 1877 1818 1907 eit

1138 1925 1247 1957 factus
1255 1926 1397 1957 Stoicus.
1422 1927 1566 1961 Quoerm
1575 1924 1724 1964 amabam]
1733 1925 1818 1956 Tres

1138 1975 1255 2015 optimi
1268 1974 1364 2005 codd.
1379 1975 1540 2005 habebam:
1563 1978 1602 2005 ut
1615 1973 1737 2004 avebam
1751 1971 1816 2004 for-

1139 2023 1234 2054 tassis
1248 2022 1424 2062 legendum
1448 2023 1510 2053 sit:
1527 2021 1620 2060 saner
1640 2023 1740 2052 etiam
1757 2030 1818 2061 pro

1136 2071 1224 2108 vafer
1237 2071 1271 2102 in
1284 2071 1521 2110 antiquissimis
1530 2069 1729 2101 membranis
1739 2070 1820 2100 scri-

1137 2121 1239 2151 bitur.
1253 2121 1390 2150 Torrent.
1415 2121 1557 2154 Quaerere
1570 2118 1721 2158 cambum]
1736 2119 1820 2158 Cog-

1138 2176 1276 2198 noscere
1313 2167 1474 2197 amabam.
1539 2165 1705 2204 [Excussis
1738 2166 1818 2196 Vat.

1137 2217 1232 2246 Rom.
1247 2218 1279 2246 2.
1302 2219 1337 2246 et
1353 2215 1434 2245 alius
1450 2214 1554 2245 codex
1578 2223 1631 2253 ap.
1649 2213 1818 2253 oberlin]

1178 2266 1217 2294 21
1243 2263 1311 2298 Quo
1337 2262 1435 2301 vafer]
1457 2261 1498 2292 In
1526 2270 1591 2301 quo
1617 2270 1694 2292 vase
1717 2270 1816 2292 εει-ευ.

1137 2310 1301 2350 Sisyphus]
1330 2310 1489 2350 Sisyphus
1509 2309 1565 2340 ille
1587 2309 1744 2345 AEolide⁸‚
1763 2310 1816 2340 vel

1139 2358 1286 2389 Homero
1321 2362 1421 2395 teste,
1450 2357 1636 2388 mortalium
1673 2357 1816 2389 omnium

1138 2406 1370 2444 astutissimus,
1384 2406 1526 2446 Ephyrae
1536 2405 1626 2444 olim,
1635 2414 1710 2446 quae
1725 2409 1818 2445 post-

1137 2464 1178 2485 ea
1202 2454 1378 2486 Corinthus
1396 2454 1499 2489 dicta,
1516 2453 1703 2493 imperavit.
1745 2453 1816 2484 Ita·

1137 2512 1201 2543 que
1229 2504 1336 2534 locum
1365 2503 1451 2533 hunc
1480 2502 1528 2532 sic
1555 2502 1815 2541 interpretantur

1137 2551 1252 2590 aliqui,
1266 2555 1304 2582 ut
1324 2552 1334 2569 ‘
1347 2551 1422 2582 aeris
1438 2548 1617 2581 Corinthii'
1631 2548 1814 2580 studiosum

1135 2608 1171 2630 se
1185 2598 1286 2630 fuisse
1302 2598 1524 2637 Damasippus
1540 2596 1640 2628 dicat.
1661 2597 1706 2627 Et
1719 2601 1815 2627 vetus

1137 2647 1270 2687 quidem
1306 2647 1477 2687 Interpres
1505 2646 1581 2676 oeris
1611 2649 1815 2685 temperatu-

1136 2704 1206 2725 ram
1243 2695 1406 2725 invenisse
1440 2692 1618 2733 Sisyphum*
1649 2695 1811 2723 testatur:

1137 2743 1270 2775 accedit
1296 2742 1382 2783 quod
1407 2742 1532 2782 Georg.
1557 2749 1597 2772 n.
1625 2739 1811 2780 'Ephyreia
