1904 3216
344 291 454 333 1702

384 395 444 424 106
466 393 506 424 Si
523 392 656 432 scalmo]
681 390 812 430 Scalpra
832 393 919 430 sunt,
946 399 1027 432 quas

341 441 451 474 Graeci
466 440 580 479 σμίλας
593 444 727 478 vocant,
749 439 956 471 ferramenta
971 449 1026 470 att·

339 492 437 528 toria,
454 491 597 530 primore
611 494 708 529 parte
725 498 839 524 curva,
851 494 886 520 et
900 498 919 519 a
933 487 1024 520 flexu

339 537 569 578 procurrentia
586 537 657 568 acie
675 542 780 575 recta,
795 537 913 578 quibus
939 537 1024 568 cori-

340 597 394 617 um
411 589 538 625 secant,
560 588 624 617 διο.
668 586 747 617 vid.
770 587 873 617 Turn.
891 595 958 617 vu.
972 588 1023 617 10.

338 641 374 666 et
402 644 456 666 111.
473 638 526 667 22.
569 635 712 676 Scalpra]
741 635 875 667 Sutoria
904 635 1025 666 instru-

337 690 463 723 menta,
481 685 600 726 quibus
616 686 742 717 corium
760 685 903 717 raditur.
946 685 1023 716 For-

337 734 418 774 mas]
442 734 551 765 Pedes
574 734 717 774 ligneos,
739 734 860 775 quibus
883 738 1023 765 utuntur

338 789 470 814 sutores
508 783 549 814 ad
593 783 725 814 calceos
763 782 1022 823 componendos-

336 831 437 872 Angl.
459 833 544 863 laste.
605 833 675 864 Non
699 833 800 874 sutor]
826 833 862 864 Si
885 833 942 864 ille
965 833 1023 874 qui

337 885 432 912 sutor
446 890 510 912 non
522 885 585 917 est,
601 882 680 912 emit
694 882 839 921 scalpra.

378 935 438 963 107
461 932 596 964 Aversus
617 931 812 970 mercaturis]
838 931 974 964 Alienus
1001 942 1020 963 a

337 986 538 1012 mercatura.

378 1032 439 1060 108
464 1030 548 1065 Quid
569 1029 722 1069 discrepat
742 1028 828 1068 istis]
856 1030 920 1064 Qui
930 1030 1021 1062 discr.

334 1079 460 1119 legitur
475 1079 508 1110 in
525 1078 677 1110 omnibus
697 1077 801 1109 ferme
822 1079 1020 1119 exemplari-

337 1129 410 1160 bus.
437 1129 582 1160 Tor-rent.
626 1128 718 1168 Istis]
742 1127 796 1158 Ab
812 1128 895 1160 istis.

379 1181 441 1209 110
481 1179 679 1219 Compositis]
724 1176 828 1208 Bonis
860 1178 1021 1219 quaesitis.

333 1227 477 1268 Sacrum]
498 1227 584 1258 Vide
597 1237 618 1258 ι.
635 1228 704 1258 Sat.
723 1230 751 1258 l.

377 1279 437 1308 112
462 1277 647 1316 porrectus]
668 1276 808 1308 Jacens.
853 1277 962 1317 Illinc]
978 1277 1024 1308 11-

334 1326 397 1357 lius
424 1326 558 1357 cumuli.
603 1326 698 1366 [Vat.
725 1326 823 1357 Rom.
845 1329 874 1358 7.
910 1336 964 1357 nec
984 1327 1024 1358 ic-

334 1375 424 1414 linc.]

378 1427 438 1455 118
463 1424 770 1464 Esuriensdominus]
798 1424 960 1456 Quamvis
976 1425 1022 1456 sit

338 1473 504 1509 dominus,
519 1477 554 1502 et
570 1473 710 1503 esuriat.

378 1523 438 1552 114
463 1521 562 1552 Foliis
582 1531 692 1560 parcus
721 1525 862 1553 vescatur
888 1522 1019 1562 amaris]

334 1570 438 1602 olera
465 1570 547 1601 dicit
571 1571 728 1610 agrestia,
753 1581 828 1610 quae
855 1571 1018 1601 amariora

334 1625 413 1650 suut
427 1619 573 1656 urbanis,
587 1624 624 1650 ut
639 1620 804 1650 silvestria
819 1620 927 1650 omnia
942 1620 1018 1650 bor-

334 1668 498 1699 teusibus.
543 1667 619 1699 Vid.
634 1668 786 1698 Turneb.
801 1677 869 1699 vu.
881 1671 931 1700 10.
944 1669 1019 1699 Tor-

331 1721 412 1749 rent.
454 1715 596 1756 Amoris]
619 1717 720 1748 Foliis
737 1718 935 1757 agrestibus.

378 1769 439 1798 116
463 1766 555 1797 Nihil
569 1766 630 1806 esi]
653 1767 780 1798 Parum
795 1772 846 1798 est
867 1766 954 1807 quod
971 1766 1020 1798 di-

333 1825 392 1854 eo;
414 1816 503 1846 mille
521 1815 589 1846 vini
616 1815 716 1846 cados
740 1815 830 1847 domi
854 1817 1020 1857 repositos

332 1865 469 1896 habere.
492 1864 651 1905 [Cuning.
663 1864 710 1895 nil
723 1865 796 1905 ech]

378 1916 437 1945 117
474 1913 676 1953 Stramentis]
724 1914 857 1946 Vilibus
893 1915 1020 1956 stratis,

333 1973 408 2004 quae
454 1963 695 1994 dormientibus
750 1963 1020 1996 substernuntur.

337 2013 582 2052 Undeoctoginta
595 2016 686 2044 natus
698 2014 810 2054 annos]
837 2013 946 2044 Natus
961 2024 1019 2045 an-

332 2071 392 2093 nos
407 2071 473 2093 uno
494 2062 601 2093 minus
617 2062 800 2102 octoginta,
813 2061 846 2093 id
864 2066 927 2101 est,
942 2072 1016 2103 sep-

333 2110 488 2150 tuaginta
499 2119 629 2141 novem.

375 2161 438 2189 118
455 2159 606 2197 Stragula
628 2158 738 2198 veseis]
761 2159 842 2189 Plus
867 2159 928 2190 hoc
954 2164 1018 2195 est,

332 2216 431 2248 quam
447 2207 473 2238 si
495 2207 692 2247 simpliciter
716 2208 727 2225 ⁴
741 2213 866 2238 vestem
882 2208 890 2221 '
914 2208 1016 2238 dixis-

331 2261 383 2288 set
397 2267 405 2287 :
429 2257 570 2294 stragula
591 2256 678 2286 enim
695 2261 787 2286 veste
803 2266 822 2287 a
836 2258 1016 2288 sternendo

331 2305 422 2336 dicta
442 2305 575 2346 (Graeci
591 2305 785 2344 περιστρῶμα
799 2304 936 2346 vocant)
951 2315 1015 2336 non

332 2354 518 2393 amicimur,
534 2353 595 2384 sed
611 2353 715 2393 magis
731 2353 774 2384 ad
798 2353 938 2385 delicias
954 2355 1016 2385 uti-

330 2413 415 2434 mur.
439 2403 579 2434 Torrent.

375 2455 436 2484 119
474 2452 651 2483 Blotturum
677 2450 788 2491 epuloe]
817 2450 1016 2483 Adscribam

331 2502 554 2543 antiquissimi
604 2501 729 2533 codicis
787 2502 982 2541 glossarium
1007 2512 1014 2530 :

329 2552 469 2582 ‘Blatta
497 2549 696 2582 vermiculus
728 2555 856 2580 vestem
887 2550 1017 2590 rodens,

331 2610 350 2630 a
367 2601 478 2631 colore
498 2602 689 2638 nuncupata
707 2608 715 2628 :
739 2598 903 2638 siquidem
927 2609 1016 2630 com-

331 2649 497 2689 prehensa
517 2657 650 2679 manum
681 2647 829 2687 tinguit:
867 2647 956 2678 unde
981 2653 1016 2678 et

330 2697 485 2728 blattium
498 2698 645 2728 colorem
661 2696 791 2727 dicunt.
814 2697 891 2727 Hoc
904 2702 1014 2728 autem

329 2746 452 2776 animal
479 2747 588 2777 lucem
627 2745 742 2776 videre
783 2754 848 2776 non
877 2745 1015 2786 patitur,

331 2794 531 2825 contrarium
547 2803 693 2825 muscae:
717 2803 791 2824 nain
809 2803 923 2826 musca
936 2795 1017 2826 luci-

800 299 938 330 No'rAE
973 299 1233 330 VARIORUM
1264 300 1316 330 IN

1080 395 1171 431 peta,
1186 391 1294 422 blatta
1307 390 1455 431 lucifuga
1475 396 1540 430 est,
1553 400 1613 432 per
1627 396 1758 426 noctem

1079 440 1252 484 ambulans
1266 444 1301 471 et
1314 445 1366 471 est
1381 440 1542 472 volatile?
1568 441 1642 472 Nec
1657 442 1762 474 multo

1077 489 1176 520 aliter
1209 490 1250 519 de
1290 489 1352 520 hoc
1392 490 1594 520 animalcnlo
1632 490 1762 522 Plinius

1076 546 1205 570 xxxix.
1219 541 1250 569 6.
1293 538 1377 569 Sunt
1392 538 1449 578 qni
1464 547 1483 568 a
1497 538 1598 570 verbo
1607 537 1764 574 βλάπτειν

1074 586 1142 617 dici
1165 587 1277 618 velint.
1305 587 1445 618 Tor-rent.
1487 587 1682 629 Blattarnm]
1714 589 1760 619 E-

1073 634 1161 675 pulae
1177 636 1349 676 vermium,
1373 636 1429 676 qui
1446 641 1556 668 vestes
1577 636 1759 669 corrodunt

1075 685 1168 716 velut
1184 684 1294 716 tineae.

1118 736 1179 764 122
1205 734 1248 765 Ue
1262 733 1376 775 ebibat]
1401 735 1448 766 Ut
1463 739 1650 767 consumat.

1118 784 1178 813 123
1202 782 1277 813 Diis
1288 783 1425 823 inimice]
1439 784 1516 815 Diis
1532 784 1650 814 invise.
1683 785 1761 815 Cus-

1074 830 1167 870 todis,
1187 841 1224 862 ne
1252 831 1312 862 eibi
1332 832 1427 872 desit]
1459 832 1597 872 Duplex
1619 833 1762 864 interro-

1072 881 1175 918 gatio,
1192 889 1267 919 qum
1294 881 1347 911 hie
1371 881 1535 912 Lambino
1551 882 1619 913 visa
1633 887 1687 914 est
1702 891 1761 914 ne-

1073 927 1231 967 cessaria,
1243 928 1320 958 mibi
1329 929 1483 960 tenebras
1492 929 1645 961 offundit.
1659 931 1760 962 Haec-

1074 976 1160 1015 cine,
1177 976 1296 1017 iuquit,
1310 977 1381 1007 Diis
1395 977 1530 1008 inimice
1546 987 1663 1016 senex.
1685 989 1759 1020 quae

1074 1026 1268 1065 gravissima
1289 1026 1506 1066 exprobratio
1522 1031 1590 1063 est,
1602 1027 1664 1058 sub
1673 1037 1762 1068 prae·

1075 1081 1172 1107 textu
1196 1086 1238 1108 ne
1261 1077 1322 1108 tibi
1336 1077 1437 1116 desit,
1454 1083 1522 1108 tam
1537 1078 1636 1108 anxie
1651 1082 1764 1109 custo-

1075 1126 1138 1161 dis,
1153 1131 1190 1157 ut
1207 1135 1248 1157 ea
1271 1126 1406 1157 taudem
1432 1127 1526 1158 heres
1541 1133 1632 1166 tuus,
1648 1127 1719 1158 sive
1734 1127 1762 1158 is

1074 1174 1174 1214 filius,
1184 1175 1254 1206 sive
1278 1175 1420 1207 libertus
1448 1177 1564 1215 etiam,
1579 1180 1612 1206 te
1627 1180 1760 1207 mortuo

1075 1225 1256 1258 absumat?
1294 1226 1438 1258 Torreat.
1495 1227 1546 1257 Ne
1573 1226 1632 1257 tibi
1665 1225 1760 1266 decit]

1074 1275 1274 1307 Custodisne
1296 1281 1365 1312 tua,
1381 1284 1423 1307 ne
1439 1275 1499 1307 tibi
1513 1275 1685 1317 quippiam
1700 1275 1759 1306 de-

1074 1325 1117 1356 sit
1128 1326 1139 1356 ?

1116 1377 1175 1407 124
1192 1375 1326 1407 Summa*
1339 1375 1474 1406 curtabit
1489 1375 1629 1416 quiaque]
1646 1375 1760 1407 Quan-

1073 1426 1178 1456 tulum
1194 1424 1237 1456 de
1252 1435 1379 1456 summa
1401 1425 1592 1464 pecuniaria
1611 1429 1762 1465 amputa-

1072 1474 1122 1505 bit
1138 1476 1367 1515 unusquisque
1383 1474 1482 1505 dies?

1114 1524 1174 1552 125
1202 1523 1324 1562 Ungere
1339 1523 1367 1553 ei
1383 1521 1499 1561 caules]
1522 1521 1556 1553 Si
1574 1521 1663 1552 victu
1678 1529 1760 1562 pau-

1070 1572 1103 1603 lo
1111 1572 1283 1603 mundiore
1294 1573 1410 1603 utaris.
1437 1571 1610 1612 Caputque]
1622 1571 1759 1603 Nullum

1071 1622 1140 1651 sine
1169 1621 1242 1652 oleo
1271 1626 1486 1660 unguentum.
1539 1621 1632 1652 Bene
1658 1621 1761 1660 igitur

1072 1669 1146 1700 oleo
1167 1674 1202 1700 et
1229 1670 1340 1699 caules
1363 1674 1399 1700 et
1425 1675 1529 1709 caput
1548 1670 1628 1710 ungi
1652 1669 1760 1700 dixit:

1073 1717 1134 1747 sed
1160 1717 1272 1748 caiiles
1296 1717 1453 1757 simplici,
1479 1722 1584 1758 caput
1606 1717 1760 1754 odorato,

1073 1764 1163 1806 quod
1175 1770 1381 1805 unguentum
1395 1767 1615 1806 appellamus.
1641 1766 1733 1798 Torr-

1115 1817 1178 1845 126
1195 1814 1374 1855 Porrigine]
1393 1815 1503 1847 Graeci
1518 1815 1690 1856 *mptww
1705 1825 1763 1847 vo·

1073 1869 1163 1904 cant,
1179 1865 1458 1905 quemadmodum
1481 1870 1516 1897 et
1531 1867 1642 1897 Latini
1657 1867 1761 1898 etiam

1073 1917 1082 1934 ‘
1100 1915 1247 1947 furfures
1259 1915 1282 1954 ;'
1317 1925 1336 1947 a
1362 1926 1502 1957 quorum
1540 1917 1760 1949 similitudine

1072 1965 1173 1996 dictae
1187 1965 1340 2007 quaedam
1364 1966 1457 2006 quasi
1473 1967 1668 2007 squamulae,
1685 1977 1759 2008 quae

1072 2015 1176 2055 capiti
1210 2015 1299 2046 inter
1327 2015 1467 2056 capillos
1491 2015 1679 2047 iubaerent:
1717 2015 1760 2046 de

1073 2074 1137 2103 quo
1167 2065 1252 2095 malo
1276 2065 1403 2104 Celsus,
1429 2065 1590 2100 Galenus,
1621 2070 1656 2096 et
1692 2065 1759 2096 alii.

1074 2113 1215 2143 Tor-rent.
1248 2113 1433 2152 Pom-igine]
1449 2113 1595 2153 Porrigo
1607 2118 1658 2144 est
1673 2122 1760 2144 mor-

1071 2161 1133 2191 bus
1148 2161 1283 2200 capitis,
1308 2161 1366 2191 ubi
1393 2161 1480 2192 inter
1505 2162 1591 2201 pilos
1613 2167 1757 2202 surgunt

1069 2208 1220 2248 quaedam
1237 2209 1431 2248 squamulae.

1113 2260 1173 2289 127
1197 2257 1234 2288 Si
1248 2258 1370 2297 quidvis
1379 2258 1455 2289 satis
1466 2257 1528 2298 ese]
1548 2258 1584 2290 Si
1600 2259 1757 2298 exiguum

1069 2307 1128 2338 tibi
1145 2305 1280 2344 sufficit,
1293 2307 1508 2347 quamobrem
1526 2307 1678 2348 pejeras?
1693 2311 1756 2340 διε.

1068 2355 1228 2395 Ρενῇιινιιε]
1249 2355 1290 2386 In
1317 2355 1468 2386 omnibus
1492 2354 1598 2387 ferme
1621 2359 1758 2388 vetustis

1069 2404 1315 2444 exemplaribus
1343 2405 1481 2444 perjuras
1510 2404 1645 2444 legitur.
1697 2405 1759 2437 So-

1069 2454 1139 2484 lent
1155 2458 1266 2484 autem
1291 2453 1490 2493 parcitatem
1513 2462 1552 2484 ac
1570 2453 1686 2484 sordes
1701 2463 1759 2485 ex-

1070 2502 1308 2543 probrantibus
1323 2501 1526 2542 respondere
1541 2502 1647 2541 avari,
1660 2507 1759 2534 natu·

1068 2561 1138 2581 ram
1163 2551 1279 2591 paneis
1301 2556 1492 2582 contentam
1520 2561 1604 2587 esse,
1625 2553 1758 2592 quidvis

1069 2598 1222 2631 sufficere
1238 2599 1280 2630 ad
1293 2599 1542 2631 necessitatem.
1566 2600 1652 2632 Haec
1664 2610 1758 2632 acer-

1068 2649 1200 2680 bissime
1215 2653 1391 2688 retorquet
1406 2648 1532 2680 Poeta:
1555 2659 1658 2690 quare
1673 2659 1756 2691 ergo

1069 2708 1129 2738 per
1144 2702 1195 2729 tot
1215 2698 1342 2730 scelera
1359 2698 1504 2734 ditescis,
1519 2708 1558 2728 ac
1575 2699 1676 2740 rapis,
1691 2708 1755 2740 quo

1068 2757 1134 2778 nou
1161 2746 1282 2786 egeas?
1307 2747 1447 2779 Torreat.
1489 2747 1620 2789 Aufert]
1642 2748 1753 2781 Quare

1073 2795 1184 2827 aufers
1201 2805 1260 2836 per
1274 2795 1360 2828 vim?
