1904 3216
488 299 696 332 HORATll
731 298 1012 329 SERMONUM
1047 298 1140 329 [AB.
1174 298 1224 328 11.
1255 288 1298 330 3.

172 401 329 428 tensurus
345 395 465 435 vulgus
481 402 580 425 omne
595 391 756 430 insanire,
769 399 789 421 a
803 389 872 421 Da-

171 447 328 487 masippo
348 445 494 485 incipit:
518 444 698 484 positoque
721 451 798 474 eum
821 442 871 472 in-

172 503 227 529 ter
248 496 398 536 insanos,
411 494 555 526 emendo
579 497 714 524 veteres
739 494 871 523 statuas

171 546 302 587 haberi,
313 550 412 586 rogat
427 554 470 576 an
484 544 654 582 venditor,
664 540 777 584 quide
794 551 872 582 pre-

171 597 221 628 tio
234 597 283 628 illi
299 595 402 628 fldem
425 594 596 635 babuerit,
611 592 724 624 sanior
747 591 873 623 baben·

171 646 235 678 dus
263 647 326 679 sit:
362 651 399 678 et
429 655 496 677 non
521 647 709 686 expectata
736 651 875 683 respon·

172 697 279 736 sione,
295 697 471 738 extemplo
498 694 701 727 insaniorem
725 703 799 725 esse
823 702 874 724 os·

171 747 283 779 tendit
309 756 398 789 enm,
424 747 482 788 qni
510 744 654 778 credidit
670 755 683 775 ,⁸
702 753 778 775 cum
802 752 874 775 ma·

170 797 238 828 lum
253 801 391 828 secutus
410 803 534 827 nomen
550 803 620 826 rem
644 803 738 825 suam
752 790 874 834 *jacta-

171 847 259 879 verit
270 858 280 878 ε
317 847 453 889 turpior
487 845 578 877 enim
615 844 672 886 qni
709 843 873 886 prodigit,

169 906 268 938 qnam
277 897 335 939 qni
347 896 476 937 accipit
487 906 497 935 3
513 905 634 928 excors
645 894 756 936 potius
766 894 793 925 si
806 902 873 925 non

168 947 328 988 accipiat.
373 946 511 978 Deinde
540 946 604 976 hoc
633 945 745 985 ipsum
775 953 874 985 aper-

169 998 237 1029 tius
259 997 424 1038 explicat,
451 996 507 1027 vix
533 995 636 1026 ullam
663 994 805 1035 reperiri
822 994 873 1026 in·

170 1047 291 1087 quiem
307 1046 469 1077 adversus
484 1045 572 1076 mala
593 1043 729 1075 nomina
743 1043 872 1075 cautio-

170 1106 262 1137 nem,
287 1096 368 1137 quin
393 1100 565 1137 tamquam
590 1094 711 1126 Protei
736 1093 873 1125 elaban-

171 1151 240 1178 tur.
286 1145 532 1178 Difficultatem
555 1150 681 1186 augent
697 1145 799 1176 etiam
815 1153 874 1176 no-

170 1197 274 1237 mina,
290 1197 414 1238 quibus
433 1198 541 1228 utitur
556 1196 681 1236 Poeta,
692 1196 804 1235 Nerii,
819 1195 875 1227 Ci-

170 1253 276 1290 cntae,
289 1248 443 1287 Pete-nii,
464 1249 522 1290 qui
544 1246 757 1279 feneratores
779 1255 874 1279 acer·

170 1298 260 1337 rimi,
287 1303 323 1329 et
351 1298 384 1329 in
413 1297 648 1338 concipiendis
682 1298 874 1330 litterarum

171 1347 421 1390 verborumque
434 1348 698 1390 obligationibus
710 1358 750 1380 ac
765 1348 874 1389 stipu-

169 1398 332 1431 lationum
366 1397 522 1430 formulis
557 1398 754 1440 peritissimi
771 1409 779 1429 =
806 1398 874 1430 Ne·

169 1448 238 1480 rius
261 1449 447 1490 simplicior
477 1453 594 1481 tamen
624 1448 748 1489 altero,
771 1457 873 1489 quem

168 1497 299 1531 idcirco
315 1503 325 1517 ‘
337 1499 502 1531 nodosum
515 1498 524 1512 '
538 1504 651 1537 vocat,
663 1499 725 1530 boc
737 1502 802 1536 est,
814 1497 873 1528 tri-

168 1557 298 1588 cosum,
311 1558 522 1589 scruposum,
535 1548 570 1579 in
586 1547 760 1579 arctandis
774 1546 871 1579 debi-

167 1599 298 1631 toribus
321 1599 440 1631 durum
463 1609 503 1631 ac
527 1598 704 1630 subtilem:
729 1606 809 1634 non,
833 1602 872 1629 ut

167 1649 286 1691 inepte
316 1649 452 1692 quidam
490 1654 683 1690 exponunt,
710 1648 870 1690 podagri-

167 1706 256 1732 cum.
300 1699 389 1732 Vide
426 1700 520 1731 Guil.
559 1699 701 1730 Canteri
739 1699 871 1730 Novar.

168 1750 267 1782 Lem.
283 1758 325 1780 n.
339 1751 392 1781 16.
419 1749 508 1780 Torr.
530 1747 640 1779 scribe
655 1748 758 1778 decem
772 1757 792 1777 a
809 1747 873 1777 Ne-

168 1799 233 1839 rio]
250 1798 282 1830 Ο
299 1798 447 1837 debitor,
463 1797 576 1829 scribe
589 1801 623 1828 te
640 1801 758 1827 mutuo
775 1805 873 1827 acce-

171 1849 262 1890 pisse
275 1857 296 1879 a
312 1848 419 1880 Nerio
436 1847 642 1878 foeneratore
665 1845 786 1877 decem
803 1845 874 1877 mil-

170 1900 218 1931 lia
230 1898 307 1930 libr.
332 1898 452 1929 Cicuta?
469 1897 588 1928 Nodosi
603 1896 725 1928 tabulas
735 1895 874 1937 centum]

169 1948 304 1986 Scribo,
317 1947 412 1978 ut'in
429 1946 580 1979 editione
603 1947 753 1978 Mureti:
781 1947 874 1978 Cicu-

170 2002 213 2030 1oe
235 1997 358 2030 Nodosi
380 1997 503 2028 tubulos
515 2008 526 2028 .·
546 2000 669 2028 centum
691 1997 777 2029 mille
796 1997 875 2029 adde

169 2051 305 2080 catenas.
343 2048 354 2065 ‘
368 2040 507 2078 Tabulas
519 2049 528 2064 ’
541 2047 628 2078 enim
646 2051 724 2078 sunt
749 2047 873 2079 instru-

170 2103 286 2130 menta
306 2097 392 2138 ipsa,
411 2106 471 2128 seu
486 2097 611 2128 litterae
627 2097 748 2138 quibus
765 2097 872 2128 conti-

169 2153 271 2180 netur
281 2147 458 2189 obligatio,
469 2156 553 2188 quas
567 2147 663 2178 unius
675 2146 784 2178 debiti
798 2147 872 2187 plu-

169 2207 222 2230 res
238 2197 360 2230 confici
375 2206 442 2228 non
459 2205 597 2228 necesse
609 2200 682 2228 est:
704 2202 741 2228 at
754 2197 765 2215 ‘
778 2201 871 2228 cate·

168 2258 227 2280 nas
239 2248 250 2263 ’
264 2252 362 2280 vocat
371 2248 462 2289 juris
478 2247 627 2289 vincula,
644 2257 719 2289 quae
736 2248 872 2280 tametsi

169 2303 306 2331 centum
322 2303 382 2330 ant
397 2299 489 2330 mille
505 2298 654 2338 sint,ille
666 2303 780 2329 tamen
793 2308 873 2330 eva-

169 2349 248 2380 det:
273 2351 310 2379 et
326 2352 366 2379 nt
380 2346 492 2387 inquit
512 2346 674 2378 Juvenal.
696 2351 705 2365 ‘
723 2347 796 2378 Hos
814 2347 872 2387 ju·

171 2398 218 2429 ris
235 2396 354 2433 nodos,
369 2405 409 2427 ac
425 2396 537 2436 legum
550 2396 733 2437 aenigmata
745 2397 877 2429 solvet.’

173 2448 320 2479 Torreat.
365 2445 504 2485 Cicuta]
538 2445 780 2486 Foeneratoris,
815 2447 873 2489 qni

172 2496 347 2528 debitores
371 2505 448 2526 snos
471 2495 698 2535 cautionibus,
714 2500 873 2538 tanquam

173 2546 270 2578 nodis
305 2545 555 2586 obstringebat.
611 2545 738 2586 [Scribe
771 2548 874 2579 decem

174 2596 274 2628 Nerio
287 2596 368 2628 Vat.
383 2599 415 2627 ⁵.
440 2595 620 2628 Barberin.
639 2598 670 2628 l.
686 2606 707 2627 a
733 2606 777 2629 m.
803 2607 871 2630 sec.

173 2646 325 2678 Cbisian.
350 2647 382 2677 2.
406 2645 496 2678 Flor.
525 2648 620 2678 1482.
642 2647 751 2677 Venn.
775 2649 871 2679 1483.

174 2698 270 2727 1486.
295 2698 391 2727 1490.
418 2698 512 2727 1495.
539 2698 633 2728 1509.
658 2699 752 2728 1514.
775 2699 871 2730 1552.

173 2748 269 2777 1573.
292 2745 401 2778 Aldus
414 2748 608 2780 1⁶01.1509.
618 2749 713 2778 1519.
726 2746 870 2788 Argent-

174 2799 270 2828 1514.
291 2796 408 2828 Basili.
432 2799 524 2829 1527.
541 2799 636 2829 1531.
660 2797 753 2830 Frib.
777 2801 872 2831 1636.

171 2847 278 2878 Dion.
295 2847 337 2878 ab
353 2847 477 2879 Harsio
500 2847 608 2889 Lugd.
626 2850 720 2880 1538.
743 2848 870 2881 Muret.

1511 288 1626 332 1699

925 390 972 421 ita
987 389 1113 430 Acron,
1128 390 1335 432 Porphyrio‚
1351 394 1450 423 vetus
1463 390 1630 423 Scholias-

927 446 980 472 tes
1007 441 1118 472 Persii
1139 441 1182 472 ad
1206 442 1278 472 Sat.
1293 451 1335 474 11.
1354 443 1406 474 14.
1430 446 1467 473 et
1489 441 1630 473 Servius

926 490 969 522 ad
986 491 1084 532 Virg.
1100 491 1176 522 AEn.
1193 500 1256 522 vn.
1269 491 1363 534 422]

969 543 1012 572 70
1036 541 1187 582 Catenas]
1211 542 1389 574 Formulas
1411 547 1447 574 et
1467 542 1556 584 juris
1583 543 1630 574 la-

927 600 1044 632 queos.
1086 591 1180 632 [Vat.
1196 594 1229 623 9.
1245 596 1368 624 centum
1383 593 1533 634 tabidam]

969 644 1010 673 71
1036 641 1188 682 Proteus]
1210 642 1482 683 Tergiversator,
1506 643 1564 684 qui
1589 652 1632 675 ne

927 691 1039 723 solvat
1059 691 1227 729 debitum,
1253 693 1362 724 varios
1388 693 1483 724 dolos
1508 693 1634 724 maelii-

927 741 1078 777 nabitur‚
1094 741 1214 781 similis
1227 742 1357 774 Proteo
1374 743 1407 774 in
1425 743 1536 774 varias
1551 743 1635 784 figu-

925 799 981 821 ras
997 800 1033 821 se
1051 790 1319 823 transformanti.

968 842 1011 872 ⁷2
1037 841 1117 872 Cum
1130 841 1234 881 rapies
1259 841 1294 872 in
1310 840 1382 881 jus]
1405 841 1462 872 Ita
1485 842 1551 882 legi
1576 842 1634 872 de-

928 891 1010 923 bere
1041 897 1222 923 censuerat
1254 892 1363 924 Hadr.
1386 892 1536 924 anneb.
1563 891 1635 923 Ad-

926 951 1015 974 vers.
1030 951 1143 974 xxm.
1158 946 1189 974 5.
1206 947 1241 974 et
1263 942 1346 974 Gul.
1373 943 1542 975 Canterus
1566 943 1636 975 No-

928 1003 999 1025 var.
1024 994 1251 1026 Lect.11.16.
1297 995 1369 1034 Ego
1394 998 1506 1026 tamen
1531 1000 1631 1036 quot-

927 1048 1011 1085 quot
1028 1043 1098 1075 vidi
1113 1043 1264 1085 codices,
1277 1049 1451 1085 receptam
1466 1045 1633 1076 hactenus

925 1095 1109 1127 lectionem
1131 1095 1282 1135 firmant,
1299 1097 1378 1127 Cum
1402 1096 1507 1137 rapies
1531 1096 1566 1128 in
1579 1097 1636 1135 ju-

926 1155 986 1182 ra‚·
1009 1151 1044 1176 et
1061 1155 1123 1177 cur
1138 1145 1282 1178 obsecro
1298 1147 1367 1178 suis
1391 1147 1531 1178 sedibus
1546 1157 1637 1180 emo-

931 1196 1066 1228 venda?
1089 1196 1212 1238 [Quum
1223 1197 1328 1237 rapias
1345 1196 1508 1237 Vat.al2.]

971 1250 1013 1279 73
1039 1248 1111 1279 Fiet
1134 1257 1222 1288 oper,
1245 1248 1336 1279 modo
1360 1248 1443 1288 avis]
1468 1249 1496 1279 A
1514 1248 1634 1287 brutis,

930 1297 1072 1338 rupibus
1095 1302 1130 1329 et
1155 1298 1296 1339 plantis,
1312 1298 1506 1330 subindicat
1523 1298 1634 1330 varios

928 1347 1070 1380 affectus
1095 1348 1264 1381 debitoris
1282 1350 1317 1380 in
1334 1349 1508 1381 illudendo
1525 1348 1634 1381 credi-

929 1403 1015 1430 tore.
1033 1402 1131 1439 Cruq.

969 1452 1011 1481 74
1034 1449 1122 1482 Bene
1147 1458 1212 1480 rem
1230 1447 1357 1489 gerere]
1380 1448 1469 1479 Bene
1485 1457 1547 1489 pro
1561 1448 1570 1465 ‘
1584 1447 1635 1478 vi-

927 1498 1036 1530 riliter
1051 1498 1060 1512 ’
1083 1499 1190 1531 dixit:
1214 1498 1263 1530 At
1289 1500 1388 1538 longe
1418 1499 1548 1538 aliud,‘
1566 1499 1633 1530 Res

928 1557 1048 1588 gerere
1078 1554 1114 1579 et
1144 1554 1262 1590 captas
1285 1549 1472 1581 ostendere
1499 1549 1632 1581 civibus

927 1598 1056 1631 nrbes.'
1073 1599 1120 1631 ibi
1151 1601 1240 1632 enim
1257 1600 1267 1618 ‘
1283 1610 1338 1632 res
1352 1600 1361 1614 '
1386 1610 1447 1641 pro
1477 1600 1633 1640 imperio,

927 1649 982 1679 hic
993 1659 1053 1688 pro
1063 1659 1099 1680 re
1109 1649 1266 1681 familiari
1278 1651 1460 1690 accipitur.
1486 1650 1633 1681 Tor-rent.

929 1697 1048 1728 Contra
1063 1697 1153 1736 bene]
1175 1698 1273 1729 Bene
1290 1708 1358 1728 rem
1376 1707 1509 1737 gerere.

970 1749 1012 1778 75
1038 1746 1186 1778 Putidius
1206 1746 1319 1786 multo]
1343 1747 1456 1778 Multo
1481 1747 1632 1779 insanior

928 1800 980 1828 est
1009 1797 1168 1828 Perillus.
1194 1796 1321 1836 Perilli]
1350 1797 1465 1829 Nostri
1497 1797 1632 1830 codices

927 1846 1073 1886 Perelliz',
1087 1851 1147 1878 aut
1163 1846 1297 1878 Porellii
1312 1847 1441 1888 legunt.
1484 1847 1537 1879 Sit
1551 1856 1632 1888 ergo

928 1897 1087 1929 Perellius
1119 1898 1242 1930 Cicuta.
1265 1898 1424 1930 Torrent.
1467 1898 1630 1941 [Cuning.

928 1947 972 1978 mi
985 1949 1085 1979 crede.
1112 1948 1193 1979 Vat.
1213 1951 1242 1980 1.
1266 1949 1418 1990 Parelti.]

970 1999 1014 2028 ⁷6
1035 1997 1216 2040 Dictantis]
1245 1997 1322 2030 Hoc
1355 1998 1487 2038 dicens,
1513 1999 1632 2031 Perel-

927 2047 1022 2087 linm,
1036 2048 1069 2079 id
1086 2049 1175 2090 quod
1199 2054 1278 2080 ante
1297 2051 1423 2091 monui,
1438 2050 1632 2083 tabellionis

927 2096 1041 2129 officio
1056 2097 1210 2130 sunctum
1225 2100 1398 2139 significat
1420 2101 1478 2142 qui
1495 2102 1630 2134 tabulas

926 2148 1059 2179 scilicet
1083 2154 1322 2181 contractuum
1337 2151 1389 2181 vel
1406 2151 1479 2191 ipse
1504 2151 1631 2183 scribe-

925 2202 991 2236 ret,
1006 2198 1060 2229 vel
1076 2198 1176 2230 alteri
1192 2199 1365 2231 dictaret:
1389 2210 1467 2232 nam
1483 2205 1556 2232 toto
1567 2201 1631 2232 hoc

924 2247 1002 2278 loco
1019 2247 1063 2278 de
1073 2247 1282 2289 obligatione
1296 2249 1420 2290 agitur,
1432 2261 1509 2292 quae
1525 2252 1630 2293 scrip-

925 2301 1004 2328 tura
1019 2307 1079 2329 seu
1093 2299 1282 2330 nominibus
1291 2299 1399 2331 fiebat
1410 2301 1488 2332 olim
1505 2312 1513 2333 ε
1539 2306 1630 2342 post-

926 2355 965 2377 ea
989 2352 1103 2378 tamen
1131 2347 1206 2378 fieri
1237 2349 1351 2390 desiit,
1376 2350 1404 2380 si
1433 2351 1630 2383 Justiniano

925 2396 1108 2427 credimus.
1153 2397 1244 2429 Nam
1275 2402 1311 2429 et
1341 2399 1510 2439 scriptura
1544 2410 1629 2441 opus

926 2452 1001 2479 erat
1030 2448 1232 2489 plerumque
1261 2450 1426 2489 captiosa,
1452 2455 1486 2482 et
1513 2452 1629 2483 multis

924 2499 1216 2530 ornatissimorum
1245 2500 1386 2532 testium
1415 2500 1628 2533 nominibus:

927 2549 1018 2580 unde
1028 2548 1155 2580 factum
1169 2554 1286 2581 uttam
1304 2555 1312 2567 ‘
1325 2550 1513 2591 scriptura'
1528 2561 1629 2592 quam

927 2598 938 2615 ‘
956 2599 1170 2630 nominibus'
1197 2599 1271 2631 fieri
1300 2600 1486 2632 diceretur.
1538 2601 1629 2634 Hinc

927 2659 1029 2690 porro
1039 2651 1171 2691 evenit,
1184 2656 1223 2682 ut
1237 2651 1248 2669 ‘
1259 2651 1412 2682 scribere
1424 2651 1433 2665 ’
1449 2661 1628 2693 usurpare-

927 2705 984 2730 tur
1000 2709 1062 2740 pro
1076 2699 1086 2716 ‘
1099 2706 1215 2731 mutuo
1239 2701 1397 2742 sumere‚'
1411 2707 1512 2744 atque
1528 2713 1569 2734 ex
1586 2712 1627 2734 eo

924 2749 1094 2790 scriptura
1118 2759 1154 2780 se
1184 2749 1358 2791 obligare:
1393 2751 1629 2784 ‘rescribere'

924 2809 1018 2838 vero,
1036 2809 1097 2841 pro
1112 2804 1264 2832 mutuum
1280 2801 1437 2841 reddere,
1448 2806 1484 2833 et
1499 2800 1626 2834 factam

925 2850 1002 2881 iude
1028 2850 1268 2892 obligationem
1294 2851 1424 2884 tollere.
1472 2852 1556 2884 Cum
1573 2862 1624 2884 er-
