1930 3204
644 267 709 296 ΗΟ
718 267 854 297 RATu
886 267 1026 298 EPOD.
1059 243 1173 298 Xllt.

178 363 256 399 tur;
278 357 314 390 id
336 368 442 400 usque
458 359 545 391 adeo
560 368 674 391 verum
692 362 758 398 est,
772 362 810 390 ut
831 368 874 390 ex

177 408 318 451 optimis
333 408 531 441 auctoribus
551 412 696 447 constet,
712 407 878 439 credidis-

178 469 214 491 se
230 459 334 491 etiam
351 459 560 491 descendere
575 468 663 499 eum,
679 451 812 500 quoties
825 458 875 489 in-

177 509 283 549 signis
298 509 414 550 aliqua
428 512 618 549 tempestas
636 508 766 546 oritur;
799 517 875 548 per-

176 559 256 591 inde
273 568 314 591 ac
329 559 356 590 si
379 560 530 593 cominus
547 559 622 590 illos
638 557 744 590 ferire
761 559 878 598 vellet,

177 618 262 650 quos
289 609 334 640 ob
362 609 572 650 impietatem
597 608 730 641 oderat.
774 608 876 640 Unde

177 662 215 690 et
235 657 418 697 καταβάτης
439 659 561 700 dictus,
582 668 603 690 s
624 658 876 690 descendendo.

178 709 303 751 Neque
329 709 408 749 alia,
426 713 523 749 pnto,
539 708 680 740 suberat
702 709 790 739 ratio
817 717 878 740 cur

175 759 398 800 prodigialem
421 759 639 800 pluviumque
657 759 799 790 Romani
822 768 878 790 vo-

176 808 312 848 cabant,
325 809 440 842 Graeci
454 808 592 850 ὄμβριον,
600 813 635 840 et
647 808 757 841 ὕέτιον.
772 810 878 840 Turn.

174 862 276 891 lx.9.
303 860 392 892 Tor-r.
438 860 605 891 Deducunt
629 860 754 900 docem]
793 860 877 891 Cum

174 907 340 941 imbribus
361 909 501 950 Jupiter
529 910 563 940 in
586 915 712 941 terram
734 910 877 941 descen-

175 958 240 999 dit,
253 964 291 992 ut
307 965 462 991 veterum
478 958 544 990 fuit
563 959 692 1000 opinio.

218 1012 239 1040 3
261 1009 375 1050 Silae]
398 1010 461 1042 Est
483 1009 590 1040 dictio
607 1008 800 1049 trissyllaba
816 1019 879 1050 per

174 1057 360 1091 Diaeresin.
421 1082 424 1083 ν

219 1109 239 1138 4
266 1107 422 1148 Threicio]
455 1108 626 1150 Aquilone
654 1113 759 1140 vento
783 1108 880 1150 frigi·

177 1157 313 1189 dissimo
336 1168 356 1190 e
379 1159 525 1190 Thracia
538 1157 653 1191 flaute.
709 1159 881 1200 Rapiamus

175 1208 284 1249 amici]
307 1208 534 1250 Arripiamus,
549 1220 592 1242 ex
605 1210 670 1242 hoc
683 1210 752 1250 die,
766 1211 879 1242 convi-

176 1257 279 1289 vandi
289 1259 597 1299 opportunitatem.
622 1260 793 1300 Rupiumus
803 1261 879 1292 ami-

174 1307 204 1338 ci
223 1308 433 1345 Occasionem,
446 1307 519 1348 850]
542 1308 672 1340 Noster
684 1318 742 1341 ιιι.
760 1310 829 1342 od.
846 1313 877 1343 8.

174 1357 300 1388 ‘Dona
327 1358 506 1398 praesentis
530 1367 614 1398 rape
642 1359 742 1389 laetus
765 1359 881 1391 horae.’

176 1407 252 1438 Nec
268 1407 432 1438 dissimile
445 1407 528 1438 illud
544 1416 568 1438 1.
585 1407 655 1440 od.
670 1410 723 1440 11.
745 1409 755 1426 ‘
766 1409 880 1449 Carpe

174 1455 291 1488 diem.'
320 1457 466 1497 carptim
498 1457 589 1489 enim
614 1458 819 1499 raptimque,
842 1463 881 1490 ut

174 1505 257 1537 alibi
272 1515 334 1538 nos
350 1510 478 1547 monet,
493 1511 563 1538 tam
585 1507 710 1548 exiguo
726 1513 880 1548 tempore

172 1553 368 1588 fruendum.
412 1561 421 1575 ‘
436 1558 572 1598 Rapere
586 1558 596 1572 ’
623 1558 687 1590 vim
706 1563 803 1590 notat
819 1564 879 1591 aut

174 1603 429 1639 festinationem
441 1616 450 1637 ι
466 1611 583 1638 monet
594 1607 711 1649 itaque
724 1618 792 1640 nou
803 1618 877 1640 esse

174 1658 235 1686 urit
257 1655 518 1688 deliberandum
542 1657 681 1696 diutius,
696 1663 756 1689 ant
775 1668 878 1690 cunc-

175 1705 316 1741 tandum
328 1705 372 1737 de
384 1706 483 1745 genio
496 1706 717 1747 indulgendo,
729 1708 879 1747 quando-

175 1755 312 1796 quidem
327 1756 436 1786 omnis
451 1765 559 1795 mora,
577 1757 790 1795 quantumvis
806 1757 880 1787 bre-

177 1803 239 1840 vis.
262 1810 316 1836 est
339 1805 487 1845 ingrata,
512 1805 570 1836 ubi
594 1805 798 1836 desideratae
827 1806 876 1837 rei

177 1852 349 1892 potiundoe
365 1854 500 1885 occasio
520 1864 673 1894 praesens
687 1855 876 1887 allubescit.

180 1903 278 1942 (ἶνας.

219 1955 240 1983 6
263 1953 410 1993 Dumque
423 1953 526 1985 virent
537 1953 656 1993 genua]
680 1954 774 1985 Dum
791 1955 877 1986 vires

178 2006 256 2032 sunt
278 2001 386 2034 firmae
404 2007 441 2034 et
458 2003 620 2034 stabiles:
651 2005 660 2020 ‘
673 2012 752 2035 nam
775 2004 807 2035 in
823 2013 881 2045 ge-

175 2050 284 2083 nubus
302 2052 403 2083 robur
418 2056 456 2084 et
476 2052 542 2083 vim
566 2053 718 2093 corporis
741 2062 880 2094 reposu-

174 2101 244 2132 isse
260 2101 416 2133 videtur!
465 2102 576 2134 Virent
587 2102 707 2143 genua]
726 2103 802 2134 Hoc
814 2108 879 2142 est,

174 2151 278 2183 robur
292 2151 434 2191 habent,
448 2156 487 2185 ut
500 2157 598 2184 vetus
610 2153 792 2192 interpres.
828 2153 878 2184 Si-

174 2200 266 2232 milis
290 2201 349 2233 ille
374 2211 400 2232 1.
423 2201 512 2233 Odae
529 2205 560 2233 9.
583 2201 699 2239 locus3
734 2201 878 2233 ‘Donec

176 2250 301 2283 virenti
327 2251 472 2288 canities
501 2251 599 2283 abest
626 2250 789 2282 Morosa.'
832 2251 878 2283 Et

176 2299 289 2331 obiter
304 2300 520 2339 monendum,
537 2300 630 2330 nulla
651 2299 788 2331 humani
805 2309 877 2332 cor-

177 2348 270 2388 poris
298 2353 398 2389 parte
421 2349 714 2388 ingravescentem
740 2353 878 2383 aetatem

177 2397 290 2437 citius,
312 2407 413 2438 quam
434 2398 589 2438 genibus,
610 2397 743 2429 sentiri.
788 2398 879 2430 Quin

176 2451 215 2478 et
241 2447 338 2479 illato
369 2448 491 2480 timore
518 2448 632 2488 aliquo
661 2457 772 2488 genua
799 2448 878 2480 ilico

180 2495 460 2528 contremiscunt.
478 2505 504 2528 1.
521 2497 588 2527 Od.
605 2499 659 2528 23.
693 2497 703 2514 ‘
717 2497 761 2528 Et
777 2498 878 2528 corde

180 2549 217 2577 et
232 2544 372 2586 genibus
390 2545 528 2578 tremit.’
572 2546 677 2588 Cujus
696 2547 745 2577 rei
759 2556 878 2578 caussa

180 2605 254 2628 esse
269 2595 432 2636 creditur,
447 2595 537 2637 quod
559 2596 648 2626 inest
663 2596 807 2636 genibus
831 2596 878 2627 vi-

181 2645 296 2678 talitas
310 2645 484 2687 quaedam5
518 2650 555 2677 ut
577 2645 758 2676 anatomici
781 2645 878 2677 nobis

181 2697 333 2729 tradunt.
379 2696 529 2737 Eamque
545 2704 696 2728 caussam
712 2704 786 2726 esse
808 2705 879 2726 cre-

181 2747 233 2778 dit
256 2746 348 2778 Plin.
371 2754 424 2778 xr.
448 2749 501 2778 45.
529 2745 618 2786 quod
643 2754 752 2785 genua
780 2745 880 2776 attiu-

182 2802 268 2839 gunt
283 2797 466 2838 supplices,
481 2801 516 2828 et
539 2795 583 2827 ad
605 2805 646 2827 ea
669 2805 786 2827 manus
810 2801 881 2828 ten-

1516 261 1628 303 1565

928 358 1028 398 dunt,
1049 363 1154 401 atque
1177 362 1215 391 ut
1239 368 1315 390 aras
1340 357 1502 390 adorant:
1526 365 1629 403 atque

927 418 1005 440 eam
1027 409 1071 441 ob
1095 418 1246 440 caussam
1264 408 1513 441 Misericordiae
1532 420 1630 444 sacra

928 462 1020 489 sunt.
1037 458 1141 491 Turn.
1156 467 1208 489 v1.
1225 461 1278 490 31.
1302 459 1446 490 Torrent.

970 510 989 538 7
1022 507 1140 549 Decet]
1179 509 1224 540 Et
1255 509 1334 540 dum
1366 510 1498 550 patitur
1534 514 1632 548 aetas,

927 556 1031 598 longe
1056 557 1147 589 absit
1163 567 1181 589 a
1198 558 1296 589 nobis
1311 559 1478 590 severitas
1502 560 1631 590 senilis.

932 605 1076 637 Obducta
1089 606 1242 647 solvatur]
1265 607 1424 638 Solvatur
1436 612 1595 640 senectus
1612 618 1632 641 a

928 655 1043 689 fronte
1066 657 1101 690 in
1123 668 1225 699 rugas
1249 663 1440 690 contracta.
1489 659 1633 691 Obducta

928 708 1080 748 solvatur,
1092 707 1164 748 fic]
1186 708 1241 739 Ad
1255 717 1348 739 oram
1362 708 1493 748 antiqui
1505 708 1632 742 codicis

930 757 1096 798 scriptum
1119 758 1253 790 inveni:
1280 758 1440 789 ‘clausas
1455 758 1633 790 cicatrices

930 808 940 825 ‘
952 807 1117 839 obductas
1131 807 1139 820 '
1155 807 1325 840 dicimus!
1365 807 1423 839 Sic
1437 809 1508 848 ille,
1523 809 1632 840 obduc-

930 860 996 888 tam
1009 867 1132 898 nempe
1141 858 1284 897 frontem
1308 867 1369 899 pro
1383 858 1478 899 rugis
1489 867 1556 889 nou
1573 859 1634 889 ali-

932 912 986 939 ter
1001 917 1101 950 quam
1117 907 1338 940 cicatricibus
1353 911 1566 940 contractam
1583 908 1634 938 in-

933 957 1107 999 telligens,
1135 958 1243 1000 qualis
1272 958 1410 990 senibus
1435 967 1511 989 esse
1536 958 1634 989 solet.

931 1008 1016 1040 Vult
1040 1018 1124 1049 ergo
1157 1009 1280 1040 Horat.
1304 1008 1470 1048 explicari
1490 1006 1633 1047 fontem,

933 1061 970 1088 et
983 1057 1104 1089 abesse
1127 1058 1350 1090 severitatem
1379 1066 1512 1089 omnem
1530 1061 1634 1097 atque

933 1107 1123 1148 tristitiam,
1139 1117 1238 1148 quam
1256 1111 1413 1138 senectus
1429 1105 1568 1138 adferre
1583 1115 1636 1138 so-

933 1158 996 1189 let.
1019 1159 1162 1190 Tor-rene.

975 1210 996 1238 8
1019 1208 1066 1239 Tu
1093 1207 1181 1248 vina]
1215 1208 1267 1239 Tu
1299 1216 1384 1248 puer
1415 1215 1577 1248 promove
1600 1210 1636 1238 et

932 1255 1050 1298 profer
1067 1258 1144 1288 vina
1167 1266 1209 1287 ex
1225 1257 1403 1297 apotheca.

973 1310 995 1338 9
1018 1307 1133 1345 Profer
1159 1307 1241 1346 mm]
1263 1307 1352 1338 vina
1367 1306 1515 1344 calcato,
1531 1315 1637 1347 quan-

934 1356 978 1387 do
995 1365 1060 1396 ego
1076 1360 1177 1387 natus
1197 1365 1302 1395 eram,
1316 1356 1489 1396 Torquato
1505 1359 1542 1386 et
1555 1356 1635 1386 Cot-

935 1410 971 1436 ta
987 1405 1084 1436 Coss.
1107 1414 1249 1446 quornm
1274 1404 1466 1436 nominibus
1491 1403 1636 1436 notaba-

937 1460 993 1487 tur
1020 1455 1090 1486 vini
1117 1454 1234 1486 cadus.
1279 1453 1368 1487 Vide
1398 1463 1454 1486 ιιι.
1480 1454 1550 1486 Od.
1580 1457 1635 1485 21.

939 1505 1070 1536 Consule
1079 1514 1188 1545 pressa
1197 1504 1279 1544 meo]
1289 1503 1436 1534 Solenne
1449 1508 1564 1536 autem
1576 1513 1635 1545 pa-

935 1553 1104 1593 rentibus,
1121 1553 1340 1585 nascentibus
1364 1554 1430 1586 sibi
1453 1554 1570 1585 liberis
1587 1564 1638 1585 ar-

932 1605 1031 1637 bores
1064 1605 1227 1645 inserere,
1252 1605 1330 1636 vina
1364 1604 1565 1643 recondere,
1597 1614 1636 1636 ac

933 1655 1056 1686 similia
1079 1655 1122 1686 ad
1145 1655 1343 1686 memoriam
1370 1655 1486 1686 aetatis
1507 1654 1636 1686 facere.

934 1709 972 1736 ut
985 1714 1042 1736 m.
1058 1705 1127 1736 Od.
1138 1707 1194 1736 21.

978 1756 1019 1784 10
1061 1754 1185 1784 Caetem
1214 1754 1306 1784 mitte
1341 1753 1441 1793 loqui]
1479 1753 1635 1785 Hilarem

933 1802 1110 1834 habiturus
1127 1803 1229 1842 diem,
1259 1812 1334 1843 quae
1364 1802 1407 1833 ad
1431 1802 1637 1835 hilaritatem

935 1862 1001 1884 non
1014 1851 1184 1889 facerent,
1198 1853 1309 1883 omitti
1325 1853 1486 1893 imperat.
1530 1853 1586 1883 Sic
1604 1853 1636 1884 in

934 1902 1047 1942 Epist.
1093 1900 1103 1918 ‘
1119 1902 1226 1933 Mitte
1255 1902 1357 1933 leveis
1395 1902 1494 1942 spes?
1538 1903 1638 1933 Duro

935 1957 1050 1983 autem
1079 1952 1193 1992 aliquo
1217 1956 1373 1992 tempore
1399 1951 1548 1992 Reipub.
1565 1953 1637 1983 liaec

934 2000 1111 2041 scripsisse
1150 2000 1296 2032 Poe'tam
1334 2001 1451 2032 credo.
1513 2003 1638 2032 Caetera

934 2051 1025 2082 mitte
1047 2049 1145 2091 toqui]
1170 2050 1303 2082 Omitte
1320 2055 1355 2081 et
1372 2051 1533 2090 permitte
1550 2052 1637 2082 divis

934 2106 1078 2132 caetera:
1111 2101 1159 2132 sic
1186 2110 1211 2132 1.
1242 2100 1312 2132 Od.
1340 2104 1392 2131 19.
1438 2101 1528 2132 Deus
1554 2101 1637 2141 haec]

933 2149 1046 2181 Poeta
1057 2149 1112 2191 (ut
1123 2149 1207 2180 mihi
1218 2149 1374 2190 videtur)
1385 2150 1528 2182 amicum
1539 2160 1635 2181 suum

933 2201 1063 2231 tristem
1087 2201 1294 2232 consolatur.

975 2254 1014 2282 11
1039 2251 1182 2282 Reducet
1207 2251 1242 2281 in
1264 2251 1381 2292 sedem]
1408 2250 1449 2282 Id
1477 2254 1542 2291 est,
1566 2255 1636 2283 tur-

930 2300 1013 2332 bata
1043 2301 1143 2332 sistet
1174 2305 1276 2341 atque
1308 2306 1505 2341 componet,
1527 2306 1563 2332 et
1593 2301 1634 2331 ad

932 2349 1113 2388 pristinum
1130 2351 1257 2380 statum
1274 2349 1432 2380 reducet.
1475 2349 1530 2380 Ita
1545 2360 1634 2380 nam-

932 2407 999 2438 que
1013 2397 1200 2437 Augustus,
1227 2398 1324 2438 cujus
1346 2397 1462 2428 verbis
1486 2396 1636 2428 libenter

932 2447 983 2478 nti
1006 2446 1188 2478 Horatium
1213 2455 1278 2477 non
1295 2446 1399 2476 semel
1413 2445 1637 2483 ostendimus,

931 2496 1021 2537 apud
1047 2496 1144 2526 Suet.
1172 2505 1248 2535 cap.
1270 2498 1322 2527 28.
1356 2497 1366 2512 ‘
1383 2496 1439 2526 Ita
1462 2494 1544 2525 mihi
1571 2494 1635 2524 sal-

932 2555 1007 2576 vam
1025 2554 1065 2575 ac
1078 2544 1239 2584 sospitem
1254 2545 1373 2584 Remp.
1386 2545 1509 2574 sistere
1526 2543 1559 2573 in
1575 2552 1635 2573 sua

933 2594 1015 2626 sede
1027 2593 1155 2624 liceat.'
1202 2593 1294 2625 Hinc
1308 2594 1317 2610 ⁴
1329 2592 1468 2624 sedere’
1483 2602 1544 2634 pro
1561 2602 1634 2633 per-

935 2646 1071 2687 placere
1105 2654 1144 2675 ac
1174 2644 1319 2676 firmiter
1346 2648 1512 2675 statutum
1549 2653 1635 2674 esse.

934 2696 1057 2736 Vin-gil.
1113 2695 1123 2711 ‘
1141 2694 1251 2735 quue
1278 2694 1336 2734 pio
1364 2691 1463 2724 sedet
1492 2692 1634 2724 AEneae.'

935 2747 1074 2778 Reduc-et
1089 2745 1122 2775 in
1138 2746 1237 2776 sedem
1252 2743 1334 2785 vice]
1361 2744 1454 2775 Deus
1472 2743 1633 2775 restituet

934 2797 1008 2828 lraec
1025 2796 1168 2837 benigna
1193 2795 1436 2836 vicissitudine,
1459 2795 1491 2826 in
1520 2795 1634 2836 pristi-
