1916 3262
601 291 665 321 DE
700 290 830 323 ARTE
865 293 1093 323 POss'rch.

118 386 190 428 Ex
210 386 351 429 oculis
369 398 538 437 rorem;
567 385 709 436 saliet,
730 384 886 426 tundet
904 384 1016 439 pede
1036 390 1211 427 terram.

1461 285 1576 328 1325

1490 390 1575 431 430

118 454 181 496 Ut
201 455 278 508 qui
298 452 504 495 conducti
523 452 700 506 plorant
719 452 765 493 in
785 451 948 501 funere,
971 452 1128 494 dicunt

117 521 176 563 Et
195 522 360 563 faciunt
376 532 514 574 prope
530 519 657 572 plura
677 519 927 560 dolentibus
947 532 1007 560 ex
1027 520 1177 562 animo
1198 533 1209 573 ;
1243 520 1309 561 sic

117 589 299 630 Derisor
315 600 418 629 vero
437 587 536 641 plus
556 586 782 628 laudatore
805 590 1017 628 movetur.

117 655 266 710 Reges
287 655 489 696 dicuntur
509 654 658 695 multis
677 667 828 708 urgere
850 655 1046 704 culullis‚

117 722 176 764 Et
194 725 396 776 torquere
417 733 550 771 mero,
573 734 704 775 quem
722 722 1004 776 perspexisse
1023 722 1226 763 laborant

1491 723 1578 764 435

115 788 189 847 An
210 789 271 834 sit
291 788 489 830 amicitia
508 788 694 842 dignus:
726 790 765 830 si
784 790 981 831 carmina
1001 790 1186 839 condes,

115 855 357 910 Nunquam
377 859 419 897 te
440 855 599 898 fallant
618 857 754 898 animi
774 858 859 899 sub
879 857 1017 911 vulpe
1038 859 1238 899 latentes.

113 921 334 974 Quintilio
353 923 514 976 siquid
537 924 764 975 recitares,
788 924 968 979 Cor-rige
988 925 1124 966 sodes

113 989 235 1040 Hoc,
257 990 420 1041 aiebat,
441 995 484 1031 et
503 990 590 1032 hoc
609 1006 618 1031 :
649 992 807 1033 melius
827 997 870 1033 te
890 1005 1027 1047 posse
1048 1004 1244 1045 negares,

116 1057 198 1099 Bis
220 1062 370 1111 terque
389 1062 630 1111 expertum
652 1058 829 1110 frustra,
852 1059 999 1101 delere
1010 1059 1208 1114 jubebat,

1489 1059 1578 1100 440

116 1123 175 1166 Et
194 1124 309 1166 male
330 1129 529 1167 tornatos
552 1126 699 1167 incudi
721 1127 900 1169 reddere
923 1140 1090 1169 versus.

113 1261 320 1304 lacrymarum
334 1263 435 1295 stillas
448 1265 567 1304 aliquot
581 1263 677 1295 oculis
692 1262 831 1304 effundet
844 1273 854 1294 .·
870 1262 1071 1303 tripudiabit,
1085 1262 1227 1294 saltabit.
1265 1262 1338 1293 Non
1352 1270 1440 1293 secus
1454 1270 1492 1293 ac
1505 1270 1577 1292 con-

113 1304 202 1335 ducti
215 1307 256 1336 ad
263 1306 404 1346 flendum
418 1307 452 1336 in
465 1307 616 1347 exequiis,
629 1306 736 1337 dicunt
751 1309 911 1345 aguntque
918 1304 991 1343 fere
1003 1306 1095 1345 plura
1107 1315 1201 1346 quam
1212 1304 1266 1345 qui
1281 1314 1322 1335 ex
1336 1305 1439 1335 animo
1452 1304 1577 1343 lugent:

113 1346 161 1377 ita
171 1347 246 1387 plus
259 1348 403 1379 adulator
416 1348 564 1389 afficitur,
577 1357 669 1388 quam
683 1348 823 1378 sincerus
837 1347 1034 1386 approbator.
1073 1347 1174 1378 Aiunt
1190 1356 1280 1385 reges
1292 1346 1417 1387 scyphis
1430 1345 1578 1385 plurimis

112 1390 236 1420 tentare
248 1393 280 1420 ct
294 1390 364 1420 vino
378 1392 540 1429 explorare
554 1399 634 1428 eum,
648 1398 736 1428 quem
749 1388 880 1428 probare
893 1389 1031 1426 student,
1045 1392 1151 1420 ulrum
1166 1388 1283 1428 dignus
1297 1391 1339 1418 sit
1348 1387 1578 1426 familiaritate

112 1439 178 1468 sua.
229 1431 275 1462 Tu
287 1430 317 1462 si
330 1430 438 1469 facias
450 1441 568 1468 versae,
583 1441 655 1462 cave
668 1441 705 1462 ne
720 1433 750 1461 te
761 1430 897 1470 decipiat
913 1430 1037 1462 animus
1051 1434 1194 1462 versutus
1209 1431 1391 1462 adulatoris.
1435 1428 1474 1460 Si
1488 1429 1578 1470 quid-

110 1471 198 1512 piam
213 1473 408 1505 recitavisses
425 1473 581 1509 Quintilio
598 1474 692 1512 Varo,
709 1473 851 1504 dicebat.-
875 1473 957 1512 Age,
971 1473 1027 1504 hoc
1042 1476 1073 1504 et
1088 1473 1167 1504 illud
1183 1474 1321 1505 emenda.
1366 1472 1404 1503 Si
1415 1475 1579 1512 postquam

114 1513 162 1546 bis
173 1518 231 1547 «ut
246 1519 295 1548 ter
309 1525 375 1548 rem
389 1519 552 1557 tentasses,
564 1517 777 1557 responderes,
799 1518 992 1557 nequaquam
1018 1519 1049 1547 te
1068 1525 1158 1556 posse
1172 1516 1296 1557 melius,
1309 1514 1441 1554 jubebat
1456 1524 1576 1556 expuu-

727 1599 968 1613 “OOOOOOO‘O‘

115 1664 181 1698 rin.
190 1667 222 1698 1·.
233 1667 368 1706 plorent.
392 1667 478 1698 Exc.
491 1667 569 1698 sax.
583 1667 826 1707 plorare—434
843 1666 1026 1709 Bamberg.
1042 1667 1169 1699 culillis.
1192 1665 1426 1698 Sclioenborn.
1437 1667 1470 1695 4.
1485 1672 1578 1695 curu·

114 1708 168 1740 lit.
213 1708 332 1741 Zarot.
358 1710 606 1741 mallim—435
629 1710 762 1750 Viginti
789 1710 889 1741 codd.
918 1710 1012 1750 Feae,
1039 1715 1075 1741 et
1101 1710 1227 1741 Venet.
1251 1711 1345 1740 1479.
1369 1707 1577 1747 prospexisse.

115 1751 269 1782 Florent.
286 1753 380 1783 1482.
396 1756 432 1782 et
447 1752 589 1783 Venett.
609 1755 702 1783 1483.
717 1754 813 1783 1486.
837 1753 1044 1792 prespexisse.
1082 1752 1160 1783 Vnt.
1185 1752 1294 1782 Palat.
1310 1753 1342 1781 6.
1363 1754 1400 1780 et
1426 1748 1531 1779 Aldd.
1548 1750 1581 1779 l.

117 1795 150 1824 2.
169 1794 375 1829 &labat-enm
397 1798 432 1824 et
459 1793 508 1824 sic
533 1794 638 1825 Baxt.
653 1794 761 1825 Gesn.
781 1799 817 1824 et
839 1794 957 1824 Comb.
986 1794 1128 1824 laborant
1156 1793 1272 1824 Bentl.
1297 1802 1340 1823 ex
1367 1790 1468 1823 codd.
1495 1790 1578 1822 item

118 1834 238 1867 Lami».
254 1841 400 1875 quatuor
415 1835 516 1866 codd.
534 1836 664 1866 Bersm.
679 1836 830 1867 Helmst.
857 1841 892 1866 et
916 1835 1016 1866 Harl.
1036 1839 1063 1866 Ι.
1080 1839 1112 1867 2.
1125 1838 1157 1867 4.
1184 1835 1359 1866 revocavit
1374 1834 1481 1865 Zeun.
1499 1832 1579 1863 inde

119 1876 224 1908 Kidd.
241 1877 322 1914 Fea,
337 1877 461 1915 Bothe,
473 1877 596 1915 jaeck,
612 1883 647 1908 et
667 1878 824 1917 Doering.
868 1877 1032 1908 Heinsius
1057 1878 1099 1908 ad
1126 1877 1305 1909 Claudian.
1331 1875 1447 1908 Rufin.
1462 1884 1487 1906 ι.
1504 1877 1578 1906 179.

118 1918 214 1958 legit,
242 1919 383 1959 Regibus
402 1919 454 1950 hic
468 1929 534 1950 mos
553 1923 599 1950 est
619 1920 727 1951 multis
739 1942 748 1950 .
761 1941 770 1949 .
783 1942 792 1951 .
803 1919 1068 1951 laborant.—437
1093 1920 1139 1950 N.
1156 1923 1188 1951 te
1203 1920 1322 1958 sallent
1338 1918 1440 1951 codd.
1456 1917 1580 1949 Achin.

119 1960 307 1994 sian-Em.
322 1962 537 1993 Sam-novem
551 1962 653 1994 codd.
669 1963 763 2002 Feae,
774 1967 809 1993 et
825 1962 1054 1994 Zarot.—438
1068 1962 1153 1993 Tres
1167 1962 1248 1993 Vat-
1264 1962 1361 1993 Rom.
1376 1960 1580 1992 recitaris.—

119 2005 184 2034 4³9
207 2002 280 2034 Hoc
291 2004 402 2042 agebat
428 2004 658 2036 Schoenborn.
683 2007 712 2035 1.
750 2014 881 2044 negares
902 2005 982 2036 Vat.
1000 2004 1102 2036 Rom.
1125 2006 1266 2036 7.-440
1287 2003 1523 2034 Schoenborn.
1548 2004 1579 2033 1.

117 2048 278 2086 expertum
292 2046 321 2076 si
331 2046 576 2084 frustra—441
601 2047 610 2064 ‘
624 2047 668 2077 Et
689 2047 770 2078 male
791 2050 841 2078 ter
862 2047 968 2087 natos]
989 2047 1092 2078 Hane
1116 2046 1300 2077 lectionem
1327 2045 1516 2083 Bentleius,
1543 2044 1578 2075 in

117 2087 349 2119 suisnotis-ad
362 2089 604 2120 callimachum
622 2089 758 2130 Fragm.
774 2097 833 2120 xr..
849 2098 883 2130 p.
898 2091 973 2120 429.
990 2088 1169 2120 substituit
1184 2097 1228 2119 ex
1243 2088 1380 2129 ingenio
1396 2087 1580 2128 impotenti

774 2184 921 2217 NOTAE

160 2247 303 2281 stillabit
331 2249 384 2279 Ex
406 2249 513 2289 oculis,
529 2248 600 2289 εμπ]
635 2248 818 2281 Proesimu-

116 2298 190 2330 lats
206 2299 329 2331 laetitia
344 2304 379 2330 et
392 2299 631 2331 admiratione.

161 2350 225 2379 431
252 2349 317 2384 Qun·
338 2350 482 2381 conducti
502 2350 642 2391 plorant]
665 2348 823 2382 Praeficae

121 2397 198 2428 olim
227 2398 400 2438 mulieres,
413 2398 531 2430 -dictae
561 2400 660 2440 quasi
688 2399 821 2430 ancillis

122 2445 331 2486 ejulantibus
344 2451 379 2478 et
394 2447 660 2480 lamentantibus
678 2447 823 2488 praefec-

122 2502 181 2535 ια»,
206 2495 239 2527 iu
266 2494 442 2528 funeribus
464 2497 730 2539 adhibebantur,
752 2498 825 2530 luc-

123 2551 195 2577 tum
210 2545 362 2585 ciebant,
377 2547 547 2578 vellebant
562 2548 686 2587 crines,
702 2548 825 2579 tunde-

122 2596 208 2628 bant
234 2600 365 2637 pectus,
390 2599 454 2628 &c.
491 2597 623 2628 Nonius
648 2607 691 2628 ex
716 2598 825 2629 Lucil.

123 2650 133 2664 ‘
150 2645 314 2677 Mercede
329 2655 404 2687 quae
421 2645 601 2677 conductae
616 2644 700 2676 flent
711 2646 821 2676 alieno

123 2696 156 2727 in
173 2694 292 2726 funere
308 2694 464 2727 Praeficae
491 2695 598 2726 multo
626 2699 661 2726 et
683 2695 822 2735 capillos

125 2745 285 2777 scindunt
299 2749 334 2776 et
346 2746 495 2776 clamant
511 2745 639 2785 magis?

166 2797 230 2826 433
254 2794 400 2835 Derisor]
424 2795 541 2826 Fletus
556 2795 724 2829 laudator.

166 2847 231 2877 484
257 2845 359 2885 Reges
381 2846 536 2886 dicuntur,
552 2844 621 2886 fison]
646 2844 825 2876 Inebriant

875 2249 1060 2289 hominem,
1087 2254 1126 2282 ut
1151 2248 1334 2290 explorent
1359 2257 1439 2279 num
1462 2248 1507 2279 sit
1530 2248 1577 2279 lo-

875 2308 979 2341 quax,
993 2303 1028 2330 et
1043 2309 1086 2330 an
1102 2299 1309 2331 temulentus
1330 2298 1509 2330 commissa
1526 2307 1577 2329 se-

874 2355 970 2382 creta
983 2348 1119 2381 effutiat
1133 2359 1173 2380 ac
1189 2350 1335 2380 revelet.

922 2399 1072 2440 Culullis]
1094 2398 1218 2430 Poculi
1247 2408 1352 2439 genus
1379 2402 1445 2429 est.
1490 2396 1578 2427 Vide

874 2448 959 2480 Not.
974 2458 998 2480 1.
1016 2447 1086 2480 Od.
1103 2451 1156 2480 31.
1172 2451 1225 2479 11.

919 2500 982 2529 437
1006 2497 1071 2528 Sub
1094 2499 1185 2538 vulpe
1206 2496 1354 2536 latentes]
1378 2494 1510 2526 Alludit
1535 2493 1579 2525 ad

875 2546 1026 2578 fabulam
1044 2547 1155 2586 vulpis
1172 2551 1208 2577 et
1224 2547 1330 2577 corvi.
1551 2548 1554 2550 “

919 2597 984 2626 438
1022 2594 1194 2635 Quintilio]
1245 2593 1484 2625 Cremonensis
1523 2594 1580 2625 ille

877 2643 992 2685 poeta,
1007 2643 1244 2674 solertissimus
1257 2648 1292 2674 et
1306 2643 1490 2674 acerrimus
1503 2648 1580 2674 erat

877 2694 1081 2734 scriptorum
1104 2692 1224 2733 judex.
1270 2692 1357 2724 Vide
1382 2702 1407 2725 1.
1437 2692 1504 2725 od.
1527 2695 1579 2725 18.

878 2748 914 2774 et
930 2746 983 2774 24.

920 2795 982 2824 441
999 2793 1084 2824 Male
1098 2795 1237 2823 tornatos
1251 2792 1355 2823 incudi
1366 2793 1495 2824 reddere
1509 2802 1578 2824 ver-

878 2842 946 2884 sus]
972 2843 1114 2875 Metalla
1140 2843 1219 2884 igue
1244 2849 1280 2875 et
1305 2843 1427 2875 incude
1448 2843 1578 2876 mollita
