1930 3204
365 259 475 300 1534

363 362 406 392 <le
420 360 430 378 ‘
445 360 572 392 circaea
583 359 593 374 ’
608 360 756 400 appellat
769 359 779 376 ‘
789 359 905 390 maenia
915 359 923 373 '
940 359 1044 390 Hora·

365 410 441 448 tius,
455 415 555 457 atque
571 410 616 440 ita
631 410 738 439 locum
750 408 835 439 hunc
847 409 971 439 diserte
987 417 1043 438 ex·

363 458 467 497 plicat
478 457 698 497 Porphyrion.
715 458 853 488 Torreat.
876 457 951 487 Vid.
965 457 1043 487 Tur-

361 506 439 537 neb.
457 515 523 537 xn.
546 509 596 536 14.
641 505 912 545 [Bambergensis
935 505 1042 536 codex

361 565 404 595 ap
418 555 536 591 Jaeck,
547 558 676 593 tangens
690 564 750 595 pro
765 555 920 595 candens]

402 607 440 635 31
466 604 668 644 Benignitas]
720 605 790 635 Pro
830 604 1041 636 liberalitate.

360 654 472 693 [Vatis
488 662 546 692 pro
562 654 649 685 Satis
663 653 715 684 ed.
731 654 839 694 Feae.]

401 704 441 732 33
467 702 566 740 Quod,
578 705 631 732 aut
645 701 767 742 avarus]
790 701 888 735 Quod
902 701 934 733 in
950 705 1041 732 terra

359 749 540 790 occultum,
559 754 595 780 ut
610 750 768 781 Chremes
785 751 840 781 ille
862 759 963 781 senex
977 750 1040 780 Te-

360 798 540 829 rentianus.

399 848 440 877 34
463 847 641 878 Discinctus
664 850 700 878 ut
723 847 829 887 nepos]
863 846 911 877 Ut
945 850 1040 886 pater

359 895 477 934 patris,
493 906 573 926 avus
587 906 596 926 ι
619 897 667 926 sic
683 895 742 926 filii
758 895 859 934 filius,
872 905 976 934 nepos
992 894 1040 926 di·

357 944 464 975 citur:
484 953 679 984 quamquam
692 948 701 961 ‘
712 943 886 983 nepotum'
896 943 1040 981 nomine,

358 991 446 1021 sicut
471 996 506 1022 et
521 991 530 1007 ‘
546 991 745 1030 liberorum,'
770 991 886 1023 caeteri
910 1000 1039 1032 qnoque

356 1039 599 1069 descendentes
636 1040 819 1080 plerunque
850 1039 1039 1078 intelligun-

356 1091 422 1118 tur.
469 1086 556 1117 Illud
592 1096 723 1127 quoque
759 1096 822 1117 non
858 1087 1040 1126 inelegans,

356 1134 442 1175 quod
459 1134 491 1165 in
508 1135 600 1166 Festi
621 1135 816 1175 compendio
839 1135 945 1166 adhuc
962 1144 1040 1166 con-

357 1187 521 1218 servatur,
536 1188 545 1201 ‘
561 1188 703 1223 nepotes
714 1182 723 1196 '
738 1184 839 1214 etiam
861 1183 1039 1214 luxuriosas

356 1231 435 1262 vitae
460 1231 607 1262 homines
632 1232 807 1272 appellari,
833 1232 952 1273 quibus
972 1242 1039 1264 non

355 1280 459 1319 magis
475 1280 523 1310 rei
536 1279 708 1311 familiaris
721 1290 800 1311 cura
812 1281 866 1321 sit,
877 1290 973 1322 quam
989 1282 1040 1321 iis,

354 1329 474 1368 quibus
497 1333 592 1368 pater
612 1338 757 1370 avusque
771 1330 897 1361 vivant.
939 1330 1038 1361 Unde

354 1381 391 1408 et
405 1378 414 1394 ‘
425 1377 602 1416 nepotari:
617 1377 705 1417 apud
730 1378 888 1418 Nonium,
903 1383 938 1410 et
953 1380 963 1396 ‘
980 1388 1037 1410 ne-

355 1425 460 1464 potini
482 1425 653 1466 sumptus'
678 1426 765 1466 apud
790 1427 885 1458 Suet.
928 1427 1038 1458 Porro

355 1474 559 1514 aptissimum
571 1475 703 1514 nepotis
714 1475 896 1514 epithetum
907 1475 1038 1506 discinc-

352 1527 426 1560 tun
458 1533 524 1555 non
549 1523 691 1555 absimili
713 1523 799 1555 euim
824 1524 1036 1555 translatione

355 1571 495 1602 Romani
523 1571 565 1602 ab
586 1570 703 1602 habitu
727 1570 769 1602 ad
795 1571 975 1612 ingenium,
998 1575 1037 1603 ut

354 1620 364 1636 ‘
381 1620 526 1651 cinctos'
542 1629 603 1659 pro
626 1620 718 1650 navis
745 1625 847 1660 atque
869 1620 1011 1651 strenuis
1025 1631 1035 1651 ε

354 1667 401 1698 sic
416 1669 426 1686 ⁴
440 1666 638 1698 discinctos'
660 1676 720 1707 pro
731 1667 858 1707 ignavis
871 1677 910 1699 ac
923 1669 1037 1699 remis-

353 1716 396 1746 sis
418 1715 556 1747 dixere:
581 1720 649 1746 tum
675 1716 776 1746 etiam
795 1715 838 1746 de
860 1716 1038 1747 luxuriosis

353 1769 387 1799 et
423 1763 732 1804 intemperantibus.
781 1763 918 1796 Turrem.
958 1765 1037 1796 vid.

353 1813 500 1845 Turneb.
521 1822 587 1844 xri.
603 1815 654 1845 14.
697 1813 876 1845 Discinctus
898 1813 967 1854 aut]
988 1814 1038 1847 Ut

353 1862 532 1894 dissolutus
548 1872 652 1904 nepos
675 1863 815 1904 prodige
838 1862 1037 1903 expendam.

354 1912 470 1952 Nepos,
487 1917 613 1952 praeter
629 1913 797 1953 propriam
817 1918 851 1944 et
867 1913 1036 1953 vulgatam

351 1963 640 2002 significationem,
655 1964 855 1994 luxuriosum
877 1968 914 1994 et
929 1962 1037 2002 perdi·

353 2016 423 2042 tum
438 2012 601 2042 hominem
617 2011 796 2051 significat.

365 2059 478 2090 Enon.
495 2068 535 2090 ιι.
569 2059 670 2090 VrrAE
686 2060 847 2090 Rus‘rrcAE
868 2059 1020 2090 LAunEs.

394 2108 411 2136 1
435 2107 554 2138 Beatus
568 2107 632 2145 ille,
641 2107 709 2146 &et-J
733 2107 815 2137 Vult
827 2106 933 2137 Poeta
947 2115 1034 2144 eum,

351 2163 450 2196 quem
479 2164 556 2186 rure
583 2155 750 2186 viventem
784 2155 916 2185 beatum
953 2154 1035 2184 exis-

352 2204 458 2243 timat,
481 2213 546 2234 non
570 2203 819 2244 publicanorum
845 2211 936 2234 more
960 2212 1034 2233 ara-

353 2253 458 2283 tiones
472 2251 608 2292 habere,
626 2261 664 2283 sc
691 2251 867 2291 pecuarias
884 2251 1033 2291 negotia-

353 2300 459 2332 tiones
471 2309 587 2339 agere,
603 2300 720 2341 quibus
740 2305 819 2332 tunc
844 2300 944 2330 multo
967 2309 1034 2330 zua-

352 2349 402 2389 gis
435 2358 532 2389 quam
565 2348 691 2380 foenore
721 2347 1031 2389 locupletabantur:

351 2398 422 2436 sed,
437 2398 550 2438 primae
570 2398 679 2429 aetatis
693 2398 858 2429 hominum
874 2407 979 2436 more,
993 2406 1035 2429 ea

351 2457 426 2487 quae
449 2457 468 2478 a
491 2447 683 2487 parentibus
700 2447 823 2479 tradita
845 2446 1035 2487 possideant

351 2497 474 2536 colere,
491 2497 670 2538 liberisque
693 2502 769 2537 post
783 2506 818 2527 se
833 2497 1034 2537 relinquere.

351 2555 425 2585 quae
452 2547 521 2576 vita
544 2551 582 2578 ut
606 2546 886 2583 innocentissima,
910 2546 958 2577 ita
977 2545 1033 2586 ju-

351 2594 551 2626 cundissima
573 2599 635 2625 est.
661 2595 801 2626 Torrent-
842 2595 958 2626 Procul
979 2604 1035 2626 ne·

348 2641 460 2680 gotiis]
481 2643 662 2683 Separatus
675 2643 716 2674 ab
727 2643 861 2676 urbanae
876 2644 954 2675 vitae
964 2652 1031 2675 mo-

351 2690 468 2720 lestiis.

391 2741 412 2772 2
439 2739 483 2770 Ue
494 2740 595 2779 prisca
607 2751 682 2781 gens
696 2742 883 2783 mortalium]
907 2742 954 2775 Ut
966 2741 1031 2783 pri-

811 269 951 299 NOTAE
983 268 1241 300 VAluoRUM
1277 270 1327 300 IN

1091 359 1135 390 mi
1158 360 1305 391 homines
1328 361 1360 391 in
1385 369 1485 392 aureo
1506 362 1639 403 wenilo,
1655 363 1712 404 qui
1732 364 1765 399 iu

1090 409 1177 448 agris
1189 408 1395 441 habitabant.

1130 459 1150 488 3
1173 458 1309 489 Paterna
1330 458 1419 499 rura]
1438 459 1504 491 Qui
1523 469 1600 491 rura
1613 469 1633 491 a
1648 469 1768 501 paren·

1090 505 1178 537 tibus
1193 512 1333 547 accepta
1345 508 1497 547 propriis,
1513 517 1578 539 non
1593 509 1767 542 conductis

1089 555 1194 586 bobus
1213 556 1303 587 colit.
1328 557 1475 596 Exercet]
1497 556 1644 588 Verbum
1659 557 1766 597 ipsum

1090 604 1228 635 culturae
1262 605 1468 645 diligentiam
1499 606 1619 644 arguit,
1649 607 1696 637 uti
1733 610 1767 638 et

1089 651 1178 692 apud
1187 653 1362 692 Virg.cum
1377 654 1423 684 ait
1437 664 1445 685 ι
1462 655 1692 695 ‘Exercetque
1702 653 1766 686 fre·

1089 710 1192 740 quens
1210 702 1359 734 tellurem
1376 707 1474 744 atque
1492 704 1636 743 imperat
1654 703 1767 735 arvis.'

1088 749 1459 792 Verissimumquequod
1469 756 1598 784 veteres
1605 753 1769 784 Romanos

1087 796 1202 828 dicere
1223 800 1337 831 solitos
1359 801 1559 841 accepimns,
1573 810 1687 841 opera,
1701 810 1766 833 nou

1088 844 1236 885 impensa
1261 848 1425 879 culturam
1459 853 1624 880 constare.
1667 848 1766 880 Quod

1090 893 1206 924 Furius
1228 896 1285 926 ille
1308 896 1463 926 Cresinus
1491 906 1601 928 coram
1629 897 1767 936 populo,

1089 947 1126 973 ut
1139 943 1195 983 qui
1210 943 1332 973 alienas
1345 942 1455 983 fruges
1471 945 1640 976 veneficiis
1656 946 1764 977 allice-

1087 995 1154 1029 ret,
1169 995 1431 1027 accusatus,'non
1447 992 1555 1022 verbis
1577 993 1635 1023 sed
1657 994 1768 1033 reipsa

1087 1039 1246 1070 ostendit.
1262 1039 1338 1070 vide
1352 1039 1440 1071 Plin.
1452 1048 1558 1071 xviu.
1569 1043 1599 1071 6.

1128 1091 1148 1119 4
1170 1088 1297 1119 Solutus
1310 1088 1529 1128 omnifoenore]
1549 1089 1650 1120 Varie
1663 1089 1768 1129 scrip-

1088 1140 1158 1168 tum
1179 1137 1328 1168 invenias
1345 1137 1377 1168 in
1396 1136 1635 1178 antiquissimis
1654 1147 1768 1170 mouu-

1086 1186 1220 1225 mentis,
1232 1187 1241 1204 ‘
1250 1186 1379 1225 foenus,'
1391 1189 1401 1204 ‘
1413 1185 1592 1226 foenerari:
1603 1188 1667 1219 διο.
1690 1186 1769 1218 Sex·

1087 1238 1138 1266 tus
1154 1240 1264 1266 tamen
1282 1235 1463 1276 Pompeius
1487 1236 1617 1276 Festus,
1631 1237 1640 1253 ⁴
1654 1234 1769 1267 fanus'

1085 1283 1156 1315 sine
1182 1284 1389 1325 diphthongo
1413 1284 1571 1323 agnoseit,
1593 1289 1630 1316 ut
1649 1288 1684 1316 et
1698 1284 1767 1316 ‘fe-

1088 1332 1163 1363 tus!
1207 1333 1293 1364 Nam
1309 1333 1437 1364 credits
1453 1333 1595 1373 pecnnia
1608 1332 1769 1371 fenebris,

1086 1391 1106 1412 a
1121 1381 1234 1421 ‘fetn‚’
1253 1383 1361 1424 inquit
1383 1383 1475 1414 dicta
1495 1387 1560 1418 est,
1581 1382 1670 1423 quod
1694 1391 1766 1413 cre-

1085 1430 1147 1462 diti
1159 1431 1282 1462 nummi
1293 1431 1374 1463 alios
1385 1431 1537 1472 pariant:
1560 1440 1625 1472 qua
1637 1430 1765 1462 ratione

1083 1479 1173 1511 τόκος
1201 1480 1321 1511 Graece
1350 1480 1486 1511 dicitur.
1533 1479 1658 1511 Solutus
1683 1487 1764 1518 ergo

1083 1529 1286 1566 omnifoenore
1301 1535 1363 1565 est,
1379 1529 1435 1569 qui
1450 1537 1556 1568 neque
1571 1527 1640 1566 dat,
1655 1536 1765 1568 neque

1084 1576 1206 1617 accipit
1242 1576 1361 1608 foenori
1375 1587 1383 1607 :
1413 1577 1447 1608 iu
1484 1585 1622 1616 quornm
1655 1576 1764 1607 altero

1085 1634 1210 1656 summa
1224 1625 1360 1664 invidia,
1372 1626 1405 1656 in
1421 1626 1526 1656 altero
1541 1630 1692 1656 extrema
1707 1625 1766 1656 mi-

1085 1673 1171 1703 seria
1196 1677 1261 1711 est,
1290 1673 1376 1704 unde
1400 1677 1452 1704 tot
1478 1673 1554 1704 olim
1585 1673 1764 1707 seditiones

1085 1725 1222 1751 exortae.
1254 1721 1345 1752 Torr.
1388 1721 1513 1752 Solutus
1534 1722 1617 1752 omni
1631 1722 1766 1763 [ωπον-ε]

1085 1768 1187 1799 Liber
1199 1768 1240 1799 ab
1254 1768 1343 1799 omni
1358 1768 1482 1800 debito.

1126 1820 1145 1846 5
1170 1817 1277 1856 Neque
1296 1816 1466 1856 excitatur]
1490 1817 1608 1859 Neque
1635 1817 1767 1853 militat,

1084 1874 1193 1906 neque
1207 1866 1355 1905 navigat.
1398 1866 1494 1906 [Vat.
1509 1868 1541 1897 2.
1556 1868 1588 1897 3.
1601 1868 1633 1898 4.
1647 1868 1678 1896 6.
1688 1865 1768 1896 Vat.

1086 1914 1261 1946 Palatinus
1283 1917 1316 1946 6.
1332 1924 1387 1955 ap.
1410 1915 1525 1952 Feam,
1546 1914 1722 1946 chisianus
1736 1916 1768 1946 8.

1084 1971 1138 2003 ap.
1153 1962 1253 1994 eund.
1270 1967 1304 1995 et
1318 1963 1472 1994 Vallicel.
1486 1966 1518 1995 2.
1535 1966 1570 1994 ut
1584 1962 1696 2002 miles-J

1123 2013 1143 2042 7
1169 2011 1335 2051 Forumque
1347 2011 1444 2051 vitat]
1468 2012 1587 2043 Forum
1598 2011 1692 2050 vitat,
1707 2010 1764 2042 ubi

1082 2058 1157 2089 lites
1173 2064 1316 2098 aguntur
1331 2063 1366 2089 et
1377 2059 1608 2099 dijudicantur.
1651 2059 1694 2090 Et
1717 2067 1766 2089 su-

1077 2106 1171 2145 perba
1184 2107 1312 2146 civium]
1334 2107 1379 2138 Et
1394 2107 1533 2138 divitum
1557 2107 1670 2138 domos
1698 2115 1762 2138 non

1080 2153 1272 2194 frequentat
1285 2154 1408 2185 favoris
1421 2154 1556 2186 ineundi
1571 2164 1682 2187 causa.
1709 2155 1764 2185 ei-

1080 2203 1374 2242 „impotes-tiorum
1391 2203 1511 2243 limina]
1537 2203 1578 2234 Id
1603 2202 1644 2234 ad
1671 2204 1760 2235 salu-

1080 2251 1173 2282 tandi
1186 2251 1372 2282 molestiam
1387 2251 1599 2283 referendum
1615 2261 1687 2284 esse
1709 2261 1763 2285 ar-

1080 2298 1198 2339 bitror,
1213 2299 1320 2340 poetis
1336 2300 1504 2340 praecipue
1519 2300 1672 2340 invisam,
1693 2310 1762 2332 am·

1080 2349 1212 2381 bitiosis
1223 2355 1257 2382 et
1273 2350 1440 2382 ditescere
1454 2351 1639 2383 volentibus
1649 2360 1764 2384 neces—

1081 2398 1214 2430 sariam.
1236 2399 1377 2430 Torrent-

1120 2450 1141 2478 9
1172 2447 1290 2479 Adusta
1324 2447 1434 2479 vitium
1464 2448 1647 2489 propagine]
1679 2449 1762 2483 Cum

1080 2495 1196 2527 adulta
1209 2496 1324 2527 vitium
1340 2497 1522 2537 propagine
1532 2497 1701 2538 conjungit
1713 2498 1760 2529 al-

1080 2549 1132 2575 tas
1168 2546 1321 2586 populos.
1378 2545 1500 2585 [Codd.
1536 2545 1671 2586 quidam
1705 2556 1761 2588 ap.

1077 2593 1099 2626 J
1105 2594 1199 2632 aeck,
1221 2593 1409 2634 propagini]

1121 2646 1161 2674 10
1175 2643 1267 2674 Alias
1280 2643 1408 2675 nutrient
1416 2643 1556 2684 populos]
1565 2643 1652 2677 Ptin.
1663 2652 1758 2677 xvn-

1077 2695 1131 2723 23.
1171 2693 1306 2732 ‘Longo
1331 2702 1391 2723 usn
1415 2696 1621 2732 compertum
1635 2692 1762 2725 nobilis

1078 2742 1154 2774 vina
1169 2751 1232 2774 non
1247 2741 1312 2774 nisi
1326 2741 1360 2773 in
1377 2741 1519 2775 arbustis
1539 2742 1643 2782 gigni,
1663 2745 1698 2773 et
1718 2741 1755 2772 in
