1916 3262
491 301 703 334 noRA'rn
738 302 1012 333 οΑΒΜιΝυΜ
1048 303 1144 333 ma.
1177 302 1232 333 ιι.
1263 292 1332 334 15.

184 397 250 436 gioe
266 395 383 436 Moles]
405 396 608 437 Sumptuosa
628 393 786 434 aedificia,
809 403 886 436 quae

186 447 323 488 regibus
337 446 554 487 conveniant,
567 446 677 476 instar
692 444 800 476 molis.

227 499 250 529 2
269 496 414 538 Undique
430 496 541 537 latius]
557 494 801 536 Conqueritur,
817 493 887 535 pri-

185 551 342 579 vatorum
368 551 490 588 stagna
514 547 585 577 sive
610 545 758 586 piscinas
783 545 886 577 latius

185 599 337 640 extendi,
360 609 461 641 quain
488 597 652 630 Lucrinus
677 601 814 639 pateret
840 598 887 630 la-

185 660 259 682 cus.
305 649 462 681 Macrob.
475 649 548 681 Sat.
560 657 602 681 ιι.
619 651 654 680 11
664 669 672 679 .

224 702 248 732 ⁸
280 699 419 732 Emerita
443 697 602 738 visentur]
623 698 756 740 Stagna
783 700 885 742 latius

185 749 368 792 producta,
391 753 427 780 et
452 747 618 790 ampliora
640 749 718 780 lacu
738 749 886 782 Lucrino

183 800 218 830 iu
232 799 310 831 sinu
325 798 455 830 Baiano
473 799 748 839 conspicientur:
772 800 826 831 vel
842 799 886 831 ad

182 857 260 891 qun
284 847 436 879 videnda
467 849 560 880 omni
589 857 635 880 ex
673 854 771 890 parte
804 858 886 881 con-

183 902 355 930 cai-retur.
707 938 713 942 ⁷

220 951 244 980 4
268 947 482 990 Pantanusqnae
510 949 634 990 coelebs]
657 950 716 982 Sic
731 950 888 982 ‘steriles

183 998 340 1040 platani,’
363 1000 462 1040 Virg.
479 1000 610 1041 Georg.
635 1009 675 1033 ιι.
720 1001 889 1034 Platanus

182 1049 274 1081 enirn
289 1054 326 1082 et
340 1050 421 1091 ‘ipsa
441 1051 568 1082 sterilis
583 1055 651 1091 est,
667 1061 732 1085 nec
746 1052 887 1083 aliarum

185 1099 343 1132 arborum
362 1099 578 1133 fertilitatem
594 1102 708 1143 juvat,
723 1103 815 1134 nulla
838 1113 888 1140 re.

184 1159 286 1190 quam
299 1149 430 1182 umbrae
452 1152 640 1192 opacitate,
656 1162 696 1184 ac
717 1151 888 1184 frondium

183 1198 436 1238 pulchritudine
451 1201 649 1241 celebrata;
681 1207 786 1244 atque
809 1203 889 1234 inde

185 1250 290 1281 etiam
313 1259 435 1282 nomen
463 1251 603 1292 adepta,
618 1252 710 1294 quod
736 1253 888 1284 umbram

182 1299 348 1332 latissime
361 1299 543 1334 diffundat.
568 1303 645 1335 Quo
660 1307 697 1334 et
708 1302 890 1345 Virgilium

185 1351 379 1392 respexisse
386 1352 605 1392 crediderim,
613 1363 690 1384 cum
702 1354 768 1384 ait.
760 1364 768 1371 ·
781 1354 891 1386 ‘Jam-

184 1409 252 1441 que
271 1400 519 1433 ministrantem
543 1402 720 1441 platanum
744 1403 890 1443 potanti-

180 1449 246 1480 bus
279 1449 462 1481 umbram-³
521 1451 734 1493 Plotanusque
765 1452 888 1494 coelebs]

182 1498 350 1532 Platauus
363 1509 430 1532 noa
447 1501 606 1533 maritata
625 1502 767 1542 vitibus,
783 1506 822 1534 ut
838 1503 888 1534 ul-

181 1558 269 1588 mus,
278 1549 338 1581 sed
347 1549 616 1583 deambulationi
632 1556 764 1584 tautum
779 1553 888 1585 inser-

181 1599 277 1631 viens
293 1604 439 1641 propter
458 1601 664 1642 opacitatem
683 1602 822 1635 evincet
836 1604 886 1635 ul-

181 1658 267 1690 mos,
281 1649 320 1681 id*
333 1654 399 1690 est,
415 1650 522 1691 major
545 1652 614 1684 erit
637 1661 797 1685 numerus
813 1655 885 1695 pla-

182 1706 339 1734 tanorum
361 1701 406 1734 ad
421 1703 643 1745 voluptatem,
662 1714 764 1746 quam
782 1706 887 1737 ulmo-

182 1761 257 1784 rum
272 1752 317 1784 ad
334 1753 533 1786 utilitatem.

225 1806 246 1834 5
272 1802 498 1836 Mutatur-ia
518 1806 549 1834 et
568 1804 714 1846 Myrtus]
748 1805 818 1837 Alii
839 1807 888 1838 le-

183 1855 282 1891 gunt,
299 1852 379 1883 Tum
390 1852 524 1883 violaria
537 1853 726 1894 Myr-rusque
736 1858 768 1886 et
778 1856 889 1895 omnis,

183 1900 237 1939 ξε.
283 1900 362 1931 Μ
374 1900 508 1932 violaria
522 1904 554 1932 et
569 1901 715 1943 Myrtus]
737 1904 888 1937 violaria

183 1953 264 1981 sunt
278 1949 367 1990 loca,
381 1949 418 1981 in
434 1950 557 1992 quibus
574 1951 672 1983 violae
689 1958 888 1986 nascuntur.

183 2000 283 2032 Ordo
297 2006 372 2033 est:
394 2001 479 2033 'rum
497 2002 639 2034 violaria
654 2009 690 2035 et
706 2010 836 2045 myrtus
851 2009 888 2037 et

181 2050 292 2082 omnis
304 2051 404 2092 copia
419 2051 550 2083 narium
565 2058 731 2094 spargent
747 2055 887 2088 odorem

179 2099 316 2132 olivetis
328 2099 502 2132 fertilibus
517 2101 654 2134 domiuo
670 2104 786 2145 priori.

223 2153 246 2182 6
270 2150 384 2182 Omnis
397 2151 487 2192 copia
500 2151 640 2194 narium]
662 2154 731 2186 Pro
746 2154 888 2187 odorum

180 2200 294 2243 copia,
307 2211 375 2244 qua
389 2211 490 2234 nares
505 2203 612 2235 veluti
628 2213 814 2244 pascamus.
843 2205 886 2237 Id

181 2257 248 2290 est,
266 2251 382 2290 flores,
409 2253 571 2294 virgulta,
587 2264 630 2285 ex
652 2255 777 2297 quibus
800 2256 887 2288 odor

181 2303 295 2335 suavis
309 2304 449 2335 naribus
464 2301 603 2335 afflatur
617 2315 626 2336 :
649 2309 687 2337 ut
704 2310 740 2337 et
757 2316 799 2338 ea
814 2316 884 2338 om-

181 2353 238 2385 nia
253 2363 328 2395 quae
341 2354 384 2385 ad
400 2354 531 2386 narium
544 2354 810 2388 delectationem
827 2367 886 2389 na·

183 2407 219 2436 ta
233 2408 324 2443 sunt,
338 2406 462 2438 narium
473 2405 592 2445 copim
605 2407 770 2448 appellat.
802 2408 887 2439 Per-

184 2454 266 2486 inde
281 2465 323 2487 ac
345 2456 374 2486 si
395 2454 497 2487 flores
513 2456 589 2487 illos
611 2456 815 2494 odoriferos,
831 2467 888 2489 co—

185 2503 289 2546 piam,
303 2514 398 2546 opes,
422 2505 494 2537 sive
508 2506 649 2538 divitias
673 2507 804 2539 uarium
830 2517 888 2539 vo-

185 2553 324 2587 citaret.
348 2554 495 2586 Lambin.
517 2555 670 2596 Stephan.
717 2558 816 2598 Copia
831 2568 888 2589 na-

183 2604 283 2646 rium]
306 2603 417 2646 Copia
432 2604 575 2642 narium,
586 2606 759 2647 significat
771 2618 887 2640 ornnes

183 2653 300 2694 flores,
321 2655 380 2697 qui
402 2654 540 2686 naribus
562 2653 668 2687 afflati
683 2655 888 2690 delectatio-

182 2715 261 2739 nem
277 2703 437 2738 afferunt.

225 2759 247 2788 7
273 2756 410 2789 Olivetis
422 2756 561 2798 odorem]
594 2756 636 2788 In
651 2757 734 2790 locis
749 2757 807 2790 ubi
830 2767 890 2791 an·

185 2810 244 2838 tea
259 2807 461 2839 crescebant
476 2807 588 2848 olivae,
606 2817 682 2849 quoe
698 2807 761 2840 sub
774 2807 888 2849 priore

184 2855 322 2888 domino
345 2857 420 2889 loca
444 2861 543 2889 erant
564 2855 705 2894 fertilia,
727 2867 817 2890 nunc
839 2858 888 2889 in-

1531 295 1644 337 1419

941 393 1122 435 frugifera.

982 446 1004 475 9
1030 444 1108 476 Tum
1130 443 1230 485 spissa
1255 443 1378 484 laurea]
1420 443 1548 475 Laurus
1578 456 1643 479 non

941 499 1010 526 tam
1026 494 1158 533 umbra,
1180 503 1282 535 quam
1299 499 1469 535 perpetuo
1485 494 1542 526 illo
1559 496 1646 527 viro-

940 554 979 576 re
1003 555 1023 576 a
1049 543 1192 576 fulmine
1219 543 1350 576 intacto
1374 544 1645 579 commendatur.

937 595 1029 627 Vide
1044 596 1123 627 Val.
1143 595 1240 626 Max.
1267 603 1319 626 ix.
1345 597 1376 626 l.
1395 594 1485 626 Plin.
1502 603 1598 627 xvir.
1618 600 1645 628 l.

943 646 1135 678 Torrentius.
1193 646 1364 687 Cruquius
1393 646 1468 677 vult
1497 646 1571 678 iiaec
1603 648 1646 678 ad

939 696 1055 728 hortos
1082 695 1198 737 operis
1224 696 1363 737 topiarii
1380 696 1577 736 ‘pertinet-e,
1603 707 1648 728 ex

939 746 1034 778 lauro
1050 752 1084 778 et
1101 746 1136 777 id
1153 756 1259 787 genus
1281 747 1355 778 aliis
1380 747 1563 779 fruticibus
1587 748 1647 789 qui

940 796 1110 836 gradatim
1127 792 1482 828 modicis'intervauis
1504 796 1648 839 inflecti,

940 847 1147 888 annectique
1164 850 1198 878 et
1214 846 1431 878 cancellatim
1445 846 1552 888 pangi
1570 857 1648 888 pos-

939 902 1032 930 sunt.
1058 897 1146 929 Plin.
1162 907 1225 929 xv.
1240 898 1305 929 ult.

982 951 1025 980 10
1058 948 1160 989 Ictus]
1194 948 1336 980 Calores
1363 947 1455 980 solis.
1501 949 1577 980 Νοπ
1599 949 1648 980 ila

941 998 1068 1030 Romuli
1079 998 1314 1039 praescriptum]
1352 999 1430 1030 Non
1447 1000 1508 1039 ita,
1524 1000 1647 1040 inquit,

941 1049 1075 1080 Romuli
1086 1054 1123 1081 et
1138 1049 1277 1081 Catonis
1290 1049 1451 1090 auspiciis
1468 1050 1650 1091 praescrip·

941 1103 1014 1130 tum
1045 1103 1119 1130 est:
1160 1099 1328 1130 Catonem
1358 1099 1503 1131 Romulo
1525 1099 1648 1140 adjun-

942 1158 1037 1190 gens,
1051 1149 1141 1190 quod
1166 1150 1216 1180 vir
1239 1149 1297 1181 ille
1322 1150 1460 1181 exotica
1482 1151 1596 1181 omnia
1610 1155 1650 1182 et

944 1201 1127 1240 peregrina
1157 1199 1410 1239 detestabatur,
1437 1200 1573 1232 Graecis
1598 1200 1649 1231 in·

943 1250 1161 1282 festissimus.
1205 1250 1343 1290 Intonsi]
1379 1251 1506 1282 Notum
1531 1255 1648 1283 autem

944 1310 1044 1342 quam
1066 1310 1143 1332 sero
1171 1301 1287 1333 Romae
1316 1306 1470 1332 tonsores
1492 1301 1555 1333 visi
1573 1300 1650 1333 fue-

945 1352 1034 1390 rint3
1057 1351 1148 1382 unde
1163 1353 1174 1369 ‘
1189 1351 1321 1382 barbati
1334 1351 1343 1363 ¹
1359 1355 1461 1392 atque
1476 1351 1486 1369 ‘
1501 1351 1628 1383 intonsi
1639 1351 1650 1365 '

943 1409 1005 1441 pro
1022 1402 1186 1442 antiquis.
1210 1402 1355 1432 Torreat.

986 1453 1026 1482 11
1052 1449 1294 1490 Praescriptum]
1323 1451 1558 1491 Praeceptum,
1572 1451 1648 1483 Me-

941 1500 1034 1541 taph.
1049 1499 1156 1532 ducta
1167 1511 1186 1531 a
1204 1499 1460 1540 ludimagistris.

984 1553 1026 1582 12
1048 1550 1224 1592 Auspiciis]
1255 1550 1404 1591 Legibus
1420 1555 1457 1583 et
1471 1554 1648 1592 potestate

941 1601 1075 1633 Romuli
1091 1603 1209 1633 Romae
1226 1601 1430 1637 conditoris,
1453 1605 1491 1633 et
1507 1601 1649 1633 Catonis

940 1651 1080 1688 intonsi,
1094 1652 1128 1684 id
1144 1656 1210 1688 est,
1227 1651 1350 1682 hirsuti
1366 1656 1402 1682 et
1418 1652 1539 1683 severi.
1589 1652 1648 1684 Ve-

940 1706 1042 1734 terum
1072 1701 1196 1741 norma]
1235 1702 1324 1733 vitae
1356 1701 1486 1732 scilicet
1518 1703 1649 1742 regula,

941 1762 1042 1794 quam
1055 1753 1153 1784 nobis
1169 1752 1212 1783 ad
1230 1751 1411 1782 vivendum
1429 1751 1649 1792 praescripse-

944 1806 1035 1838 runt,
1051 1812 1178 1844 suoque
1194 1802 1354 1842 exemplo
1370 1800 1650 1841 comprobarunt.

941 1851 1058 1884 Lubi'n.

987 1904 1027 1934 13
1051 1901 1204 1932 Privatus
1216 1901 1281 1931 illis
1293 1900 1418 1941 census]
1434 1900 1490 1932 Illi
1507 1908 1648 1941 parvam

943 1955 980 1984 et
1002 1956 1183 1993 augustam
1205 1951 1380 1984 habebant
1406 1960 1479 1982 rem
1500 1949 1649 1983 familia-

943 2010 1026 2034 rem.

985 2053 1027 2083 14
1052 2051 1222 2082 Commune
1245 2049 1408 2091 magnum]
1446 2050 1650 2092 Rempubli-

943 2111 1018 2134 cam
1046 2101 1161 2142 magni
1196 2101 1424 2133 aestimabant.
1470 2102 1571 2133 Nulla
1595 2102 1649 2132 de-

941 2151 1093 2193 cempedis
1121 2151 1258 2192 Metam,
1284 2151 1355 2192 mn]
1391 2150 1648 2192 Dccempedam

942 2203 1095 2235 nominat
1120 2202 1285 2233 Horatius
1311 2201 1483 2233 metandis
1509 2201 1649 2242 portici-

941 2254 1016 2286 bus.
1059 2253 1228 2285 Fortassis
1258 2262 1323 2284 nec
1357 2252 1572 2293 decempeda
1600 2251 1648 2283 ibi

940 2305 986 2336 sit
1009 2303 1211 2344 accipienda
1234 2303 1277 2334 de
1301 2303 1437 2343 pertica
1452 2303 1571 2334 decem
1588 2311 1649 2342 pe-

940 2357 1001 2387 des
1019 2356 1122 2396 longa
1134 2354 1318 2386 metiundis
1334 2352 1528 2394 porticibus
1544 2356 1647 2392 apta:

941 2405 1035 2437 aliud
1071 2405 1200 2446 quippe
1231 2402 1401 2443 ‘metari,'
1430 2402 1560 2443 eligere
1592 2402 1648 2431 vel

941 2460 1052 2486 metas
1079 2463 1209 2495 ponere
1232 2458 1268 2485 et
1293 2452 1530 2484 constituere:
1555 2449 1647 2482 aliud

939 2507 950 2524 ‘
964 2504 1102 2543 metiri:
1115 2513 1326 2543 mensurare,
1339 2503 1392 2534 vel
1405 2501 1550 2533 definire
1563 2504 1648 2542 quot

941 2554 1067 2596 pedum
1085 2555 1138 2585 vel
1156 2563 1314 2593 passuum
1337 2553 1383 2584 sit
1399 2553 1497 2583 locus
1513 2550 1647 2591 aliquis.

942 2606 1033 2645 Ergo
1058 2605 1099 2635 de
1115 2613 1196 2635 area
1219 2603 1370 2643 porticus
1388 2610 1450 2641 per
1465 2600 1647 2641 decempe-

941 2655 1021 2686 dam
1036 2653 1197 2685 metanda
1209 2657 1245 2683 et
1268 2651 1447 2691 dirigenda
1462 2650 1505 2682 ad
1520 2651 1646 2683 lineam

943 2705 1082 2737 videtur
1097 2703 1291 2743 intelligere
1316 2700 1440 2741 Poeta,
1455 2710 1523 2732 non
1538 2700 1582 2733 de
1597 2701 1648 2733 fa-

942 2755 1048 2788 bricae
1072 2762 1231 2786 mensura
1252 2751 1454 2794 colligenda.
1498 2752 1647 2784 Decem-

944 2805 1034 2847 peda
1050 2813 1129 2835 vero
1145 2813 1188 2834 an
1212 2811 1325 2843 groma
1347 2801 1466 2840 fuerit,
1479 2801 1557 2833 vide
1571 2803 1644 2834 Sal-

944 2866 1026 2888 mas.
1044 2855 1134 2887 Plin.
1150 2852 1302 2886 Exercit.
1320 2861 1400 2894 pag.
1409 2854 1487 2884 682.
1504 2851 1536 2884 b.
1561 2853 1645 2884 Nul-
