1916 3262
485 326 696 360 uoRAru
728 326 1000 358 GARM1NUM
1035 326 1130 356 mn.
1162 326 1239 356 ιιι.
1269 315 1340 356 26.

215 426 254 456 11
274 423 422 460 Thi-acen,
432 432 468 454 ac
481 421 574 463 pede]
593 418 778 460 Regionem
793 425 871 459 sep-

173 473 416 506 tentrionalem
451 470 716 512 frigidissimam.
785 467 871 499 Pede

171 522 302 555 barbaro
324 521 525 562 Lustratum]
555 519 742 552 Lustratum
766 517 871 549 babet

170 574 322 614 optimu
350 571 473 612 codex,
498 579 564 603 nec
589 567 678 601 male
706 566 871 600 fortassis.

170 622 356 655 Lustratum
375 626 490 654 antem
511 620 589 662 pede
611 618 745 650 barbaro
769 617 871 656 dixit,

170 676 209 704 ut
219 672 317 714 Virg.
327 673 338 690 ⁴
345 672 618 711 Bacchatamque
620 668 716 710 jugis
727 666 876 700 Naxon!

169 722 229 762 Et,
254 724 265 741 ‘
280 722 479 764 Virginibus
503 719 669 754 bacchata
693 715 876 750 Lacaenis.’

172 772 318 805 Torreat.

213 823 256 853 12
284 818 472 861 Rhodopen]
513 817 672 850 Thraciae
709 820 872 857 montem,

166 879 267 913 quem
280 870 429 902 Thraces
445 869 582 902 barbari
599 871 799 910 peragrant,
814 871 873 898 ant

166 920 272 952 sacris
286 919 428 959 Bacchi,
443 923 479 951 et
490 918 690 951 Maenadum
706 922 797 950 coetu
814 926 871 949 ce-

164 970 301 1002 lebrant
312 975 350 1002 et
365 970 552 1011 illustrant,
568 968 712 1010 Orpheo
727 967 871 1009 primum

165 1019 336 1052 imitante.
385 1019 430 1052 Ut
443 1018 535 1059 libet]
555 1018 623 1050 Pro
638 1018 758 1049 mirum
772 1026 871 1059 quam

166 1069 268 1105 libet,
291 1074 328 1101 et
351 1068 581 1111 supplendum
604 1073 668 1104 est.
690 1077 752 1099 non
772 1077 870 1100 ucu-

166 1118 375 1152 Glareanus.
422 1119 467 1151 Ut
486 1118 566 1150 mihi
580 1117 686 1158 devio]
709 1117 786 1150 Quo
802 1127 870 1150 mo-

165 1166 213 1199 do
227 1167 308 1199 mihi
322 1167 407 1199 libet
427 1176 448 1198 a
468 1168 522 1198 via
539 1167 665 1198 usitata
686 1165 871 1206 aberranti,

165 1217 202 1249 id
228 1220 295 1259 est,
318 1226 437 1249 versus
460 1217 586 1258 lyricos
608 1216 784 1256 scribenti,
804 1215 867 1248 flu-

165 1267 259 1299 mina
294 1273 332 1300 et
363 1267 536 1299 desertum
571 1276 691 1298 nemus
724 1265 865 1298 mirari?

166 1317 176 1333 ‘
188 1317 276 1349 Sunt
297 1317 372 1349 liaec
390 1317 495 1349 verba
513 1315 634 1348 Poe'tae
653 1315 867 1354 admirantis,

164 1374 232 1397 non
253 1370 334 1397 sunt
354 1364 617 1406 comparationis
639 1363 802 1404 redditio,
827 1367 867 1395 ut

164 1414 262 1446 multi
276 1412 501 1445 existimant:

207 1464 248 1494 13
272 1461 389 1503 Ripae]
426 1461 584 1494 Muretus
611 1459 717 1501 Rupes
740 1459 864 1492 substi-

163 1511 243 1545 tuit·
299 1511 438 1545 Varenum
462 1510 586 1552 nemus]
620 1511 820 1547 Desertum,
847 1520 868 1542 a

164 1563 313 1595 tumultu
342 1566 380 1595 et
405 1562 554 1604 strepitu
574 1561 734 1603 liberum,
755 1570 865 1594 semo·

165 1617 236 1646 tum
252 1623 274 1646 ι
288 1612 427 1655 populo.
457 1613 556 1653 Cruq.

207 1667 250 1697 14
274 1665 305 1696 0
331 1664 494 1696 Naiadum
518 1662 646 1705 polens]
680 1661 713 1695 Ο
729 1661 867 1695 Bacche

161 1714 222 1757 qui
236 1717 444 1756 potestatem
454 1712 560 1745 habes
572 1712 608 1744 in
619 1711 774 1745 Naiadea
786 1710 867 1753 (flu-

163 1764 295 1796 viorum
313 1757 508 1805 Nymphae)
520 1766 558 1795 et
572 1762 608 1793 in
622 1761 778 1793 Bacchas
789 1765 868 1793 tuas

162 1814 373 1854 sacerdotes,
387 1823 466 1856 qnae
483 1817 542 1846 tuo
559 1812 697 1843 numine
713 1811 870 1852 percitae,

165 1867 311 1904 poesunt
323 1871 430 1903 supra
444 1861 532 1893 vires
543 1861 709 1892 humanas
719 1860 789 1892 suis
799 1869 869 1892 ma-

164 1913 265 1945 nibus
281 1911 434 1944 fraxinos
447 1915 620 1942 evertere.

210 1966 251 1996 17
273 1963 343 1995 Aut
366 1961 478 1994 humili
498 1959 602 2001 modo]
627 1959 726 1992 Libri
748 1960 869 2002 optimi

165 2013 316 2056 quinque
329 2012 446 2049 humile
459 2011 598 2043 habent.

210 2065 250 2095 18
277 2062 379 2094 Dulce
399 2059 586 2102 periculum]
632 2061 868 2093 Periculosum

163 2116 230 2154 est,
243 2120 265 2143 ο
278 2111 432 2151 Bacche,
443 2119 499 2142 res
518 2115 588 2142 tam
612 2119 752 2151 magnas
766 2114 804 2142 et
819 2110 868 2141 in-

163 2161 299 2194 auditas
319 2160 448 2201 dicere,
460 2164 497 2192 at
512 2159 614 2192 dulce
629 2165 683 2192 est
697 2159 732 2191 id
749 2159 866 2192 facere

162 2212 243 2245 Deo
257 2211 418 2252 ducente,
432 2210 491 2254 qni
506 2210 608 2242 viridi
632 2209 793 2252 pampino
809 2219 867 2242 co-

162 2266 275 2297 ronat.
290 2271 376 2304 quos
387 2261 508 2293 charos
524 2260 641 2293 babet.

210 2315 249 2344 1⁹
265 2312 295 2343 0
310 2310 440 2352 Len-ee]
463 2310 591 2343 Bacchi
607 2317 644 2342 et
660 2310 722 2342 hoc
738 2318 866 2350 cogno·

156 2370 242 2394 -men
259 2365 326 2403 eat,
339 2366 376 2393 et
390 2360 528 2403 quidem
543 2361 719 2396 Graecum.
733 2359 795 2392 ἀπὸ
807 2360 867 2391 τοῦ

161 2414 272 2452 ληνοῦ.
295 2413 330 2445 id
349 2417 416 2454 est,
437 2422 458 2443 a
478 2412 642 2451 torculari,
664 2421 730 2452 quo
753 2412 867 2444 vinum

161 2462 380 2502 exprimitur,
394 2460 594 2491 deductum.
639 2460 794 2493 Donatus
813 2465 865 2493 ta-

162 2520 242 2543 men
258 2510 417 2542 Latinum
433 2508 571 2541 efficere
593 2514 736 2542 conatus
759 2515 827 2552 est,
846 2521 867 2542 a

164 2561 175 2578 ‘
190 2559 375 2593 leniendo:
404 2559 502 2600 Virg.
518 2558 646 2600 Georg.
668 2560 680 2578 ‘
692 2559 770 2592 Huc
785 2560 866 2592 ades

163 2622 185 2645 ο
202 2612 328 2645 Lenaee
343 2609 465 2652 pater:
493 2609 612 2647 Ληναῒα
623 2619 760 2652 quoque
775 2610 868 2642 festa

164 2662 384 2703 Dionysiaca.
450 2660 542 2692 Hinc
578 2660 706 2692 Iaenoeos
746 2661 866 2694 latices.

163 2713 322 2746 Bacchus
336 2719 417 2742 anne
428 2710 520 2742 nullo
531 2710 667 2741 nomine
677 2709 866 2743 Athenien·

162 2762 255 2794 sibus
275 2759 446 2793 celebrior
461 2758 539 2791 suit.
568 2759 711 2791 Torreat.
759 2761 790 2792 0
804 2760 865 2793 Le-

161 2812 246 2853 naee]
269 2810 427 2844 Bacchus
444 2809 603 2842 Lenaent·
617 2809 784 2852 [Guelpb.
797 2820 866 2844 non

162 2862 319 2905 agnoscit
330 2859 369 2892 τὸ
383 2859 459 2900 εει]

1513 316 1626 358 1483

924 417 1007 450 One
1023 425 1128 449 xxvr.
1162 416 1394 458 Προσευκτυεή.
1426 415 1484 447 An
1504 416 1628 451 Vena-

967 475 1058 499 num.
1111 466 1300 498 Senectute
1330 465 1404 507 jam
1434 463 1627 506 confectus,

966 517 1049 558 lyrae
1070 520 1107 548 et
1128 515 1229 548 rebus
1250 516 1424 548 amatoriis
1454 514 1629 548 valedicit.

965 567 1036 610 [Aa
1066 567 1217 600 Venerem
1245 566 1394 608 loquitur,
1425 566 1507 606 quod
1532 575 1629 606 neque

966 627 1081 654 amare,
1100 627 1199 658 neque
1222 617 1359 650 seribere
1375 616 1476 658 possit
1500 618 1629 657 propter

966 671 1094 700 etatem
1115 667 1319 709 Bamberg]

966 720 985 749 1
1014 716 1093 750 Vixi
1115 717 1226 758 puellis
1250 714 1363 757 nuper]
1398 715 1454 747 Ne
1476 714 1629 756 cogitato

923 766 1104 800 Horatium
1135 770 1253 806 aetate,
1273 766 1335 798 sed
1359 764 1483 797 Chloen
1504 763 1628 795 amoris

921 816 1140 859 impatientia
1155 816 1296 853 victum,
1310 815 1386 847 haec
1405 813 1558 846 scribere
1575 822 1628 844 se-

923 867 986 908 rio,
1015 867 1077 899 sed
1108 871 1148 899 ut
1173 866 1226 898 his
1255 865 1352 907 quasi
1379 863 1478 896 minis
1503 862 1627 895 Cbloes

923 917 1070 950 animum
1093 916 1204 949 adhuc
1227 915 1375 957 rigidum
1400 913 1520 946 flectat
1545 922 1628 953 erga

924 977 975 1009 ae,
984 967 1244 1008 mollioremque
1257 966 1358 997 solito
1369 963 1508 997 efficiat.
1531 963 1629 1003 Cruq.

926 1018 1038 1058 Nuper
1058 1016 1200 1058 idm]
1223 1016 1310 1048 Cum
1333 1024 1441 1047 essem
1461 1017 1564 1046 aetate
1580 1013 1629 1045 in-

924 1070 1036 1109 tegra.

967 1121 988 1150 2
1012 1117 1156 1149 Militum·
1180 1126 1240 1148 non
1266 1115 1335 1147 aine
1358 1112 1478 1155 gloria]
1507 1112 1627 1144 Amori

923 1175 1061 1208 operam
1081 1166 1174 1199 dedi.
1208 1165 1312 1197 Ovid.
1336 1164 1347 1182 ‘
1364 1165 1494 1196 Militat
1517 1162 1626 1195 omnis

922 1225 1050 1256 amans,
1065 1222 1100 1248 et
1114 1216 1221 1248 habet
1236 1225 1297 1247 ena
1312 1218 1427 1247 castra
1438 1212 1599 1254 Cupido.’

964 1269 983 1298 ³
1008 1267 1103 1298 Nunc
1123 1265 1229 1306 arma]
1256 1265 1376 1297 Paries
1390 1263 1489 1305 hujus
1505 1262 1627 1303 templi

920 1317 1026 1359 (quod
1054 1317 1183 1349 Veneri
1214 1314 1456 1355 consecratur)
1482 1313 1628 1346 babebit

921 1375 1011 1398 nunc
1030 1375 1125 1398 arma
1147 1375 1224 1397 mea
1247 1364 1422 1403 militaria,
1435 1372 1559 1404 nempe
1574 1362 1629 1394 fu-

920 1415 1024 1454 nalia,
1040 1414 1210 1453 barbiton,
1222 1423 1339 1445 versun
1354 1413 1496 1454 lyricos,
1509 1416 1627 1444 vectes

920 1468 957 1496 et
971 1472 1081 1495 arcun·
1113 1462 1363 1503 Defunctumque
1376 1461 1453 1494 bello
1468 1461 1626 1493 Barbium

921 1515 979 1547 De
993 1513 1138 1545 Bai-bito
1152 1513 1381 1545 instrumento
1396 1511 1541 1553 musico,
1553 1511 1628 1544 dic-

922 1566 995 1596 tum
1010 1571 1037 1596 1.
1054 1563 1124 1596 Od.
1144 1565 1177 1595 1.
1213 1562 1370 1595 venuste
1394 1566 1510 1594 autem
1534 1561 1627 1593 inter

919 1614 1066 1646 Veneris
1088 1623 1182 1645 arma
1202 1617 1383 1646 enumerat
1408 1612 1492 1645 illud
1514 1611 1626 1644 Hora-

921 1664 1002 1706 tius,
1017 1663 1284 1705 defnnctumque
1306 1662 1397 1695 bello
1411 1661 1543 1702 dicens,
1559 1671 1627 1703 quo

921 1723 988 1746 non
1012 1714 1105 1746 ultra
1134 1713 1178 1745 ad
1202 1713 1375 1746 canendas
1397 1721 1452 1744 res
1477 1711 1628 1744 ludicras

920 1763 971 1795 uti
996 1763 1091 1799 velit.
1134 1762 1203 1794 Sua
1222 1766 1339 1794 autem
1368 1761 1474 1793 etiam
1498 1761 1628 1793 Veneri

920 1812 1042 1844 militia
1060 1816 1206 1844 constat.
1235 1813 1379 1844 Torreat.
1424 1811 1630 1850 Defimctum-

920 1872 980 1904 que
994 1862 1071 1894 bello
1082 1862 1256 1904 Bar-bicon]
1281 1863 1328 1895 Et
1345 1861 1521 1902 barbiton,
1535 1861 1627 1904 quod

918 1912 1031 1944 finivit
1045 1918 1082 1944 et
1097 1912 1243 1944 absolvit
1264 1912 1390 1944 bellum
1416 1916 1627 1955 susceptum,

921 1972 1045 1995 amoris
1060 1971 1230 1995 nimirum.

962 2017 982 2045 5
1003 2012 1131 2045 Loevum
1157 2012 1304 2055 ηιατίιιω]
1325 2013 1464 2044 Marinoe
1487 2012 1542 2045 bic
1572 2011 1626 2044 vel

921 2063 1068 2105 simplex
1098 2064 1186 2096 Deae
1216 2064 1406 2105 epithetum
1437 2067 1504 2103 est,
1534 2062 1626 2104 quod

921 2118 997 2146 orta
1025 2114 1112 2145 mari
1135 2113 1295 2150 scilicet3
1322 2113 1414 2145 unde
1438 2118 1474 2145 et
1498 2117 1508 2131 ‘
1526 2113 1627 2145 Pela-

919 2165 1008 2204 giam
1019 2163 1031 2178 '
1044 2169 1088 2196 'et
1109 2165 1119 2182 ‘
1133 2164 1294 2196 Pontiam
1308 2163 1319 2178 '
1340 2163 1460 2196 Graeci
1476 2169 1600 2195 vocant
1616 2174 1623 2194 :

919 2214 976 2245 vel
1005 2213 1180 2246 Venerem
1209 2214 1304 2245 illam
1334 2212 1552 2253 ἂναδυομένην,
1583 2213 1625 2245 ab

919 2263 1079 2305 Augusto
1113 2263 1195 2296 olim
1227 2263 1423 2296 dedicatam
1454 2262 1626 2305 significat

917 2313 1031 2346 Poeta
1046 2313 1321 2345 eruditissimus:
1345 2312 1390 2345 de
1414 2322 1482 2355 qua
1506 2322 1532 2345 ι.
1555 2312 1625 2345 Od.

918 2365 950 2395 8.
974 2363 1032 2395 ubi
1048 2373 1110 2395 cur
1124 2364 1297 2396 Venerem
1322 2368 1482 2406 tanquam
1509 2363 1625 2405 propi-

919 2412 1004 2445 tiam
1031 2412 1270 2454 navigantibus
1294 2414 1445 2452 invocet,
1471 2412 1624 2444 declara-

922 2462 1044 2494 vimus.
1090 2462 1167 2494 Nec
1181 2462 1375 2494 eruditione
1391 2463 1494 2494 etiam
1515 2467 1626 2497 caret,

920 2511 1011 2553 quod
1027 2512 1138 2542 laevum
1158 2511 1287 2543 Veneris
1297 2513 1380 2543 latus
1392 2510 1414 2542 'a
1421 2511 1543 2552 pariete
1556 2519 1624 2542 eus-

921 2560 1018 2592 todiri
1042 2560 1115 2592 ait:
1139 2559 1183 2591 ad
1208 2565 1362 2592 veterem
1383 2560 1473 2591 enim
1494 2568 1624 2590 morem

921 2609 1054 2650 alludit,
1067 2617 1135 2650 quo
1145 2609 1203 2650 qni
1216 2609 1315 2640 alteri
1327 2618 1442 2640 comes
1453 2609 1538 2649 ibat,
1548 2609 1624 2650 ipse

919 2659 1060 2691 fortuna
1075 2659 1199 2700 minor,
1214 2659 1338 2690 laevum
1354 2659 1403 2690 illi
1419 2659 1559 2700 tegebat
1573 2659 1622 2691 la·

919 2714 993 2741 tus:
1010 2713 1047 2740 ut
1062 2717 1103 2740 ιι.
1117 2707 1190 2740 Sat.
1204 2712 1236 2740 5.
1250 2707 1453 2740 videbimus.
1478 2709 1623 2742 Tor-reue.

918 2759 1000 2792 Vid.
1010 2757 1157 2790 Turneb.
1171 2766 1250 2789 xlx.
1265 2759 1318 2790 17.
1347 2757 1476 2790 Loevum
1489 2759 1622 2791 marinoe

917 2808 987 2850 qui]
1014 2808 1055 2840 ld
1079 2811 1144 2848 est,
1167 2807 1293 2848 paries,
1305 2808 1362 2850 qni
1378 2807 1550 2849 proximus
1567 2814 1621 2841 est

916 2861 1008 2892 laevo
1022 2858 1122 2891 lateri
1134 2858 1279 2891 Veneris
1304 2858 1455 2901 mnrinae,
1475 2857 1528 2900 (id
1553 2863 1619 2901 est,
