1916 3262
546 248 900 281 ErisronARUM
936 250 1030 282 mn.
1065 251 1116 282 11.
1147 241 1188 282 2.

1460 243 1569 287 1251

129 343 309 386 Scilicet
329 347 377 386 ut
395 355 574 398 possem
595 357 729 386 curvo
749 343 1006 398 dignoscere
1025 349 1204 395 rectum,

127 410 277 465 Atque
294 411 406 453 inter
424 411 578 465 sylvas
595 410 808 454 Academi
829 425 1021 466 quaerere
1040 426 1206 454 verum.

1516 415 1572 456 45

126 477 252 519 Dura
270 478 348 519 sed
368 491 571 520 emovere
590 479 694 520 loco
714 493 782 520 me
803 483 1004 533 tempora
1023 485 1148 533 grato
1165 494 1176 533 ;

127 543 369 599 Civilisque
389 542 538 587 rudem
558 546 664 587 belli
686 547 785 588 tulit
805 551 937 589 aestus
957 548 1002 588 in
1023 560 1162 597 arma,

128 611 320 654 Caesaris
338 611 531 666 Augusti
547 626 632 654 non
649 627 917 668 responsura.
934 615 1129 657 lacertis.

127 677 258 720 Unde
278 680 407 721 simul
427 681 618 734 primum
638 695 706 723 me
726 681 935 724 dimisere
954 682 1167 736 Philippi,

126 746 307 788 Decisis
325 746 531 788 humilem
553 749 725 801 pennis,
744 749 1011 805 inopemque
1030 750 1203 804 paterni

1515 753 1572 794 50

126 811 185 853 Et
203 812 307 854 laris
325 819 370 855 et
386 813 524 866 fundi,
544 822 782 870 paupertas
802 818 976 872 impulit
993 817 1144 859 audax

126 879 191 922 Ut
210 893 366 923 versus
386 882 572 924 facerem
589 897 600 925 :
631 884 725 934 sed,
746 885 862 939 quod
883 898 969 927 non
989 885 1118 935 desit,
1140 885 1373 928 habentem

127 947 243 998 Quae
262 953 466 1002 poterunt
485 963 679 1012 unquam
702 952 812 994 satis
829 964 1075 1007 expurgare
1096 952 1270 1002 cicutae,

125 1082 281 1123 aliquanto
299 1084 371 1125 plus
393 1086 541 1118 doctrinae
563 1086 756 1118 contulerunt
766 1097 779 1124 ;
803 1096 910 1128 nempe
925 1089 959 1118 ut
979 1095 1098 1117 nossem
1116 1095 1248 1126 pravum
1266 1084 1304 1116 ab
1319 1085 1443 1118 honesto
1457 1085 1572 1116 ‹listin-

121 1133 230 1162 guere,
250 1136 288 1157 αι·
311 1127 474 1162 veritatem
489 1129 637 1168 indagare
659 1129 693 1159 in
714 1138 835 1160 nenwre
856 1128 1016 1160 Academi.
1059 1127 1122 1159 Sed
1142 1127 1336 1164 infortunata
1352 1131 1488 1168 tempor-n
1502 1127 1573 1157 ahs-

124 1169 291 1199 traxerunt
305 1178 352 1200 me
364 1169 430 1201 loco
443 1171 580 1209 jucundo
591 1181 604 1208 ,·
624 1174 655 1202 et
669 1171 774 1202 civiles
786 1170 905 1211 fluctus
918 1170 1041 1201 militia
1055 1170 1231 1209 imperitum
1245 1170 1429 1210 appulerunt
1453 1171 1494 1200 ad
1516 1178 1573 1199 ex—

124 1210 253 1240 ercitum
272 1220 462 1252 nequaquam
480 1222 590 1252 parem
605 1212 722 1244 viribus
735 1213 875 1252 Augusti
893 1213 1040 1244 Caesuris.
1089 1213 1178 1243 Unde
1195 1213 1304 1243 statim
1318 1215 1352 1242 ut
1370 1211 1509 1251 Philippi
1525 1220 1572 1241 me

124 1257 302 1283 exeruerunt
318 1253 467 1292 abjectum
482 1256 651 1294 amputatis
665 1255 736 1294 ulis,
748 1255 971 1295 spoliatumque
984 1255 1072 1284 domo
1087 1257 1117 1285 et
1133 1254 1220 1284 bonis
1229 1254 1381 1294 paternis,
1402 1255 1507 1284 audax
1522 1254 1571 1282 in·

123 1294 193 1332 opia
207 1295 315 1334 adegit
328 1298 466 1328 carmina
480 1306 667 1336 componere.
713 1298 806 1327 Nunc
830 1300 933 1327 autem
954 1296 1116 1335 possidens
1140 1300 1288 1335 quantum
1312 1296 1438 1336 sufficit,
1465 1294 1573 1335 quibus

729 1397 966 1411 oooooooooooo

123 1474 206 1507 sian.
218 1477 248 1507 1.
272 1484 292 1506 a
304 1484 348 1507 m.
370 1484 439 1507 sec.
458 1476 530 1516 plus
540 1474 734 1507 wadia—44
751 1474 878 1506 Scilicet
893 1478 926 1506 ul
942 1475 1048 1506 vellem
1064 1475 1203 1507 Harl.3.
1219 1480 1366 1518 quatuor
1381 1477 1470 1517 Feoe,
1485 1487 1570 1510 nnus

122 1517 234 1549 Pulm-
249 1517 374 1558 aliique
390 1518 490 1550 codd.
506 1528 560 1558 ap.
578 1518 723 1558 Cuning.
745 1521 780 1549 ut
798 1518 914 1558 possim
933 1518 1052 1558 viginti
1070 1519 1171 1549 codd.
1187 1529 1243 1559 ap.
1260 1520 1374 1559 Feam,
1389 1520 1570 1560 Bamberg.

122 1566 158 1590 et
184 1569 267 1591 unns
291 1569 346 1600 ap.
367 1560 478 1591 Pulm.
511 1562 667 1591 dinoscere
682 1560 954 1600 Bamberg.—‹16
977 1560 1132 1600 Angelic.
1147 1564 1181 1592 2.
1203 1562 1374 1593 obmovere.
1420 1563 1500 1594 Vat.
1518 1566 1570 1595 17.

121 1611 281 1638 amnem,-
302 1602 350 1634 ita
367 1603 423 1633 alii
441 1603 523 1634 Mss.
540 1602 631 1644 apud
654 1603 767 1634 Pulm.
781 1603 858 1634 Val.
876 1602 959 1634 adit.
976 1603 1092 1634 Princ.
1107 1608 1142 1634 et
1159 1603 1281 1643 priscae
1298 1604 1372 1634 aliae
1389 1604 1571 1642 editiones,

121 1644 230 1676 Aldus
246 1647 339 1676 1501.
354 1647 448 1677 1509.
467 1648 560 1676 1519.
582 1645 690 1678 Jnnta
708 1647 802 1676 1503.
818 1644 974 1676 Britann.
986 1648 1081 1676 1520.
1104 1645 1221 1676 Basill.
1235 1648 1330 1677 1527.
1350 1649 1443 1677 1531.
1467 1647 1572 1678 Dion.

123 1686 166 1718 ab
183 1686 308 1718 Har-sio
322 1687 431 1727 Lugd.
448 1689 542 1719 1538.
566 1687 612 1719 Η.
634 1687 750 1726 Steph.
768 1687 874 1718 Cliab.
896 1688 940 1718 1).
958 1688 1077 1718 Heius.
1092 1687 1256 1727 Desprez,
1273 1689 1470 1719 Eoum—49
1497 1689 1571 1719 Inde

121 1729 213 1760 simul
227 1729 308 1760 Vat.
325 1730 437 1760 Palat.
450 1732 569 1761 4.-50
591 1729 673 1761 Vat.
690 1729 788 1760 Rom.
803 1731 835 1760 8.
857 1729 1013 1761 Vallicel.
1029 1731 1061 1760 1.
1085 1734 1121 1759 et
1137 1739 1221 1760 unus
1236 1739 1291 1769 ap.
1309 1730 1421 1760 Pulm.
1454 1730 1572 1769 pinnis.

123 1773 208 1802 -52
232 1769 312 1801 vat.
331 1773 382 1803 12.
409 1776 444 1801 et
467 1771 625 1802 Vallicel.
643 1774 672 1801 l.
695 1772 748 1801 sed
771 1780 831 1801 mm
858 1771 1035 1810 quom—53
1057 1771 1198 1810 Septem
1224 1771 1326 1802 codd.
1343 1772 1437 1809 Feae,
1452 1782 1572 1811 expug-

124 1821 219 1849 tam
242 1812 292 1844 ita
313 1812 458 1853 cuning.
483 1821 526 1843 ex
556 1821 622 1843 uno
651 1812 728 1843 cod.
751 1821 897 1853 eumque
926 1817 1064 1844 secutus
1093 1812 1236 1853 Dorigh.
1273 1822 1446 1854 expurgare
1466 1814 1572 1856 Sicyae

774 1907 918 1940 NOTAE

165 1986 206 2015 45
223 1983 314 2014 Inter
326 1984 431 2025 sylvas
448 1982 612 2024 Academi]
632 1982 820 2015 Academia

122 2033 215 2064 locus
230 2032 374 2064 Athenis
397 2032 623 2072 suburbanus,
643 2031 818 2064 arboribus

97 2080 109 2086 ’
123 2081 238 2113 multis
260 2090 421 2122 ammaus,
442 2082 623 2113 illustrium
643 2082 747 2114 etiam
770 2082 818 2113 vi-

122 2141 237 2163 rorum
265 2132 494 2165 monumentis
529 2136 725 2172 exornatus,
758 2132 816 2164 ubi

122 2183 375 2225 Philosophiam
404 2184 532 2226 primus
558 2185 674 2217 docuit
701 2185 815 2218 Plato.

124 2233 268 2275 Diogen.
294 2234 407 2267 Laiirt.
441 2234 512 2267 Alii
536 2245 659 2268 nomen
682 2237 822 2268 trahunt

125 2284 168 2315 ab
185 2283 356 2316 Academo
372 2284 429 2326 qui
453 2285 622 2325 porticum
646 2285 692 2317 ibi
715 2295 820 2327 quon-

124 2333 200 2364 dam
214 2337 448 2366 exstruxerat:
471 2334 527 2366 alii
543 2345 563 2366 a
579 2334 718 2367 Cadmo.

167 2385 210 2414 46
221 2382 314 2414 Dura
326 2385 380 2415 sed
393 2393 530 2416 emovere
545 2386 620 2424 loco,
632 2385 703 2428 esa]
720 2385 820 2417 Bello

125 2440 248 2471 nempe
258 2431 349 2463 civili
363 2431 543 2474 flagrante,
556 2435 684 2467 Brutus
700 2435 822 2466 adver·

126 2490 182 2512 sus
194 2480 380 2521 Augustum
395 2483 559 2524 colligens
576 2485 704 2526 copias,
715 2485 821 2518 Athe-

124 2531 178 2562 nis
193 2531 258 2562 iter
273 2531 388 2562 habuit
402 2531 437 2562 in
453 2532 689 2566 Macedoniam
704 2546 714 2574 ;
729 2535 818 2566 unde

125 2581 306 2613 Horatium
330 2586 364 2612 et
385 2581 466 2612 alios
488 2582 652 2622 quosdam
672 2584 819 2623 juvenes

125 2631 295 2662 Romanos
309 2630 355 2661 ibi
376 2629 485 2661 literis
506 2630 740 2663 incumbentes
761 2633 818 2664 ab·

125 2679 246 2712 duxit:
269 2685 420 2712 nostrum
435 2689 516 2712 vero
531 2679 677 2711 Poe'tam
698 2681 819 2712 Tribu-

125 2738 204 2763 num
216 2729 360 2761 militum
370 2729 557 2768 constituit,
567 2730 719 2772 quamvis
730 2734 738 2748 ‘
749 2730 820 2764 bel-

126 2779 150 2812 li
168 2778 309 2820 rudem,’
325 2783 362 2811 ut
379 2783 486 2820 patet.

914 1985 959 2014 48
974 1983 1111 2015 Coesaris
1124 1982 1277 2024 Augusti,
1291 1982 1362 2024 ξω]
1387 1983 1571 2015 Commode

872 2037 1081 2064 assentatur.

912 2085 955 2115 49
976 2083 1034 2114 Me
1054 2082 1197 2115 dimisere
1212 2082 1373 2124 Philippi]
1398 2081 1452 2114 Ad
1470 2091 1570 2124 quam

870 2133 988 2165 urbem
1011 2133 1046 2164 in
1064 2133 1273 2164 Thessalicis
1289 2132 1419 2174 campis
1436 2131 1572 2173 Augus·

873 2188 927 2216 tus
966 2185 1111 2216 Brutum
1146 2183 1351 2226 profligavit.
1408 2182 1497 2213 Vide
1527 2189 1571 2213 ιι.

873 2234 942 2266 Od.
958 2237 991 2267 7.

915 2287 958 2316 50
981 2284 1106 2317 Dec-isis
1128 2286 1274 2317 humilem
1291 2283 1496 2326 pennis‚&c.]
1523 2283 1570 2314 A·

873 2333 981 2366 missis
997 2334 1166 2376 dignitate
1183 2339 1218 2366 et
1234 2335 1439 2377 patrimonio
1465 2333 1570 2365 etiam

873 2393 934 2424 per
950 2385 1243 2426 proscriptionem.

914 2437 956 2465 ⁵3
981 2435 1118 2475 Cicutoe]
1143 2435 1223 2466 Non
1238 2437 1289 2465 est
1305 2433 1392 2475 quod
1418 2442 1481 2465 vox
1496 2432 1569 2464 haec

871 2483 958 2516 adeo
975 2489 1134 2526 torqueat
1156 2484 1381 2525 Interpretes‚
1403 2491 1484 2515 sane
1509 2489 1570 2521 pro

872 2534 1021 2566 elleboro
1039 2533 1162 2573 posita.
1200 2533 1290 2564 Nam
1303 2538 1340 2563 et
1355 2532 1510 2563 Avicena
1523 2528 1570 2559 ci-

872 2588 984 2616 cutam
997 2587 1095 2614 vocat
1107 2583 1240 2622 nigrum
1254 2581 1474 2612 helleborum.
1498 2577 1570 2609 Ita-

871 2642 938 2674 que
955 2641 1070 2664 sensus
1085 2635 1137 2661 est
1152 2641 1160 2661 z
1185 2631 1321 2662 Quanta
1333 2633 1424 2660 esset
1439 2626 1572 2660 insania

872 2691 960 2721 mea,
977 2681 1005 2711 si
1019 2678 1207 2711 scribendis
1217 2678 1371 2710 versibus
1385 2678 1568 2710 etiamnum

873 2735 979 2772 caput
1001 2729 1223 2761 obtunderem
1250 2727 1511 2770 frangeremve?
1534 2730 1570 2758 et

874 2789 947 2822 quae
973 2777 1165 2820 frigidiores
1185 2778 1299 2812 herbae
1318 2781 1456 2821 possent
1482 2781 1567 2809 tem·
