1890 3230
474 297 681 329 HORA'ru
715 297 992 329 SERMONUM
1027 298 1120 328 Lm.
1156 298 1206 328 ΙΙ.
1236 288 1277 328 4.

149 393 254 426 Hunc
268 397 401 426 versum·
424 394 473 426 sic
497 394 663 434 intelligo,
685 398 723 424 nt
745 394 846 425 muri·

147 453 223 475 cem
248 444 428 484 Baianum,
452 448 488 476 et
517 444 698 475 Lucrinam
726 443 846 483 pelori-

146 493 226 526 dem
240 495 364 527 ceteris
379 494 516 535 quidem
538 494 590 525 sui
609 493 743 534 generis
759 502 845 533 prae-

146 544 463 587 ferun-peloridem
487 549 599 575 tamen
613 543 733 574 marici
750 547 844 575 ante·

147 597 263 634 ponat.
305 594 432 626 Errant
461 594 550 624 enim
577 589 712 624 reteres
742 593 844 624 iuter-

146 649 275 685 pretet,
289 644 345 686 qui
360 644 411 676 ita
427 647 615 684 exponunt,
630 647 669 674 ut
688 642 845 674 meliores

145 691 292 726 muriceo
319 694 354 726 in
385 694 530 726 Lucrino
557 692 647 732 sinu,
675 702 775 734 quarn
809 692 843 723 in

147 742 279 776 Baiano
315 743 442 780 littore,
475 742 551 783 capi
581 741 675 773 dicat
711 741 843 773 Catius.

146 790 319 827 niffen-unt
353 793 442 824 enim
468 791 583 833 specie
614 791 777 823 ‘murex'
808 795 845 823 et

145 841 320 882 ‘peior-is?
355 846 498 882 utraque
528 840 664 882 quidem
695 840 843 871 concha:

147 891 210 923 sed
235 891 384 932 ‘peloris
398 891 408 905 '
433 891 524 923 iuter
546 890 682 923 chamas
703 889 843 928 habita;

146 949 222 982 qum
251 950 272 972 a
300 939 439 981 reliquis
467 940 603 971 conchis
633 948 674 970 eo
701 939 845 970 maxime

145 989 288 1031 distant,
301 991 391 1032 quod
406 999 542 1031 semper
556 990 655 1021 hiant
670 994 705 1021 et
722 994 844 1021 testam

147 1045 302 1082 apertam
331 1045 453 1079 gerunt
484 1040 545 1072 ἀπὸ
579 1041 636 1072 τοῦ
671 1038 844 1082 κεχῃνέναι,

148 1091 240 1123 unde
266 1095 303 1122 et
331 1085 518 1122 ‘biatulas'
547 1091 698 1122 nonnulli
727 1091 845 1131 appel-

146 1141 242 1173 lant:
265 1141 275 1158 ‘
289 1140 434 1172 murices
448 1139 456 1152 ’
472 1149 551 1172 vero
571 1140 674 1182 (dicti
695 1150 714 1172 a
731 1140 844 1172 simili-

147 1190 266 1222 tudine
278 1191 443 1222 muricum
458 1189 658 1232 ferreorum,
674 1190 732 1232 qui
748 1190 846 1221 Grae-

147 1249 188 1271 ce
204 1240 349 1280 τρίβνλοι
364 1245 539 1275 vocantur,
552 1249 692 1280 quorum
704 1240 739 1271 in
756 1240 846 1272 bello

148 1290 192 1321 ad
207 1290 347 1327 insidias
362 1289 457 1331 usus)
472 1290 558 1322 clusi
574 1295 674 1329 suut;
708 1297 744 1322 et
762 1289 846 1322 flore

147 1340 256 1381 magis
292 1349 390 1381 quam
420 1344 519 1380 gustu
555 1341 848 1382 commendantur,

147 1389 236 1421 sicut
252 1395 287 1421 et
307 1399 480 1431 purpurae.
525 1390 610 1422 Jure
633 1391 747 1432 itaque
767 1393 846 1432 ‘pe-

145 1437 289 1474 loridem
300 1439 309 1452 '
318 1442 495 1481 anteponit
504 1440 635 1479 Catius,
644 1450 845 1482 quamquam

148 1493 185 1521 et
205 1490 337 1521 murices
351 1491 384 1521 iu
407 1489 592 1531 pontificali
608 1490 665 1520 illa
679 1491 846 1522 Macrobii

149 1548 246 1570 coena
271 1539 482 1579 referuntur,
520 1549 584 1571 nec
614 1542 624 1558 ⁴
639 1540 847 1580 peloridem'

148 1586 332 1620 admodum
378 1589 502 1629 probat
538 1588 722 1628 Martialis,
757 1598 846 1620 nunc

146 1647 430 1680 aquosamsnunc
452 1637 579 1670 fatuam
603 1639 791 1678 nominans,
809 1647 845 1670 x.

147 1689 203 1719 ³⁷.
227 1687 371 1720 Tor-rent.
414 1689 553 1719 Lucrina
562 1687 690 1728 peloris]
715 1689 846 1720 Peloris

147 1737 182 1768 in
193 1737 268 1771 sinu
281 1737 430 1768 Lucrino
443 1741 556 1776 capta.

139 1803 145 1814 v
191 1788 233 1817 ⁸3
257 1786 372 1817 Ostrea
397 1784 533 1825 Circeis]
563 1784 764 1818 Ostreorum
788 1795 847 1817 no-

147 1845 224 1869 men
243 1835 402 1876 generale
417 1844 502 1874 esse,
517 1839 553 1866 et
569 1839 721 1866 testacea
736 1836 847 1868 omnia

148 1885 332 1926 complecti
356 1889 436 1917 aute
451 1884 659 1916 notavimus:
692 1885 752 1916 sed
769 1895 847 1926 spe-

149 1937 265 1969 ciatim
291 1935 334 1967 de
363 1935 404 1967 iis
428 1935 566 1974 dicitur,
592 1944 669 1976 qnae
695 1935 848 1967 omnibus

149 1992 233 2020 nota
247 1991 336 2026 sunt,
350 1990 385 2018 et
400 1989 541 2017 ‘ostreae
552 1985 561 1998 '
581 1994 716 2026 quoque
729 1986 847 2026 appel-

148 2038 284 2069 lantur:
321 2035 462 2076 ‘Olim‚’
490 2042 529 2067 ut
566 2035 676 2077 inquit
706 2036 849 2076 Plinius,

148 2088 158 2105 ‘
172 2096 362 2120 mensarum
374 2087 486 2127 palma
500 2095 540 2116 ac
555 2086 683 2126 gloria3
706 2096 847 2127 quarum

149 2142 326 2179 postquam
351 2135 522 2168 domicilia
550 2135 672 2176 inquiri
700 2145 848 2176 coepere,

148 2196 308 2228 magnum
324 2186 412 2227 gulae
433 2191 606 2216 certamen
623 2184 755 2224 incidit,
769 2195 845 2226 quae

148 2236 224 2268 aliae
254 2235 330 2267 aliis
360 2233 615 2275 praeferantur!
659 2234 748 2265 Catii
780 2236 846 2267 iste

146 2285 282 2325 doctor,
303 2283 444 2316 Circeiis
468 2287 563 2323 nata,
585 2283 722 2324 plurimi
739 2283 843 2316 fecit:

147 2344 223 2377 quae
239 2338 276 2366 et
290 2333 382 2374 apud
394 2333 595 2365 juvenalem
616 2333 690 2363 Sat.
707 2342 759 2365 ιν.
777 2334 845 2365 col-

144 2383 342 2416 laudantur.
386 2382 479 2420 Lego
502 2381 606 2421 igitur
630 2382 764 2413 Circeiis
779 2392 846 2414 non

153 2432 306 2469 eineis,-
329 2440 404 2462 nam
421 2430 547 2462 Circeii
563 2432 690 2471 populi,
706 2432 784 2463 olim
798 2433 847 2464 in-

150 2482 238 2522 sula,
251 2479 380 2521 antiqui
403 2479 492 2511 Latii
512 2479 601 2521 fluis,
622 2486 712 2512 teste
736 2482 848 2514 Plinio

150 2540 206 2564 ιιι.
215 2535 248 2562 5.
273 2530 419 2571 Elegans
433 2535 546 2560 autem
559 2530 719 2571 loquendi
730 2541 847 2572 genus,

155 2581 270 2612 oar-ea
293 2578 445 2610 Circeiis:
478 2580 620 2619 perinde
648 2589 687 2611 ac
712 2581 740 2611 si
767 2582 847 2614 alibi

151 2635 246 2672 nata,
269 2630 296 2662 si
316 2639 394 2662 cum
415 2630 465 2660 his
481 2628 712 2670 conferantur,
728 2632 785 2663 vix
799 2643 848 2665 os-

150 2685 219 2713 trea
245 2680 314 2712 dici
341 2679 490 2720 possint;
527 2679 616 2711 sicut
644 2690 708 2712 nec
737 2683 850 2724 echini,

150 2731 216 2762 nisi
233 2730 276 2762 ad
292 2730 461 2761 Misenum
474 2730 551 2761 orti.
585 2731 850 2775 Notandumque

150 2780 289 2813 echinos
305 2780 358 2810 hic
373 2779 464 2810 inter
479 2784 633 2811 testacea
649 2781 690 2812 ab
707 2782 851 2816 Horatio

152 2831 380 2872 annumerari,
395 2840 436 2862 ex
453 2829 650 2874 Aristotelis
668 2835 850 2867 sententia.

1478 288 1590 331 1721

896 394 1040 426 Torrent.
1087 395 1201 426 Ostrea
1216 393 1362 434 Circoes's]
1385 393 1514 425 Ostrea
1530 395 1595 426 Lu-

895 443 991 474 crina
1020 448 1099 474 sunt
1128 443 1267 475 meliora
1296 443 1417 475 ostreis
1444 442 1595 479 Circaeis,

896 493 954 525 ubi
972 494 1073 526 Circe
1089 492 1158 524 filia
1174 493 1260 524 Solis
1275 492 1452 524 habitavit.
1494 492 1595 523 Mise-

893 553 934 574 no
948 544 1093 575 oriuntur
1114 542 1244 582 Echini]
1275 543 1319 575 Iu
1343 543 1476 574 Miseno
1494 543 1596 574 Baia-

895 602 969 624 rum
994 598 1108 634 portu‚
1123 593 1182 624 ubi
1205 593 1358 624 Misenus
1374 592 1490 624 AEneae
1513 601 1596 623 nau-

895 642 1006 674 clerus
1022 641 1120 673 uudis
1134 641 1329 673 submersus
1345 642 1460 683 periit.
1493 642 1597 684 [Mes-

894 701 968 723 sano
984 691 1064 723 Vat·
1080 690 1129 732 9.]

950 743 992 772 34
1037 741 1219 773 Pectinibus
1261 742 1396 782 patulis]
1440 742 1600 782 Pectines,

895 790 1020 823 Graece
1035 791 1151 828 κτένες,
1166 793 1299 824 duabus
1316 799 1476 824 constant
1498 794 1598 825 testis

895 841 1026 873 striatis
1041 851 1081 873 ac
1097 842 1228 882 spissis,
1242 852 1317 883 quae
1333 843 1508 882 superiore
1524 853 1599 883 par-

895 895 932 924 te
947 891 1148 931 strictiores,
1162 891 1242 923 inde
1263 892 1296 923 in
1320 891 1437 922 orbem
1456 892 1599 924 dilatan-

896 945 975 980 tur;
1010 941 1100 972 unde
1111 942 1231 981 patulos
1255 941 1408 982 appellat
1422 941 1599 980 Horatius,

890 990 1599 1032 juniores‘pectunculi'vocantur3quan1·

896 1050 997 1081 quam
1014 1050 1079 1071 nou
1096 1041 1231 1077 desunt,
1247 1041 1304 1082 qui
1327 1043 1337 1058 ⁴
1353 1042 1576 1081 pectunculos
1590 1042 1599 1055 '

895 1091 1010 1131 specie
1028 1101 1046 1122 a
1059 1095 1068 1109 ¹
1082 1091 1274 1132 pectinibus
1285 1091 1294 1104 '
1309 1090 1448 1123 differre
1465 1097 1598 1133 putent.

895 1142 995 1173 Molle
1019 1146 1132 1174 antem
1163 1142 1331 1174 Tarentum
1355 1143 1544 1183 appellans,
1561 1149 1600 1176 ut

897 1191 1002 1222 aliubi
1019 1193 1028 1210 ‘
1038 1192 1196 1233 inibelle,'
1211 1193 1476 1225 Tarentinorum
1489 1203 1599 1225 mores

895 1240 984 1271 haud
1002 1241 1102 1273 dubie
1115 1242 1266 1283 respicit.
1313 1243 1388 1274 Nec
1405 1243 1477 1274 scio
1493 1251 1599 1285 quare

897 1290 930 1322 in
950 1292 1013 1323 hoc
1031 1301 1163 1324 errasse
1179 1292 1273 1324 dicat
1284 1293 1444 1325 Flaccum
1461 1293 1599 1324 Macro-

897 1340 974 1372 bius
996 1350 1051 1373 111.
1077 1344 1129 1374 18.
1153 1342 1307 1374 Turneb.
1333 1352 1356 1374 1.
1377 1346 1430 1374 24.
1455 1343 1599 1375 Torreat.

898 1390 1085 1422 pectinibus
1095 1393 1214 1432 patulis
1229 1393 1334 1431 jactat
1355 1394 1403 1434 se]
1437 1393 1598 1424 Piscibus

897 1450 934 1472 os
956 1442 1204 1481 aperientibus,
1227 1443 1284 1484 qui
1301 1443 1447 1474 conchas
1472 1442 1598 1474 habent

896 1495 1047 1522 serratas
1077 1491 1119 1522 ad
1155 1491 1412 1524 similitudinem
1443 1493 1602 1533 pectinis.

897 1539 1000 1580 Angl.
1026 1541 1154 1572 cockles.
1198 1542 1297 1573 Molle
1322 1541 1506 1582 Tarentum]
1532 1542 1598 1572 ‘ra-

896 1594 1026 1621 rentum
1058 1591 1200 1622 mollitie
1230 1597 1265 1623 et
1306 1592 1389 1623 luxu
1428 1591 1599 1624 diffluens.

896 1637 1022 1678 [Codd.
1039 1650 1094 1679 ap.
1112 1640 1226 1680 Feam,
1239 1642 1411 1682 sejactat]

940 1689 996 1727 [35
1022 1689 1074 1718 Ne
1088 1689 1148 1719 sibi
1164 1689 1245 1720 Vat.
1265 1690 1331 1729 12]

939 1740 981 1768 36
1006 1738 1054 1768 Ni
1072 1739 1162 1778 prius
1180 1743 1292 1770 exacta
1306 1741 1393 1771 tenui
1415 1741 1535 1773 ratione
1549 1752 1597 1774 sa-

893 1786 1018 1826 porum]
1043 1787 1117 1818 Nisi
1134 1788 1226 1828 prius
1241 1789 1420 1828 explorata
1438 1800 1598 1831 saporum

898 1837 1043 1878 ratione,
1057 1847 1132 1878 quae
1158 1838 1268 1869 tenuis
1284 1844 1337 1869 est
1356 1843 1392 1871 et
1415 1839 1598 1872 difficulter

897 1887 1097 1927 percipitur.
1141 1887 1233 1928 [Non
1259 1888 1347 1928 prius
1368 1894 1499 1921 exausta
1516 1891 1599 1925 Vat.

897 1935 994 1968 Rom.
1008 1937 1058 1978 7.]

940 1991 981 2020 3⁷
1007 1989 1091 2020 Cara
1111 1989 1223 2029 pisceis
1236 1993 1376 2021 avertere
1391 1991 1512 2032 mensa]
1535 1992 1598 2024 Le-

897 2039 989 2079 gitur
1004 2043 1158 2079 avertere,
1178 2045 1214 2071 et
1228 2040 1262 2071 in
1275 2040 1429 2081 pluribus
1450 2051 1598 2075 mannas.

882 2088 956 2119 sed
989 2089 1096 2129 magis
1134 2090 1250 2129 placet
1289 2100 1452 2129 averrere,·
1485 2101 1598 2134 neque

896 2138 986 2168 enim
1003 2138 1134 2170 minore
1158 2148 1250 2180 saepe
1276 2141 1416 2181 negotio
1443 2142 1554 2182 pisces
1579 2153 1599 2174 e

896 2188 1051 2225 macello,
1061 2189 1104 2219 ob
1114 2189 1321 2221 licitantium
1333 2191 1600 2232 improbitatem,

895 2248 998 2279 quam
1015 2248 1034 2270 e
1049 2239 1132 2270 mari
1153 2246 1373 2272 everruntur.
1397 2242 1406 2258 ‘
1418 2242 1575 2274 Mensam
1589 2244 1598 2257 ²

896 2288 1015 2329 itaque
1047 2289 1242 2329 intelligere
1272 2289 1447 2328 debemus,
1477 2291 1510 2323 in
1532 2303 1599 2334 qua

897 2340 1034 2369 venales
1050 2343 1129 2369 sunt
1145 2339 1269 2378 pisces,
1281 2344 1319 2370 ut
1337 2345 1371 2370 et
1386 2342 1396 2358 ‘
1410 2343 1598 2380 argentari-

896 2396 988 2417 orum
1000 2397 1133 2418 mensas
1146 2386 1155 2399 ’
1168 2387 1323 2418 dicimus.
1341 2389 1484 2420 Tou-rent.
1511 2392 1600 2422 Men-

895 2436 946 2476 sa]
969 2437 1087 2468 Pisces
1112 2446 1130 2467 e
1149 2437 1291 2467 macello
1314 2437 1495 2477 piscatorio
1517 2449 1599 2472 caro

897 2486 1010 2527 pretio
1025 2495 1137 2517 emere
1153 2494 1188 2518 et
1204 2485 1350 2518 auferre.

939 2538 981 2566 38
1006 2535 1128 2571 Quibus
1142 2539 1189 2567 est
1196 2535 1253 2574 jus
1267 2535 1388 2576 aptius]
1410 2537 1519 2568 Elixis
1534 2539 1598 2570 sci-

895 2585 979 2615 licet
993 2595 1003 2623 3
1025 2594 1103 2616 nam
1118 2585 1152 2616 hi
1175 2584 1248 2616 fere
1264 2595 1306 2616 ex
1322 2585 1401 2626 jure
1417 2587 1530 2628 aliquo
1544 2598 1598 2620 su·

897 2638 1052 2664 muntur:
1091 2643 1156 2666 nec
1186 2634 1269 2665 assis
1295 2644 1354 2666 sua
1383 2636 1599 2670 condimenta

897 2682 1043 2720 desunt;
1077 2682 1136 2714 sed
1164 2682 1212 2714 illi
1237 2683 1270 2715 in
1294 2684 1445 2724 suojure
1468 2691 1598 2720 natant.

897 2733 998 2765 Unde
1013 2732 1141 2765 factum
1153 2733 1322 2775 fortassis,
1332 2736 1422 2777 quod
1439 2738 1598 2772 observa-

898 2784 947 2815 vit
962 2783 1153 2823 Turnebus,
1170 2789 1208 2815 ut
1235 2785 1293 2826 qni
1318 2786 1366 2817 sic
1393 2787 1480 2818 coeti
1506 2797 1596 2829 sunt,

897 2836 907 2853 ‘
918 2835 1076 2878 patinarii
1087 2835 1096 2848 '
1105 2836 1323 2878 appellentur
1334 2847 1342 2876 ;
1355 2837 1396 2870 ad
1407 2840 1416 2855 ‘
1429 2844 1595 2874 assotum³
