1916 3262
623 278 687 308 Du
723 277 855 308 ARTE
891 276 1115 309 ross'ricA.
1478 270 1588 311 1279

145 373 316 414 Doctus
335 373 414 414 iter
433 371 612 422 melius;
642 371 846 412 mortalia
863 370 986 413 facta
1005 371 1232 425 peribunt:

142 438 320 480 Nedum
336 450 583 479 sermonum
604 440 689 477 stet
706 437 857 487 honos,
878 442 925 478 et
944 438 1085 490 gratia
1100 438 1248 479 vivax.

141 505 289 547 Multa
308 507 587 546 renascentur
605 516 705 556 quae
722 503 814 556 jam
837 503 1049 555 cecidere,
1070 503 1316 558 cadentque

142 571 260 623 Quae
280 585 398 613 nunc
419 575 521 612 sunt
541 571 585 611 in
605 571 766 611 bonore
786 571 1022 621 vocabula,
1044 571 1083 612 si
1104 572 1225 613 volet
1243 578 1369 621 usus,

142 638 288 690 Quem
308 651 440 692 penes
460 638 684 679 arbitrium
706 642 776 679 est
796 643 840 680 et
853 638 931 692 jus
951 642 994 679 et
1013 651 1166 679 norma
1186 638 1412 692 loquendi.

141 705 235 747 Res
254 709 392 758 gestae
411 717 648 758 regumque
666 705 928 759 ducumque,
947 709 990 746 et
1010 706 1153 747 tristia
1171 706 1300 755 bella,

141 771 247 823 Quo
269 772 404 812 scribi
423 777 605 826 possent
620 785 810 822 numero,
829 773 1086 814 monstravit
1106 772 1346 814 Homerus.

139 839 355 882 Versibus
375 840 594 894 impariter
608 840 778 894 junctis
799 842 1068 895 querimonia
1084 842 1270 895 primum
1289 856 1300 893 ;

139 907 251 948 Post
269 907 401 948 etiam
420 907 590 948 inclusa
610 911 675 948 est
692 908 783 948 voti
807 909 1023 949 sententia
1043 921 1252 962 compos:

138 972 252 1024 Quis
273 977 412 1015 tamen
434 974 618 1026 exiguos
637 975 790 1028 elegos
809 975 1006 1017 emiserit
1026 979 1192 1025 auctor,

1531 507 1587 547 70

1530 844 1586 886 75

138 1101 214 1133 lium
228 1113 320 1144 opera
334 1106 526 1137 interibunt:
543 1108 665 1137 tontum
678 1104 764 1136 obest
781 1108 816 1136 ut
826 1104 986 1136 verborum
1000 1105 1089 1136 decor
1102 1108 1132 1136 et
1147 1105 1194 1136 ris
1204 1109 1395 1146 permaneat.
1442 1106 1584 1137 Plerum-

139 1153 197 1184 que
206 1146 320 1178 dudum
334 1148 467 1180 obsoleta
482 1149 685 1179 reviviscent.-
700 1150 730 1178 et
745 1157 813 1188 quoe
826 1148 912 1178 modo
924 1147 1033 1185 vigent
1046 1148 1104 1178 abr
1105 1148 1290 1187 ogabuntur,
1306 1148 1334 1179 si
1348 1148 1478 1179 voluerit
1489 1158 1586 1184 usus,-

139 1195 158 1216 α
173 1196 232 1226 quo
242 1191 355 1228 pendet
369 1200 541 1222 sermonum
554 1190 726 1222 auctoritas
740 1193 771 1221 et
786 1191 902 1220 modus.
948 1190 1107 1221 Homerus
1120 1191 1256 1221 ostendit
1271 1200 1329 1230 quo
1343 1194 1440 1221 metro
1454 1189 1587 1222 describi

138 1228 268 1261 debeant
283 1232 368 1266 sacta
383 1236 414 1263 et
429 1233 506 1265 bella
520 1233 694 1273 principum
709 1234 739 1263 et
754 1232 982 1271 imperatorum.
1034 1232 1179 1263 Versibus
1197 1202 1399 1272 inaeqqualibus
1419 1232 1589 1271 conjunctis

137 1271 260 1311 scripta
271 1274 406 1312 primum
420 1274 554 1312 suerunt
569 1284 619 1306 res
631 1276 788 1314 luctmsoe,
809 1273 880 1305 dein
900 1274 994 1305 etium
1007 1275 1100 1306 laetae.
1147 1275 1226 1310 Quis
1240 1284 1310 1306 vero
1322 1275 1441 1315 primus
1454 1275 1587 1306 ediderit

735 1364 977 1377 eeeeeeeeeee

135 1441 282 1480 ingenio.
309 1442 454 1472 mortalia
479 1445 599 1472 cuncta.
648 1439 718 1471 Alii
743 1443 907 1480 punctum
933 1445 1063 1480 ponunt
1091 1446 1167 1482 post
1193 1442 1400 1474 melium—69
1422 1443 1491 1473 Nec
1512 1443 1585 1474 dum

133 1482 400 1523 Bamberg.-'I2
425 1484 524 1519 Quem
543 1492 635 1524 penes
648 1482 802 1514 arbitrum
816 1486 862 1513 est
877 1482 1013 1514 Wakef.
1035 1487 1066 1514 et
1081 1484 1129 1514 vis
1146 1493 1265 1515 novem
1283 1484 1382 1516 codd.
1396 1494 1451 1524 ap.
1471 1485 1584 1523 Feam,

134 1525 200 1555 dito
216 1525 328 1557 Pulm.
342 1535 427 1556 uuus
441 1526 573 1557 Bersm.
590 1525 684 1557 Med.
699 1527 794 1556 1476.
817 1524 930 1555 Venn.
947 1527 1041 1557 1478.
1055 1528 1148 1557 1479.
1162 1529 1258 1558 1481.
1273 1529 1473 1559 1483.1486.
1487 1530 1582 1559 1490.

135 1569 679 1600 1492.1495.1514.1546.1573.
704 1565 1150 1601 Aldus1501.1509.1519.
1172 1569 1388 1601 Jnnta1503.
1414 1569 1583 1601 Ba‹1.As·

134 1618 226 1641 cens.
240 1610 396 1642 Britann.
413 1613 510 1642 1520.
542 1610 660 1641 Basili.
680 1612 774 1640 1527.
791 1611 888 1640 1531.
913 1609 1006 1641 Frib.
1024 1613 1119 1642 1536.
1155 1611 1258 1642 Dion.
1274 1612 1317 1642 ab
1333 1612 1456 1642 Harsio
1474 1613 1547 1652 Lug
1549 1611 1583 1643 d.

135 1653 230 1683 1538.
254 1652 430 1683 Mun—⁷4
454 1653 535 1684 Vat.
551 1655 605 1684 24.
622 1657 657 1683 et
674 1661 758 1682 unus
775 1651 988 1692 Bersmanni,
1007 1655 1132 1692 possent
1146 1654 1253 1684 scribi.
1297 1655 1375 1685 Vat.
1387 1657 1418 1685 4.
1435 1657 1472 1684 et
1483 1622 1582 1685 Vagtt.

134 1692 248 1724 Palat.
263 1696 295 1724 1.
308 1696 342 1725 4.
362 1694 459 1725 scribi
479 1698 619 1734 possunt
664 1694 745 1724 Vat.
760 1695 792 1724 2.
818 1702 896 1724 am.
913 1703 980 1724 sec.
998 1695 1077 1726 Vat.
1096 1695 1192 1726 Rom.
1208 1699 1240 1726 6.
1261 1705 1340 1726 am.
1359 1706 1410 1736 pr.
1426 1695 1582 1727 Vallicel.

135 1737 168 1766 1.
193 1735 248 1766 alii
275 1735 375 1766 codd.
394 1740 524 1776 possunt
546 1739 654 1767 metro.
699 1735 809 1766 Codd.
839 1744 895 1775 ap.
917 1735 1041 1774 Jaeck,
1066 1737 1347 1768 monstrabit.-76
1369 1738 1449 1767 Vat.
1471 1740 1522 1768 14.
1547 1742 1584 1768 et

135 1785 222 1807 unus
239 1777 407 1815 Oberlini‚
436 1778 498 1809 voti
524 1778 642 1808 inclusa
670 1780 728 1808 est.
771 1777 853 1807 Vat.
871 1779 902 1806 1.
925 1778 1020 1808 etiam
1036 1777 1148 1816 juncta
1173 1782 1316 1810 ese—⁷⁷
1338 1779 1419 1811 Vat.
1438 1780 1533 1809 Rom.
1553 1782 1582 1810 l.

136 1826 156 1848 a
181 1827 225 1850 m.
251 1828 320 1850 sec.
341 1820 444 1858 elegos
466 1819 662 1850 commiserit.
706 1819 788 1850 Vat.
813 1820 846 1849 7.
873 1821 970 1850 actor.
1027 1819 1172 1860 Cnning.
1198 1821 1416 1852 Archilochon.
1460 1820 1539 1852 vid.
1556 1831 1581 1853 ι.

787 1924 932 1957 NOTAE

177 2001 219 2030 70
241 2000 347 2031 Multa
369 2002 584 2042 renascentur]
610 2000 689 2032 vid.
719 2008 758 2031 11.
785 2000 828 2030 E·
877 1999 1046 2040 judicium
1051 2022 1157 2032 .....
1180 2000 1222 2032 In
1248 2000 1432 2042 loquendo,
1460 2011 1526 2033 non
1556 2002 1584 2033 si

135 2048 216 2089 pist.
241 2051 274 2080 2.
296 2052 369 2081 116.
414 2050 558 2083 Quintil.
583 2059 608 2081 r.
633 2053 665 2082 6.
692 2049 829 2080 ‘Verba
881 2049 962 2090 quid
979 2050 1099 2081 vitiose
1122 2051 1238 2082 multis
1254 2051 1433 2093 insederit,
1452 2062 1514 2093 pro
1530 2063 1583 2084 re-

134 2106 154 2128 a
168 2103 340 2130 vetustate
365 2100 515 2140 repetita
530 2109 595 2130 uon
611 2100 717 2130 solum
733 2108 825 2139 mag-

132 2156 194 2179 nos
219 2153 404 2180 assertores
427 2149 566 2188 habent,
595 2148 654 2180 sed
681 2152 718 2179 et
744 2146 825 2178 affe-

133 2201 211 2237 runt
238 2198 384 2229 orationi
417 2198 629 2240 majestatem
666 2197 825 2238 aliquam,

131 2256 198 2279 non
221 2247 293 2279 sine
315 2248 555 2280 delectatione.
599 2248 688 2279 Nam
712 2251 825 2278 aucto-

133 2296 269 2328 ritatem
292 2298 504 2338 antiquitatis
527 2297 676 2335 habent;
697 2300 733 2327 et
747 2296 827 2337 quia

132 2345 324 2378 intermissa
345 2351 434 2382 sunt,
457 2347 600 2387 gratiam
627 2346 771 2378 novitati
784 2346 826 2377 si-

132 2394 246 2426 milen:
275 2400 409 2435 parant.
451 2396 519 2428 Sed
544 2406 629 2437 opus
649 2400 702 2427 est
725 2394 826 2427 modo

153 2466 161 2475 .
173 2466 182 2474 .
196 2466 204 2475 .
221 2454 284 2476 nec
299 2446 412 2487 utique
430 2447 472 2478 ab
488 2447 615 2478 ultimis
630 2452 666 2479 et
681 2447 752 2488 jam
769 2447 826 2478 ob-

132 2495 276 2526 literatis
292 2496 479 2535 repetenda
492 2496 725 2537 temporibus:
738 2498 804 2528 διο.

175 2545 217 2574 72
238 2543 301 2574 Jus
314 2547 346 2574 et
355 2553 462 2575 norma
475 2544 628 2584 loquendi]
650 2544 740 2576 Geli.
756 2553 827 2576 xu.

134 2595 186 2624 1³.
226 2593 235 2610 ‘
255 2592 472 2624 Consuetudo
511 2593 656 2624 omnium
692 2593 828 2624 domina

133 2651 260 2677 rerum.
291 2646 363 2673 tum
385 2642 529 2673 maxime
554 2642 732 2673 verborum
755 2642 830 2674 est.'

134 2692 280 2724 Quintil.
295 2694 363 2724 1.6.
379 2693 389 2710 ‘
401 2691 593 2723 Ridiculum
608 2699 704 2730 paene
715 2689 831 2730 fuerit,

133 2742 232 2773 malle
243 2750 432 2773 sermonem
446 2751 511 2783 quo
521 2741 626 2772 locuti
638 2740 718 2780 sint,
730 2749 827 2781 quam

136 2803 202 2835 quo
218 2795 410 2836 loquantur.
452 2793 520 2826 Sed
537 2792 759 2825 necessarium
775 2798 829 2824 est

882 2099 959 2138 gula
975 2099 1138 2131 sermonis
1154 2101 1405 2141 accipiendum.
1427 2124 1436 2134 .
1451 2125 1459 2133 .
1474 2124 1482 2132 .
1498 2124 1506 2132 .
1523 2103 1585 2133 Er-

881 2157 924 2188 go
940 2158 1034 2179 usum
1060 2153 1094 2180 ct
1116 2149 1399 2181 consuetudinem
1417 2150 1581 2182 sermonis

881 2197 1009 2230 vocabo
1025 2208 1226 2231 consensum
1243 2199 1454 2232 eruditorum
1468 2211 1476 2232 :
1492 2201 1582 2232 sicut

880 2247 1030 2288 vivendi,
1044 2259 1243 2281 consensum
1262 2250 1452 2281 bonorum.²

925 2300 967 2330 74
996 2300 1065 2335 Quo
1079 2299 1175 2331 scribi
1189 2300 1331 2340 numero]
1346 2300 1504 2332 Carmine
1520 2301 1584 2332 sci-

879 2348 963 2381 licet
978 2350 1126 2382 heroico.

924 2402 964 2430 75
995 2399 1142 2431 Versibus
1163 2399 1325 2440 impariter
1341 2399 1476 2439 junctis]
1502 2400 1578 2430 Ele·

879 2450 999 2491 gineis,
1025 2458 1169 2490 quorum
1192 2450 1280 2480 alter
1297 2449 1516 2483 Hexameter,
1533 2449 1580 2479 al·

880 2505 933 2532 ter
950 2501 1186 2531 Pentameter.

924 2547 1143 2587 Querimoniu]
1167 2546 1260 2587 Apte
1273 2546 1430 2587 quidem:
1450 2555 1526 2576 nam
1540 2550 1578 2577 ut

881 2598 1010 2630 animus
1024 2597 1172 2636 lugentis
1187 2595 1316 2627 fractus
1331 2599 1367 2626 et
1376 2594 1512 2633 debilis,
1528 2595 1578 2626 sic

881 2646 1012 2687 Elegiae
1023 2654 1182 2675 numerus
1195 2643 1287 2684 quasi
1300 2641 1426 2674 fractus
1436 2647 1473 2674 et
1484 2644 1575 2675 clau-

883 2696 955 2727 dus.
970 2694 1098 2726 Marcii.

922 2746 963 2775 77
989 2743 1132 2781 Exiguos
1146 2741 1261 2782 elegos]
1297 2741 1446 2775 Quorum
1467 2741 1572 2782 stylus

881 2793 987 2833 magis
1015 2796 1112 2824 tener
1140 2797 1176 2823 et
1205 2790 1337 2823 humilis
1366 2800 1441 2823 esse
1471 2790 1574 2822 debet
