1930 3204
663 293 872 325 HORATn
909 295 1053 327 EPOD.
1087 296 1161 326 ΙΙΙ.

189 389 314 422 mensis
330 389 509 422 Kalendis.
547 387 670 428 Idibus]
689 386 823 426 Idibus,
839 388 888 418 in-

188 441 264 482 quit
286 441 405 474 Lamb.
428 441 565 473 nomina
585 439 790 481 exigebant3
815 438 887 470 Ka-

187 491 298 523 lendis
321 496 436 524 autem
460 496 498 524 et
519 490 703 532 exigebant
726 494 762 520 et
780 489 886 520 collo-

186 541 323 574 cabant.
380 542 436 574 De
473 542 592 574 Idibus
624 540 710 572 citat
742 540 886 572 alterum

188 591 311 624 Poeta
335 592 448 624 locum
474 602 515 624 ex
539 601 565 623 1.
588 591 662 623 Sat.
686 593 720 622 6.
756 590 766 607 ‘
784 591 888 622 Ibant

188 642 320 674 octonis
339 641 527 674 referentes
550 642 670 674 Idibus
694 642 786 673 sera)
833 643 887 674 De

188 692 356 724 Kalendis
371 693 465 724 illum
481 702 500 724 e
516 693 638 733 Satyra
655 694 687 723 3.
706 692 716 709 ⁴
734 692 804 726 Qui
823 692 887 723 nisi

187 751 265 773 enm
281 743 394 774 tristes
409 743 534 774 misero
552 751 676 774 venere
694 740 887 774 Kalendae!

189 792 236 824 Et
258 793 364 833 prisci
388 793 585 834 interpretis
604 792 708 824 verba
723 803 743 824 a
758 802 813 824 me
835 802 888 824 re-

187 845 301 881 perta,
331 844 433 883 paulo
463 843 564 875 aliter
590 853 690 884 quam
719 843 888 884 Cruquins

185 900 375 933 opponam:
393 893 403 910 ‘
418 892 570 934 Redegit
585 893 718 932 Idibus,
729 898 767 925 ut
783 894 888 924 vitam

183 946 302 982 ageret
323 942 511 982 rusticam;
535 942 595 974 sed
619 952 695 974 cum
721 947 889 974 venerunt

185 992 366 1032 Kalendae,
378 1003 455 1035 quae
471 998 550 1026 sunt
565 994 722 1034 sequenti
739 993 794 1025 die
812 998 898 1034 post»

183 1042 282 1083 Idus,
309 1045 485 1085 qnaerebat
511 1054 638 1086 ponere
666 1045 701 1076 in
730 1044 889 1077 usuram.’

188 1092 331 1125 Torrent-

186 1142 303 1174 Eron.
317 1152 375 1175 nr.
400 1143 457 1175 An
474 1143 734 1176 Masei-mamm.
761 1144 888 1176 Allium

228 1192 538 1235 detentum-,quod
554 1195 644 1236 apud
662 1195 888 1226 Maecenatem

194 1264 197 1267 -
227 1242 362 1282 ederat,
399 1243 496 1283 cnjus
530 1249 616 1276 aestu
652 1245 887 1286 torquebatur.

228 1292 334 1333 [Haec
353 1293 431 1325 Ode
447 1294 645 1326 inscribitur
663 1296 698 1326 in
715 1295 815 1327 codd.
832 1305 888 1336 ap.

225 1343 360 1376 Jaeck:
385 1345 558 1376 Temni-ius
580 1345 759 1383 Iambiczoe5
789 1346 889 1377 Bina·

226 1393 296 1424 n'ue
311 1393 465 1425 lambiens
474 1404 487 1431 ‚·
513 1395 692 1435 Epodicosq

228 1446 245 1475 1
272 1443 375 1484 olim]
398 1443 562 1475 Posthac.
830 1477 833 1479 a

225 1497 246 1525 2
268 1493 375 1526 Senile
393 1494 522 1535 guttur]
546 1495 712 1536 Epitheto
734 1495 798 1527 hoc
822 1496 886 1527 uti-

183 1549 239 1575 tur
251 1546 304 1576 vel
321 1545 363 1575 ad
374 1545 714 1583 commiserationem,
727 1546 780 1576 vel
793 1545 883 1586 quod

180 1593 256 1626 fere
277 1594 494 1626 vivacitatem
519 1594 552 1625 in
577 1595 779 1636 parentibus
804 1595 884 1626 ode-

181 1646 251 1677 rint
276 1645 350 1684 tilii,
373 1646 437 1686 ipsi
453 1646 526 1686 jam
551 1645 707 1686 provecti
734 1651 769 1676 et
794 1646 883 1677 mali.

142 1699 151 1705 ‘
181 1694 195 1717 ‘-
210 1695 386 1736 Frangere
397 1695 404 1709 ’
426 1706 508 1736 ergo
524 1700 533 1714 ‘
548 1694 688 1736 guttur‚'
710 1696 765 1726 vel
782 1695 886 1734 ferro,

181 1747 236 1776 vel
262 1746 399 1787 laqueo.
447 1747 570 1777 Gratim·
584 1745 743 1784 fregerit]
769 1745 886 1776 Cervi-

182 1805 256 1828 cem
274 1796 382 1836 patris
397 1796 497 1827 senis.
519 1796 581 1828 Gr.
597 1796 810 1833 λαιμοτομεΐν.

194 1862 198 1866 -
225 1849 246 1877 8
272 1846 350 1877 Edit
364 1846 492 1886 cicutis]
517 1840 699 1886 Edat‚'pro
717 1845 887 1885 supplicio

184 1896 298 1927 allium
324 1905 386 1927 suo
410 1896 524 1927 calore
547 1895 728 1927 nocentius
751 1895 887 1934 cicutis,

185 1955 262 1986 quae
276 1943 404 1986 frigore
415 1950 585 1976 venenato
597 1950 734 1976 necant.
753 1945 886 1976 Victor.

184 1995 265 2027 Var.
284 1995 385 2026 Lect.
402 2003 452 2026 vr.
470 1997 520 2027 19.
555 1995 694 2036 Allium]
711 1996 768 2026 Sic
785 1995 887 2035 vulgo

183 2044 337 2087 quidem:
351 2044 411 2076 sed
425 2049 559 2076 veteres
572 2045 778 2076 membranae
790 2045 887 2076 alium

182 2094 348 2126 scribunt.
377 2095 464 2126 Sunt
472 2093 529 2136 qui
546 2095 711 2136 aspirent,
724 2100 760 2126 et
770 2095 886 2126 balium

181 2145 347 2183 scribant,
365 2149 402 2176 ut
417 2145 534 2176 halitus
553 2149 589 2176 et
607 2145 753 2176 anhelare
769 2145 812 2175 ab
828 2145 885 2175 ha-

180 2195 281 2227 lando
303 2195 450 2235 scilicet,
466 2195 511 2226 ob
527 2195 641 2226 odoris
665 2195 884 2235 gravitatem.

183 2237 327 2276 Tmen.
370 2245 450 2277 vid.
466 2245 572 2277 Brod.
591 2245 690 2276 misc.
710 2248 811 2278 v1.2.

191 2304 198 2309 “
222 2297 243 2326 4
260 2295 435 2328 Mes-sorum
449 2295 520 2337 ilia]
542 2295 752 2327 Messoribns
769 2296 884 2327 allium

182 2345 263 2377 dare
279 2346 444 2377 solebant.
469 2345 560 2376 Vide
575 2346 673 2384 Virg.
690 2345 827 2377 Alexin.

225 2400 245 2428 ὅ
262 2395 348 2432 Quid
358 2396 414 2426 hoc
427 2396 552 2436 veneni]
576 2396 732 2427 Lambini
751 2396 884 2436 exposi-

183 2445 232 2477 tio
247 2446 466 2477 vehementer
490 2447 615 2486 placet,
638 2454 699 2485 per
719 2445 884 2477 subintel-

182 2496 367 2527 lectionem
381 2495 612 2536 provocabnli,
625 2497 633 2513 ‘
647 2495 736 2537 quod
749 2496 772 2535 ;’
787 2497 884 2528 nimi-

183 2555 270 2584 rum,
283 2545 383 2578 Quod
397 2545 460 2577 hoc
474 2546 595 2577 veneni
609 2550 672 2584 est,
685 2547 774 2587 quod
788 2547 886 2578 saevit

183 2596 216 2627 in
245 2595 467 2637 praecordiis?
505 2595 606 2627 Soevit
633 2595 668 2626 in
689 2596 885 2637 praecordiis]

183 2646 363 2678 Venenum
379 2650 514 2676 aestuat.

225 2700 246 2728 6
271 2697 360 2728 Num
381 2697 540 2737 viperinus
567 2695 676 2736 cruor]
708 2695 885 2736 Significat

183 2748 299 2779 allium
324 2755 398 2778 esse
421 2746 622 2777 veneficium
643 2747 789 2778 omnium
809 2756 884 2778 cer-

183 2797 350 2829 tissimum
389 2802 425 2828 et
465 2796 777 2836 praesentissimum,
806 2797 882 2828 Me-

183 2847 348 2890 deamque
387 2847 572 2878 veneficam
610 2848 717 2880 nullas
755 2847 884 2890 priores

1529 289 1642 332 1539

938 388 1062 420 herbas
1080 389 1122 421 ad
1141 388 1335 421 venificinm
1351 389 1521 423 habuisse.
1560 394 1640 425 Vid.

936 441 1042 471 Turn.
1058 448 1128 472 xii.
1145 443 1197 471 15.
1222 440 1328 471 Pulm.
1363 440 1480 481 Cruor]
1496 441 1641 483 Sanguis

937 488 1066 529 viperae
1083 490 1268 530 serpentis,
1291 491 1325 521 id
1342 496 1408 529 est,
1428 500 1607 524 venenum.

979 543 999 572 7
1029 540 1169 582 quellit]
1187 541 1246 572 Me
1262 541 1374 580 latuit,
1390 541 1424 573 id
1442 547 1509 582 est,
1523 553 1579 575 me
1594 544 1642 575 in-

937 592 1010 623 scio
1026 590 1094 622 fuit
1110 592 1265 623 incoctus
1281 592 1292 623 ἒ

980 644 1001 673 8
1026 641 1177 682 Canidia]
1207 642 1333 673 Errant
1363 642 1420 683 qui
1446 642 1641 674 Gratidiam

939 688 1203 732 Neapolitanam
1233 691 1431 733 veneficam,
1453 692 1518 723 sul)
1540 694 1643 725 Cani·

937 739 1004 772 diae
1022 742 1157 773 nomine
1174 742 1218 773 ab
1234 742 1380 774 Horatio
1396 743 1566 783 exagitari
1586 754 1644 774 ex-

937 790 1102 832 istimant,
1118 791 1208 833 quod
1223 801 1289 823 non
1306 793 1425 824 liceret
1441 802 1642 834 quemquam

939 841 1136 872 nominatim
1165 842 1339 873 insectari.
1369 842 1460 873 Torr.
1507 843 1644 874 Canidia

937 893 1085 923 tractavit
1110 892 1218 932 dapes]
1258 892 1313 924 An
1340 893 1462 924 mulier
1491 893 1644 925 venefica

937 943 1027 974 male
1059 942 1287 974 contrectavit
1314 943 1448 983 dapes?
1480 942 1644 982 [Candida

937 993 1170 1024 Sclioenborn.
1186 994 1235 1034 2.]

980 1046 1002 1075 9
1021 1043 1064 1074 Ue
1080 1043 1300 1083 Argonautas]
1319 1044 1549 1083 Posteaquam
1566 1044 1644 1075 Me-

939 1092 1003 1124 dea
1020 1093 1141 1125 mirata
1157 1098 1223 1132 est,
1246 1093 1281 1124 id
1298 1098 1364 1128 est,
1387 1093 1559 1124 adamavit
1582 1093 1644 1125 Ja-

939 1152 1069 1182 sonem,
1096 1143 1219 1174 ducein
1250 1153 1322 1184 prae
1352 1143 1507 1175 omnibus
1535 1142 1644 1184 Argo-

939 1194 1052 1225 nautis
1066 1193 1261 1235 candidum,
1278 1194 1311 1225 id
1325 1199 1392 1230 est,
1408 1194 1599 1235 pulchrum.

983 1246 1024 1274 10
1047 1244 1171 1276 Miraea
1187 1248 1235 1276 est
1249 1244 1371 1284 ducem]
1393 1244 1566 1285 Siquidem
1587 1245 1643 1275 ad-

939 1293 1076 1325 miratio
1092 1303 1130 1325 ea
1149 1294 1308 1326 Medeam
1323 1298 1421 1326 tanto
1434 1304 1549 1325 amore
1567 1304 1643 1334 per·

938 1343 1056 1374 cussit.
1104 1345 1215 1384 Hujus
1235 1344 1331 1375 verbi
1350 1344 1416 1375 vim
1434 1342 1643 1375 ostendimus

938 1401 990 1423 ιν.
1009 1392 1078 1424 Od.
1095 1395 1147 1423 13.
1162 1402 1237 1433 quae
1254 1394 1308 1424 vel
1324 1393 1388 1424 hoc
1405 1394 1482 1424 loco
1497 1393 1642 1433 apertis-

937 1443 1019 1473 sima
1035 1447 1100 1474 est.
1130 1443 1219 1474 Torr.

981 1495 1021 1523 12
1049 1493 1118 1524 Hoc
1145 1493 1308 1534 Jasonem]
1347 1494 1425 1526 Hoc
1453 1500 1642 1534 unguento,

935 1543 1068 1574 scilicet
1093 1543 1185 1583 allio,
1209 1544 1372 1584 perunxit
1387 1544 1562 1583 damnem,
1578 1545 1643 1576 illi-

935 1598 1091 1634 gaturum
1115 1594 1202 1635 juga
1225 1595 1342 1635 ignota
1371 1595 1493 1635 tauris,
1516 1595 1549 1626 id
1578 1601 1642 1631 est,

936 1644 993 1684 qui
1012 1645 1116 1675 tauris
1133 1645 1310 1682 ignivomis
1328 1645 1417 1685 juga
1440 1645 1574 1676 insueta
1593 1646 1643 1676 in-

930 1694 1069 1735 jiceret.
1094 1693 1227 1733 [lasona
1242 1695 1390 1734 Cuniug.
1403 1704 1445 1725 ex
1460 1695 1627 1734 ingenim]

982 1747 1021 1774 13
1044 1744 1114 1775 Hoc
1127 1743 1276 1775 delibutis
1290 1744 1373 1784 ulta]
1391 1744 1517 1775 Medea
1533 1744 1642 1775 Glau-

938 1803 1012 1824 cam
1026 1794 1182 1824 Creontis
1199 1793 1303 1824 tiliam
1322 1794 1468 1824 vestibus
1483 1794 1546 1825 hoc
1562 1794 1642 1825 allio

937 1842 1099 1874 delibutis
1111 1843 1195 1881 ulta,
1208 1842 1342 1883 aufugit
1355 1853 1418 1884 per
1433 1843 1555 1882 aerem,
1566 1854 1642 1875 vec-

939 1897 973 1923 ta
996 1902 1015 1923 a
1040 1892 1190 1924 dracone
1215 1893 1318 1924 alato.
1362 1893 1523 1924 Delibutis
1536 1894 1640 1934 donis]

938 1943 1035 1974 Idem
1049 1944 1139 1984 quod
1152 1944 1302 1975 imbutis.
1319 1943 1416 1975 Infra
1430 1945 1642 1985 Epod.xvn.

938 1997 946 2010 ⁸
959 1994 1134 2026 Quantum
1149 2004 1260 2035 neque
1274 2001 1350 2026 atro
1361 1994 1536 2025 delibutus
1553 1995 1641 2026 Her-

937 2045 1030 2075 cules
1059 2045 1158 2076 Nessi
1187 2045 1334 2076 cruore!
1377 2045 1452 2076 Nec
1476 2045 1641 2076 dissimile

936 2095 1024 2136 quod
1042 2098 1053 2114 ⁸
1071 2092 1332 2128 medicamentis
1347 2096 1537 2128 delibutus'
1552 2097 1642 2128 dixit

936 2144 1010 2176 Cic.
1027 2150 1063 2176 et
1081 2147 1090 2163 ‘
1105 2146 1278 2177 delibutus
1295 2146 1454 2186 capillis,’
1471 2156 1534 2188 pro
1556 2147 1642 2178 Ros-

936 2194 1009 2233 cio;
1046 2195 1251 2227 subauditur
1280 2197 1370 2228 enim
1407 2199 1416 2214 ‘
1436 2196 1642 2238 unguentis!

934 2245 1116 2285 Terentius
1139 2255 1221 2278 vero
1249 2256 1325 2278 cum
1353 2247 1413 2287 ait,
1438 2248 1447 2265 ‘
1467 2248 1639 2279 delibutus

935 2295 1087 2335 gaudiis‚’
1114 2297 1204 2338 quod
1233 2298 1385 2338 corporis
1407 2303 1475 2336 est,
1501 2297 1542 2329 ad
1569 2299 1641 2329 ani-

934 2354 1024 2376 mum
1047 2347 1234 2378 transtulit.
1259 2348 1349 2378 Torr.
1395 2348 1486 2379 Vide
1503 2352 1540 2379 et
1555 2349 1638 2379 Tur-

935 2394 1013 2425 neb.
1028 2404 1078 2425 vr.
1094 2399 1126 2426 9.
1150 2397 1242 2427 Plin.
1259 2406 1301 2428 n.
1319 2400 1392 2429 105.

978 2446 1018 2474 14
1041 2444 1194 2484 Ser-pente
1221 2446 1311 2487 alite]
1348 2447 1538 2486 Eleganter
1566 2455 1638 2476 ser-

936 2498 1071 2534 pentem
1106 2494 1195 2526 dixit
1231 2499 1240 2513 ⁶
1258 2496 1397 2527 alitem.¹
1457 2495 1638 2526 Contraria

935 2544 1023 2575 enim
1051 2546 1060 2561 ‘
1079 2544 1238 2585 serpere’
1264 2550 1300 2576 et
1324 2547 1334 2563 ⁴
1353 2545 1493 2583 volare:
1521 2553 1638 2585 quam-

936 2604 1035 2634 quam
1069 2595 1234 2626 dracones
1275 2600 1444 2635 pennatos
1475 2604 1542 2626 non
1575 2595 1637 2626 soli

935 2644 1068 2683 Poe'tae,
1085 2645 1144 2675 sed
1174 2650 1209 2676 et
1233 2644 1432 2685 Philosophi
1459 2645 1555 2676 nobis
1580 2655 1637 2675 ex-

934 2694 1085 2725 hibeant.
1112 2695 1256 2727 Torreat.

978 2748 1016 2776 15
1026 2745 1171 2776 Siderum
1181 2745 1293 2786 vapor]
1308 2746 1423 2787 Vapor
1434 2746 1522 2777 enim
1533 2745 1635 2783 idem,

934 2795 1022 2836 quod
1046 2801 1148 2827 aestus
1173 2801 1232 2828 aut
1248 2794 1353 2835 calor,
1368 2803 1406 2828 nt
1421 2801 1518 2828 recte
1535 2798 1635 2829 Lam-

933 2845 1050 2885 biuus;
1067 2847 1156 2878 unde
1168 2846 1178 2865 ‘
1193 2857 1357 2887 vaporate
1367 2847 1375 2861 ⁹
1389 2856 1450 2888 pro
1462 2846 1634 2878 calfacere
