1930 3204
670 279 880 310 HORATH
916 280 1054 311 EPOD.
1089 281 1131 310 V.

173 377 293 420 iniqui,
309 381 346 410 ut
362 376 413 409 fas
437 381 472 408 et
488 374 658 416 nefas‚jus
684 377 721 405 et
746 373 871 414 injuria

174 434 364 461 mutentur„
387 429 451 460 hoc
470 427 640 459 hominum
665 433 787 457 caussa
803 433 870 456 non

174 483 319 519 possunt
344 483 521 519 praestare.
565 475 678 517 Atque
694 475 727 506 id
744 479 796 506 est
809 474 871 506 hu-

174 538 308 560 manam
334 527 441 559 vicem
464 529 688 558 convertere:
714 529 750 556 et
776 527 814 556 ut
836 524 872 555 in

176 577 288 618 Epist.
304 577 377 609 Cic.
394 577 404 594 ‘
420 581 571 608 nostram
591 574 698 606 vicem
714 575 804 606 ultus
820 576 874 605 est

174 627 364 667 ipsevsese:
379 627 411 658 id
426 631 492 667 est,
507 626 595 667 qnod
621 624 738 656 facere
754 624 872 656 debui-

175 687 262 717 mus,
283 677 318 709 id
334 687 397 718 pro
412 678 510 709 nobis
526 681 710 718 nostraque
734 675 809 707 vice
824 674 874 706 fe·

175 729 236 760 cit.
265 727 344 760 Vid.
371 727 523 759 Turneb.
547 734 624 759 xrv.
641 729 694 758 10.
737 726 874 766 Venena,

174 789 323 819 magnum
336 779 394 817 sas
408 778 568 820 nefasque]
590 778 757 810 Mulieres
774 787 875 809 vene-

173 829 251 860 ficae
266 827 319 860 fas
334 833 371 860 et
386 828 481 860 nefas
495 828 715 864 confundere,
740 828 876 868 suisque

174 878 314 910 venenis
329 878 473 910 hnmana
490 883 528 910 et
544 878 660 910 divina
676 882 876 918 pervertere

176 932 331 970 possunt,
360 929 420 961 sed
451 930 608 961 hnmanae
640 929 721 961 vitae
751 933 876 960 sortem

174 983 351 1020 nequeunt
372 980 573 1010 immutare:
602 988 711 1020 neque
734 982 878 1020 possunt

175 1027 326 1068 effugere
356 1029 437 1070 quin
467 1038 604 1060 suornm
635 1027 878 1060 maleficiorum

177 1087 295 1120 poenas
309 1078 405 1118 dent,
432 1084 467 1109 et
493 1084 603 1110 morte
621 1083 764 1118 pereant
779 1078 878 1110 mise-

179 1129 287 1160 rabili.
324 1127 394 1159 Alii
411 1129 511 1159 aliter
536 1129 625 1159 hunc
640 1128 751 1159 locum
773 1137 876 1168 expo-

179 1183 284 1210 nunt:
308 1188 370 1219 per
393 1188 446 1209 me
467 1178 576 1210 libera
596 1183 649 1210 est
672 1188 734 1209 sna
756 1178 878 1220 cuique

181 1229 309 1270 opinio.

223 1281 266 1310 89
287 1278 384 1310 Diris
406 1289 500 1319 agam
514 1279 580 1320 vos]
603 1278 881 1311 Execrationibus

181 1338 239 1359 vos
263 1338 461 1370 persequar.
509 1329 593 1359 Dira
616 1330 796 1368 detestatio,
811 1329 880 1370 ξω]

182 1378 240 1410 Sic
258 1378 348 1417 Oda,
360 1388 460 1419 quarn
477 1378 561 1417 dixi,
575 1387 712 1410 xxviii.
727 1383 805 1418 post
821 1378 881 1409 im-

182 1428 415 1469 precationem
432 1428 590 1466 additur-3
613 1428 748 1469 ‘Teque
765 1427 882 1468 piacu-

180 1479 212 1515 la
234 1478 328 1509 nulla
343 1478 537 1510 resolvent!
580 1476 776 1509 Credebant
793 1476 882 1508 enim

181 1529 314 1569 antiqui
340 1537 381 1559 ea
406 1527 538 1568 expiari
566 1537 632 1558 non
663 1535 776 1568 posse,
806 1536 882 1567 quae

182 1576 299 1610 affecti
315 1577 436 1618 insigni
453 1577 566 1617 aliqua
585 1576 710 1617 injuria
735 1575 801 1616 ipsi
823 1575 885 1613 illi,

183 1628 241 1670 qui
269 1627 446 1662 intulerat,
478 1631 550 1658 toto
579 1626 690 1658 animo
717 1626 884 1666 impreca-

181 1678 319 1710 bantur.
353 1678 468 1710 Quare
491 1681 527 1707 et
550 1677 637 1707 diras
660 1676 888 1716 appellarunt,

185 1737 261 1768 quae
288 1727 383 1758 Deos
408 1726 523 1757 iratos·
540 1724 749 1765 infestosque
765 1724 886 1755 redde-

187 1781 277 1808 rent.

229 1828 273 1858 90
298 1826 395 1857 Nulla
430 1825 576 1865 expiam-
603 1823 745 1864 victima]
784 1823 888 1854 Nullo

190 1880 356 1916 purgatur
371 1874 549 1906 sacrificio.

234 1927 276 1956 91
306 1924 370 1956 Ubi
388 1924 509 1965 perire]
533 1923 600 1955 Ubi
616 1927 768 1955 mortuus
789 1922 890 1955 fuero

190 1974 289 2007 vobis
306 1984 370 2015 per
389 1980 524 2006 noctem
551 1983 726 2006 occurram
750 1978 786 2005 et
812 1984 891 2015 per—

191 2023 430 2057 terrefaciam:
465 2024 515 2055 sic
543 2023 657 2055 Dido:
694 2024 703 2040 ‘
721 2023 889 2056 Omnibus

191 2075 310 2107 umbra
344 2074 431 2106 locis
461 2073 577 2114 adero,
607 2073 704 2105 dabis
733 2074 889 2114 improbe

189 2124 332 2167 ptenas.'
362 2125 407 2156 Et
423 2124 490 2156 Ov.
512 2125 546 2155 in
559 2123 636 2155 Ibin
651 2135 660 2155 z
684 2124 693 2141 ‘
708 2124 792 2155 Tum
808 2134 890 2166 quo-

189 2184 256 2216 que
279 2173 448 2206 factorum
471 2173 602 2204 veniam
626 2182 754 2204 memor
769 2173 890 2205 umbra

189 2230 339 2265 tuorum,
354 2223 521 2265 Insequar
532 2227 568 2254 et
581 2223 694 2254 vultus
709 2231 809 2254 ossea
823 2221 891 2254 for·

191 2284 248 2307 ma
276 2273 375 2307 tuos!
426 2274 480 2305 De
515 2273 653 2314 Phryxo
687 2283 822 2315 quoque
847 2274 890 2305 ab

193 2325 296 2357 AEtna
314 2325 428 2361 occiso
451 2324 566 2355 Pelias
586 2323 676 2363 apud
694 2324 770 2355 Val.
792 2324 891 2356 Flac-

194 2385 292 2406 cum:
318 2378 327 2393 ‘
344 2374 424 2405 Non
441 2373 560 2404 nuntia
575 2377 707 2404 tantum
718 2373 823 2404 Fama
839 2382 892 2404 re-

195 2423 264 2456 fert
293 2425 401 2464 ipsum
428 2423 592 2463 juvenem
620 2427 690 2454 tam
716 2431 807 2454 saeva
835 2431 893 2463 ge-

197 2479 370 2506 mentem:
395 2473 510 2513 Ipsum
524 2482 600 2513 ego,
617 2482 693 2504 cum
714 2482 809 2504 serus
825 2472 894 2504 fes·

197 2534 252 2557 sos
266 2533 367 2565 sopor
383 2524 503 2563 alligat
518 2527 624 2558 artus,
640 2522 803 2564 Aspicio.'
825 2524 895 2555 Ne-

197 2585 264 2617 que
278 2574 313 2606 id
324 2574 387 2605 soli
401 2573 520 2605 Poetae
535 2576 685 2612 narrant,
698 2576 758 2604 aut
771 2572 813 2604 ad
827 2573 897 2604 ani-

198 2625 244 2656 mi
263 2627 395 2656 tantum
405 2622 649 2654 conscientiam
660 2620 874 2654 referendum
886 2632 895 2653 ε

201 2684 279 2707 nam
295 2672 482 2715 gravissimi
495 2676 652 2704 auctores
664 2671 712 2703 ita
726 2671 899 2704 historiam

200 2725 360 2762 tradunt3
396 2722 501 2755 veluti
536 2723 633 2755 Plut.
667 2722 822 2758 Cimone,
855 2722 900 2754 de

201 2776 356 2808 Damone
365 2774 512 2816 quodam
525 2782 584 2814 per
595 2771 750 2804 fraudem
760 2772 794 2804 in
807 2781 900 2813 gym-

201 2826 294 2857 nasio
310 2822 507 2864 interfecto,
522 2822 632 2864 deque
649 2821 701 2854 his
717 2831 793 2863 quae
809 2822 900 2854 Pau-

1511 272 1623 314 1549

921 375 1026 406 saniae
1043 374 1242 406 Graecorum
1269 370 1346 404 duci
1370 371 1531 412 Byzantii
1547 384 1625 406 con-

921 424 1082 465 tigerunt.

963 478 1005 506 93
1028 472 1201 514 Petamque
1215 473 1334 514 vultus]
1358 472 1402 504 Et
1423 482 1489 514 ego
1506 471 1626 503 umbra

921 524 1080 555 involabo
1096 524 1130 555 in
1145 523 1251 555 facies
1268 529 1411 554 vestras.

964 576 1007 605 94
1031 574 1111 609 Quoe
1139 574 1188 605 vis
1214 573 1372 617 Deorum]
1402 573 1489 605 Quae
1519 571 1628 604 umbra

923 626 974 656 vis
990 629 1044 656 est
1069 630 1104 656 et
1125 625 1208 656 ultio
1230 625 1379 655 Deorum
1394 623 1564 663 Manium,
1580 623 1630 654 sic

924 680 963 707 ut
989 685 1051 716 per
1077 675 1212 707 umbras
1236 675 1295 706 Dii
1319 674 1441 705 Manes
1467 683 1503 704 se
1520 673 1629 704 vindi-

924 731 1016 758 cent.

968 779 1009 808 95
1032 776 1185 808 Assidens
1205 775 1404 817 proecordiis]
1430 775 1475 806 Et
1489 784 1553 815 ego
1580 773 1631 805 in-

926 826 1058 858 haerens
1069 826 1267 868 praecordiis
1280 824 1632 867 nunquamquiescen-

928 876 1020 908 tibus
1036 876 1188 908 auferam
1205 878 1428 915 somnos,&c.

971 929 1013 958 97
1042 926 1180 958 Via-atim
1194 925 1281 966 hinc]
1303 927 1333 957 E
1349 925 1489 965 singulis
1501 925 1596 956 vicis.

974 975 1033 1016 [98
1072 977 1250 1008 contundat
1275 976 1417 1007 obscenas
1443 975 1553 1007 codex
1578 985 1633 1017 ap.

928 1026 1066 1068 Jaeck.]

971 1079 1015 1107 99
1040 1075 1206 1116 Dfflrent
1241 1075 1322 1116 lupi]
1355 1076 1568 1115 Discerpent
1597 1078 1636 1107 et

930 1126 1142 1166 dissipabunt
1158 1135 1302 1165 corpora
1313 1130 1426 1157 vestra
1438 1125 1611 1166 insepulta
1623 1135 1634 1163 ;

932 1186 998 1216 quo
1025 1175 1106 1206 nihil
1133 1175 1307 1206 veteribus
1332 1174 1399 1206 fuit
1428 1174 1636 1206 horribilius.

932 1226 1082 1267 [Plotius
1109 1235 1165 1266 ap.
1191 1225 1333 1257 Putsch.
1361 1234 1391 1256 c.
1420 1227 1518 1256 2645.
1541 1221 1635 1266 diffe-

931 1280 1004 1307 rant
1016 1286 1028 1313 ;
1051 1275 1160 1306 codex
1177 1284 1233 1315 ap.
1248 1275 1372 1311 Jaoek,
1383 1274 1550 1314 deferent]

975 1329 1037 1357 loo
1059 1325 1236 1365 Esquilinum
1260 1324 1368 1364 alites]
1404 1324 1445 1355 In
1474 1323 1638 1365 Esquiliis

932 1384 1111 1406 commune
1129 1374 1365 1404 vilissimorum
1389 1373 1562 1404 hominurn
1586 1382 1637 1404 se-

933 1425 1090 1465 pulcrum
1107 1424 1227 1465 fuisse,
1243 1425 1316 1464 ipse
1333 1423 1499 1456 Horatius
1522 1432 1547 1454 1.
1561 1423 1638 1454 Sat.

933 1478 964 1506 8.
999 1476 1227 1507 testimonium
1269 1475 1374 1506 dicet.
1419 1473 1639 1514 Porphyrion

934 1525 1035 1556 etiam
1052 1525 1094 1556 ad
1113 1530 1247 1566 portam
1262 1523 1470 1566 Esquilinam
1485 1532 1551 1554 non
1567 1531 1639 1554 mo-

934 1576 978 1607 do
1007 1586 1209 1617 pauperum,
1237 1575 1298 1607 sed
1330 1581 1367 1606 et
1396 1574 1638 1606 sceleratorum

935 1635 1082 1667 corpora
1104 1626 1271 1664 comburi,
1288 1625 1340 1656 vel
1365 1624 1523 1655 ambusta
1536 1623 1640 1664 abjici

936 1676 1046 1706 solere
1063 1675 1182 1706 tradit.
1225 1675 1294 1706 Sed
1309 1679 1345 1706 et
1363 1674 1507 1705 Tacitus
1522 1673 1584 1703 lib.
1598 1682 1639 1704 n.

937 1725 1048 1755 locum
1065 1724 1225 1764 supplicii
1240 1725 1287 1755 ibi
1303 1723 1407 1754 fuisse
1422 1722 1573 1754 ostendit
1588 1722 1640 1753 his

938 1773 1070 1804 verbis:
1095 1775 1105 1792 ‘
1122 1774 1276 1805 Sumtum
1294 1782 1386 1804 more
1410 1772 1523 1813 prisco
1542 1776 1643 1805 extra

939 1825 1148 1866 Esquilinam
1182 1824 1228 1855 de
1272 1821 1473 1855 nocentibus
1510 1822 1642 1863 suppli-

938 1873 1051 1906 cium!
1074 1874 1165 1907 Quin
1176 1873 1385 1915 Esquilinam
1395 1876 1528 1913 portam
1539 1872 1644 1904 etiarn

939 1925 949 1942 ‘
967 1924 1146 1957 Maeciam’
1162 1925 1240 1956 olim
1275 1928 1430 1955 vocatam
1454 1922 1562 1954 fuisse
1586 1932 1645 1954 vo-

940 1975 1028 2007 lunt.
1074 1976 1119 2006 Et
1141 1973 1339 2006 carnificum
1360 1972 1488 2004 ibidem
1511 1972 1642 2005 habita-

942 2025 1067 2056 tionem
1090 2023 1206 2056 fnisse.
1249 2023 1437 2054 Mirabitur
1462 2022 1642 2064 quispiam,

941 2084 1003 2105 cur
1017 2074 1124 2115 fingat
1140 2074 1302 2115 Esquiliis
1319 2072 1547 2104 veneficarum
1562 2081 1643 2104 noc-

942 2128 1042 2156 turna
1057 2129 1093 2155 et
1108 2124 1242 2164 magica
1256 2132 1355 2155 sacra
1370 2122 1534 2154 Horatius
1550 2133 1557 2152 :
1582 2121 1643 2153 sed

938 2174 1055 2205 mirari
1074 2173 1224 2213 desinet,
1238 2173 1295 2214 qui
1312 2173 1400 2204 sciet
1412 2182 1470 2204 eas
1484 2172 1644 2204 mulieres

940 2224 1042 2256 busta
1077 2223 1172 2266 sequi
1208 2224 1340 2255 solere:
1373 2222 1424 2254 ita
1457 2232 1477 2253 a
1507 2222 1644 2254 Graecis

942 2274 952 2292 ‘
968 2274 1155 2306 bustuarias
1168 2273 1178 2288 ¹
1193 2274 1390 2315 appellatae,
1406 2272 1498 2314 quod
1522 2273 1556 2304 in
1573 2282 1644 2304 mo-

942 2323 1112 2354 numentis
1134 2332 1228 2363 soepe
1250 2326 1482 2361 versarentur,
1497 2327 1533 2353 et
1559 2331 1646 2352 mor-

943 2377 1080 2403 tuorum
1113 2371 1283 2403 cadavera
1325 2371 1536 2403 mutilarent.
1564 2371 1646 2402 vid.

942 2420 1095 2452 Turneb.
1125 2428 1205 2451 xlv.
1235 2422 1291 2452 38,
1335 2420 1509 2460 Esquilinae
1536 2419 1646 2459 alites]

943 2470 1108 2501 Vultnres
1133 2479 1226 2509 aves,
1242 2470 1274 2501 in
1288 2470 1451 2511 Esquiliis
1468 2469 1576 2510 (colle
1591 2476 1646 2497 ur-

945 2519 998 2550 bis
1026 2517 1159 2558 Romae)
1174 2518 1319 2549 volitare
1340 2519 1462 2549 solent·
1506 2516 1648 2557 [Exqui-

945 2569 1018 2599 linoe
1033 2568 1185 2609 quinque
1201 2567 1302 2598 codd.
1318 2576 1373 2607 ap.
1389 2567 1505 2605 Feam‚
1517 2570 1554 2597 et
1568 2565 1647 2597 edd.

946 2619 1054 2660 antiq.
1068 2627 1183 2649 ornnes
1197 2626 1303 2658 usque
1320 2617 1363 2648 ad
1377 2626 1431 2648 an.
1453 2619 1553 2649 1536..
1563 2615 1648 2648 item

948 2670 1030 2703 Fea,
1045 2667 1170 2707 Bothe,
1185 2671 1222 2699 et
1235 2666 1374 2707 Jaeck]

994 2722 1054 2751 101
1082 2719 1194 2759 Neque
1219 2719 1275 2749 hoc
1299 2717 1456 2758 parentes]
1479 2717 1648 2749 Parentes

950 2771 1017 2802 mei
1041 2769 1121 2800 mihi
1145 2769 1351 2810 superstites
1370 2767 1430 2810 (ad
1454 2777 1550 2800 suum
1576 2768 1648 2799 luc-

950 2826 1022 2853 tum
1046 2818 1257 2860 leniendum)
1280 2819 1526 2852 videbunthas
1550 2827 1649 2851 vene-
