1916 3262
542 299 895 332 musromnum
930 301 1025 334 Lm.
1060 301 1111 331 ιι.
1144 291 1183 332 l.
1470 292 1583 336 1215

125 393 160 443 Ἥ
180 393 261 436 Est
280 397 405 436 vetus
425 400 557 449 atque
574 395 756 448 probus,
779 401 956 438 centum
979 397 1057 450 qui
1078 395 1250 451 perficit
1270 408 1424 438 annos.

125 459 162 509 ἹῙ
177 459 335 512 Quid'l
366 462 443 515 qui
463 461 651 516 deperiit
668 463 813 512 minor
832 476 917 505 uno
937 476 1091 506 mense
1111 463 1184 505 vel
1206 476 1335 514 anno,

126 526 248 570 Inter
268 541 380 583 quos
401 529 655 571 referendus
677 531 788 572 erit?
819 536 1047 573 veteresne
1068 530 1248 586 poetas,

126 593 201 636 An
215 607 333 649 quos
354 600 401 636 et
422 609 618 650 praesens
636 600 681 638 et
700 601 878 651 postera
893 603 1074 652 respuet
1092 604 1202 640 aetas
1218 599 1237 638 ‘l

126 659 163 709 ῚῘ
182 659 278 703 Iste
299 657 477 716 quidem
499 666 671 705 veteres
691 664 803 705 inter
824 653 1240 718 ponetur'honestffi

128 727 219 779 Qui
240 729 311 770 vel
329 741 480 771 mense
500 730 622 772 brevi
641 731 713 771 vel
734 735 831 772 toto
855 735 922 773 est
935 731 1088 786 junior
1108 744 1240 773 anno.

126 793 164 844 ΊῘ
180 793 295 837 Utor
313 796 552 849 permisso,
575 798 822 852 caudaeque
842 799 960 853 pilos
982 804 1030 841 ut
1051 800 1229 854 equinae

126 860 352 904 Paulatim
373 863 506 914 ve110‚
526 868 570 906 et
591 864 721 906 demo
743 879 895 917 unum,
917 866 1046 908 demo
1066 867 1197 908 etiam
1218 879 1379 919 unum;

128 927 250 985 Dum
269 929 401 971 cadat
418 931 570 973 elusus
588 933 755 975 ratione
781 933 946 975 ruentis
967 935 1128 984 acervi,

1527 463 1584 505 40

1530 801 1588 841 45

126 1053 321 1085 troversiam.
370 1054 466 1086 Vetus
481 1058 511 1086 et
530 1055 686 1096 perfectus
707 1058 752 1087 est
775 1056 827 1097 qui
847 1058 920 1087 ante
942 1065 1040 1087 annos
1061 1059 1186 1088 centum
1211 1057 1302 1089 obiit.
1349 1055 1435 1093 Quid
1450 1067 1522 1089 vero
1535 1057 1590 1097 qui

126 1103 188 1125 uno
215 1105 319 1128 manse
340 1098 391 1128 vel
409 1107 489 1129 anno
502 1097 616 1137 junior
639 1097 776 1136 interiit,
804 1098 916 1139 quibus
936 1098 1214 1131 annumerabitur?
1245 1110 1286 1131 an
1308 1099 1462 1141 antiquis,
1486 1109 1527 1131 am
1549 1099 1590 1130 iia

126 1146 204 1176 quos
230 1141 308 1169 σίας
331 1142 437 1171 nostra
465 1144 496 1172 et
517 1143 664 1172 secutura
686 1141 852 1180 negliget?
896 1141 968 1182 Ille,
992 1142 1127 1182 inquies,
1155 1142 1239 1173 inter
1267 1146 1386 1174 veteres
1411 1146 1494 1173 recte
1519 1151 1590 1172 cen-

128 1177 248 1211 sebitur
268 1181 321 1221 qui
343 1191 446 1213 mense
474 1184 631 1214 duntaxat
654 1184 704 1214 vel
730 1193 811 1214 anno
836 1184 991 1224 posterior
1005 1183 1121 1221 fuerit.
1166 1185 1238 1223 Ego
1263 1194 1439 1216 concessum
1453 1194 1590 1222 assumo,

128 1224 160 1251 et
173 1222 354 1255 minutatim
379 1225 510 1256 detraho
531 1226 620 1266 quasi
643 1225 724 1265 pilos
752 1226 859 1256 caudoe
885 1226 1029 1266 equinoe;
1051 1229 1146 1266 atque
1172 1227 1310 1257 diminuo
1332 1237 1428 1257 unum
1456 1227 1590 1266 itemque

128 1263 271 1306 alterum,
294 1266 387 1298 donee
411 1267 580 1299 dilabentis
602 1268 717 1299 cumuli
746 1267 868 1299 ratione
890 1269 1034 1308 deceptus
1060 1268 1205 1300 vincatur
1226 1269 1281 1310 qui
1310 1278 1408 1300 annos
1438 1270 1592 1308 numerat,

739 1362 984 1374 Menoeceo„

127 1425 278 1458 excludit.
302 1425 382 1457 Vat.
399 1425 511 1457 Palat.
528 1428 559 1457 3.
575 1427 815 1457 excludet.-41
832 1425 951 1457 Bentl.
968 1426 1058 1466 conj.
1079 1428 1254 1466 veteresque
1274 1425 1456 1467 probosque.
1493 1427 1590 1458 Vatt.

129 1476 190 1498 sex
202 1467 428 1500 Vnt.Rom.5.
442 1468 599 1500 Vallicel.
613 1470 645 1500 1.
660 1469 840 1500 Barberin.
853 1471 885 1499 2.
900 1468 998 1499 Harl.
1012 1471 1045 1499 2.
1059 1470 1089 1499 3.
1105 1468 1161 1499 alii
1176 1468 1276 1500 codd.
1292 1478 1347 1509 ap.
1365 1469 1592 1510 Pulm.Cruq.

128 1509 285 1541 'rori-ent.
298 1510 413 1541 Bentl.
430 1515 468 1542 et
482 1511 613 1542 Valart·
634 1514 783 1551 respuam
806 1510 855 1542 ita
871 1515 1027 1542 notatum
1043 1511 1076 1542 in
1093 1520 1152 1542 ora
1168 1510 1327 1543 editionis
1343 1510 1428 1542 Aldi
1443 1514 1540 1543 1501.
1558 1512 1591 1542 in

128 1550 221 1583 Bibl.
245 1551 324 1584 Vnt.
349 1553 523 1584 revocavit
549 1554 583 1584 in
611 1558 742 1584 textum
767 1554 961 1594 Remmius,
987 1553 1067 1584 inde
1089 1563 1276 1594 anonymus
1297 1554 1390 1594 Traj.
1415 1554 1458 1585 ad
1481 1553 1594 1585 Rhen-

130 1596 228 1626 1⁷18.
260 1594 347 1626 Cun.
362 1595 444 1627 San.
462 1595 613 1628 Mei-vill.
639 1596 728 1627 Phil.
746 1596 899 1636 sandby,
923 1596 1066 1636 Dorigh.
1088 1596 1303 1635 dubitative3
1329 1606 1396 1627 non
1423 1597 1595 1636 absolute,

130 1639 169 1668 ut
183 1635 259 1668 aliae
274 1637 440 1669 lectiones
455 1638 586 1679 respuit,
601 1639 656 1669 vel
671 1642 805 1679 respuet.
852 1639 947 1671 Harl.
961 1641 994 1670 4.
1009 1642 1043 1670 6.
1059 1641 1092 1670 7.
1115 1639 1330 1679 nepum—45
1349 1640 1430 1671 Utor
1442 1639 1593 1680 promisso

131 1677 211 1710 edd.
227 1678 344 1720 primae
361 1685 442 1712 ante
458 1680 537 1713 Ald.
553 1683 671 1713 2.-46
692 1681 773 1713 Vnt.
790 1683 822 1712 9.
840 1684 876 1712 et
891 1690 976 1712 unus
992 1681 1107 1712 Pnlm.
1128 1682 1234 1714 evello.
1279 1682 1394 1713 Bentl.
1417 1691 1460 1712 ex
1488 1682 1593 1714 codd.

130 1721 218 1753 demo
232 1723 264 1753 et
278 1721 354 1754 item
368 1732 483 1760 “nunu
507 1723 555 1755 ita
578 1727 657 1754 octo
673 1723 772 1755 codd.
791 1734 844 1764 ap.
861 1723 975 1762 Feam,
990 1723 1046 1754 alii
1064 1733 1119 1764 ap.
1136 1724 1295 1756 Torrent.
1310 1729 1346 1755 et
1360 1723 1516 1756 Oberlin.
1534 1734 1594 1755 no-

131 1767 240 1795 tatum
264 1773 308 1795 ex
329 1764 407 1797 cod.
428 1766 462 1797 in
478 1765 559 1797 Ald.
576 1768 673 1797 1509.
699 1765 734 1796 iu
750 1765 917 1797 Biblioth.
933 1765 1112 1797 Barberin.
1129 1766 1248 1797 laudat
1270 1767 1304 1797 in
1325 1772 1410 1798 nota
1427 1766 1593 1798 Torrent.

132 1807 1167 1881 'ssfissl'iffuv'i‘assssf‘ss'ffii'1'hf'3'ssa222‘..ffi‘iiffliflimcssnssnffi
1182 1808 1317 1881 {21:³22
1332 1809 1372 1881 1¹2¹
1376 1808 1594 1882 {233¹}ssssss

134 1898 187 1930 pr.
202 1857 285 1922 idgem
298 1894 489 1924 πωπω-47
505 1892 593 1922 Dum
607 1892 696 1923 cadet
712 1891 813 1923 Harl.
830 1894 860 1922 3.
875 1894 908 1922 6.
931 1891 1013 1923 Vet.
1027 1890 1146 1923 comb.
1162 1897 1198 1924 et
1214 1893 1258 1924 al.
1275 1895 1447 1925 vett—48
1461 1892 1595 1934 Viginti

788 1973 936 2007 NOTAE

179 2039 222 2069 39
242 2037 306 2070 Est
327 2042 415 2070 vetito
433 2042 538 2080 atque,
554 2038 624 2079 ξω]
649 2039 837 2080 Responsio

893 2042 968 2071 tra:
990 2043 1112 2071 eontra
1141 2040 1194 2071 vir
1216 2039 1368 2072 infirmus
1390 2040 1492 2073 fortis
1516 2042 1595 2083 equi

136 2092 191 2119 est
215 2087 415 2127 adversarii,
442 2098 541 2131 quam
570 2097 650 2120 mox
674 2089 838 2120 convellit

892 2088 1034 2121 caudam
1071 2090 1167 2121 brevi
1206 2090 1408 2131 denudavit,
1445 2092 1595 2132 singulos

138 2137 316 2170 Horatius.

178 2190 220 2221 43
243 2189 310 2221 Iste
321 2190 444 2231 quidem
457 2190 592 2231 veteres]
615 2190 672 2222 Ita
687 2191 839 2233 loquitur

138 2239 365 2272 adversarius.

177 2291 220 2321 4⁵
249 2289 328 2321 Utor
340 2290 505 2331 permisso]
529 2291 606 2323 Tua
618 2291 838 2332 responsione

136 2343 227 2376 utor,
241 2348 281 2372 uc
297 2345 330 2372 te
346 2349 518 2381 expugno,
541 2341 652 2384 inquit
667 2341 788 2374 Poeta.

183 2389 357 2429 &udaque
375 2390 458 2429 pilos
482 2393 518 2421 ut
539 2391 673 2431 equinoe,
690 2391 761 2432 ⁸50]
785 2393 839 2424 Ex

138 2437 282 2469 historia
302 2438 456 2475 Sertorii,
475 2441 535 2481 qui
561 2445 598 2472 ut
624 2440 783 2472 barbaros
799 2450 838 2473 ac

139 2486 326 2518 ferociores
363 2488 506 2519 militum
539 2499 674 2521 suorum
710 2491 840 2523 animos

142 2536 309 2577 erudiret,
337 2537 421 2569 duos
445 2548 551 2580 equos
577 2540 700 2573 adduci
720 2542 840 2582 jussit,

142 2587 286 2620 alterum
323 2586 538 2625 imbecillem,
573 2589 719 2621 alterum
756 2591 840 2622 vali-

142 2637 238 2668 dum.
283 2635 453 2668 imbecilli
468 2638 628 2677 apposuit
652 2640 759 2671 virum
773 2640 840 2671 for-

144 2692 227 2723 tem,
260 2686 370 2718 valido
398 2685 579 2718 infirmum.
628 2688 719 2720 Dato
748 2689 844 2730 signo

144 2737 198 2768 vir
213 2735 312 2768 fortis
334 2736 412 2777 eqni
427 2737 608 2768 imbecillis
620 2738 759 2769 caudam
775 2749 844 2770 am-

144 2785 253 2817 babus
272 2790 414 2826 captans
436 2786 589 2817 manibus
610 2790 718 2818 totam
746 2787 845 2819 simul

146 2835 344 2868 abstrahere
359 2840 394 2868 et
405 2836 555 2868 avellere
567 2836 743 2869 nitebatur
759 2836 844 2869 frus-

892 2139 977 2180 pilos
1013 2140 1175 2172 evellens.
1220 2141 1304 2172 Tum
1343 2151 1522 2184 assurgens
1561 2143 1595 2174 in

892 2189 1057 2221 concione
1073 2190 1242 2223 Sertorius
1255 2191 1303 2222 ait
1317 2202 1324 2222 :
1340 2191 1489 2233 Videtis,
1505 2202 1595 2224 com-

892 2238 1073 2279 militones,
1083 2239 1286 2271 industriam
1299 2240 1374 2281 plns
1386 2250 1486 2281 posse
1493 2251 1595 2282 quam

894 2288 1007 2320 vires:
1031 2289 1079 2321 sic
1097 2300 1173 2331 quae
1197 2299 1264 2321 uno
1287 2290 1419 2331 impetu
1441 2291 1597 2332 superari

893 2345 1080 2381 nequeunt,
1098 2341 1263 2381 paulatim
1287 2347 1362 2373 arte
1377 2346 1413 2373 et
1429 2343 1597 2383 patientia

894 2389 1089 2423 vincuntur.
1111 2390 1287 2423 Plutarch.

935 2442 977 2471 46
1001 2441 1103 2472 Demo
1117 2451 1224 2480 unum,
1235 2441 1306 2482 ξω]
1322 2442 1479 2483 Singulos
1491 2450 1595 2472 anuos

894 2488 1062 2521 demendo
1091 2491 1269 2531 paulatim,
1294 2496 1434 2523 corruet
1455 2500 1596 2522 acervus

893 2538 952 2570 ille
980 2546 1057 2571 tuus
1080 2550 1242 2572 annorum
1270 2547 1434 2573 centum:
1457 2539 1596 2570 sensim-

894 2599 959 2630 que
975 2589 1142 2621 deducam
1163 2595 1198 2622 te
1221 2591 1263 2621 ad
1281 2595 1453 2630 postrema
1467 2594 1597 2628 tempo-

895 2648 944 2670 ra.
991 2640 1099 2671 Porro
1115 2640 1230 2671 licebit
1245 2640 1326 2670 mihi
1342 2647 1478 2679 semper
1494 2647 1598 2670 unum

896 2698 1020 2720 anuum
1036 2689 1216 2720 detrahere
1230 2699 1240 2727 ;
1266 2688 1293 2719 si
1308 2687 1444 2729 quidem
1456 2697 1595 2719 conces-

897 2739 982 2779 sisti,
998 2739 1009 2758 ‘
1023 2740 1112 2771 inter
1136 2743 1272 2770 veteres
1287 2739 1428 2771 honeste
1446 2738 1524 2780 poni
1539 2737 1597 2780 qui

898 2793 972 2820 toto
988 2798 1077 2820 anno
1084 2789 1199 2829 junior
1216 2788 1290 2820 est.’

939 2840 980 2870 47
1004 2838 1091 2870 Dum
1105 2839 1196 2871 cadat
1211 2839 1313 2871 elusus
1333 2839 1452 2872 ratione
1475 2839 1598 2871 ruentis
