<?xml version="1.0" encoding="UTF-8"?>
<!DOCTYPE html PUBLIC "-//W3C//DTD XHTML 1.0 Transitional//EN"
    "http://www.w3.org/TR/xhtml1/DTD/xhtml1-transitional.dtd">
<html xmlns="http://www.w3.org/1999/xhtml" xml:lang="en" lang="en">
 <head>
  <title>
</title>
<meta http-equiv="Content-Type" content="text/html;charset=utf-8" />
  <meta name='ocr-system' content='tesseract 3.04.00' />
  <meta name='ocr-capabilities' content='ocr_page ocr_carea ocr_par ocr_line ocrx_word'/>
</head>
<body>
  <div class='ocr_page' id='page_1' title='image "./operazeune03horauoft/operazeune03horauoft_0539.png"; bbox 0 0 1904 3216; ppageno 0'>
   <div class='ocr_carea' id='block_1_1' title="bbox 450 294 1249 338">
    <p class='ocr_par' dir='ltr' id='par_1_1' title="bbox 450 294 1249 338">
     <span class='ocr_line' id='line_1_1' title="bbox 450 294 1249 338; baseline -0.004 0"><span class='ocrx_word' id='word_1_1' title='bbox 450 306 655 338; x_wconf 66' lang='lat' dir='ltr'>nonnul</span> <span class='ocrx_word' id='word_1_2' title='bbox 689 305 964 337; x_wconf 65' lang='lat' dir='ltr'>suumomni</span> <span class='ocrx_word' id='word_1_3' title='bbox 999 305 1092 335; x_wconf 73' lang='lat' dir='ltr'>ms.</span> <span class='ocrx_word' id='word_1_4' title='bbox 1127 305 1178 335; x_wconf 83' lang='lat'>11.</span> <span class='ocrx_word' id='word_1_5' title='bbox 1206 294 1249 336; x_wconf 84' lang='grc'>2.</span> 
     </span>
    </p>
   </div>
   <div class='ocr_carea' id='block_1_2' title="bbox 107 400 815 2874">
    <p class='ocr_par' dir='ltr' id='par_1_2' title="bbox 115 400 815 1034">
     <span class='ocr_line' id='line_1_2' title="bbox 122 400 815 446; baseline -0.006 -10"><span class='ocrx_word' id='word_1_6' title='bbox 122 405 179 437; x_wconf 78' lang='lat' dir='ltr'>alii</span> <span class='ocrx_word' id='word_1_7' title='bbox 193 414 258 436; x_wconf 90' lang='lat' dir='ltr'>uon</span> <span class='ocrx_word' id='word_1_8' title='bbox 271 407 467 446; x_wconf 83' lang='lat' dir='ltr'>sequantur.</span> <span class='ocrx_word' id='word_1_9' title='bbox 526 400 711 444; x_wconf 79' lang='lat' dir='ltr'>Postquam</span> <span class='ocrx_word' id='word_1_10' title='bbox 726 402 815 433; x_wconf 80' lang='lat' dir='ltr'>enim</span> 
     </span>
     <span class='ocr_line' id='line_1_3' title="bbox 121 450 815 495; baseline -0.006 -9"><span class='ocrx_word' id='word_1_11' title='bbox 121 454 264 494; x_wconf 88' lang='lat' dir='ltr'>ciconia,</span> <span class='ocrx_word' id='word_1_12' title='bbox 288 463 389 495; x_wconf 88' lang='lat' dir='ltr'>quam</span> <span class='ocrx_word' id='word_1_13' title='bbox 417 462 461 484; x_wconf 91' lang='lat' dir='ltr'>ne</span> <span class='ocrx_word' id='word_1_14' title='bbox 487 452 658 492; x_wconf 78' lang='lat' dir='ltr'>attingere</span> <span class='ocrx_word' id='word_1_15' title='bbox 678 450 815 492; x_wconf 90' lang='lat' dir='ltr'>quidem</span> 
     </span>
     <span class='ocr_line' id='line_1_4' title="bbox 124 500 815 545; baseline -0.006 -10"><span class='ocrx_word' id='word_1_16' title='bbox 124 503 301 536; x_wconf 84' lang='lat' dir='ltr'>voluerant</span> <span class='ocrx_word' id='word_1_17' title='bbox 325 503 481 545; x_wconf 84' lang='lat' dir='ltr'>majores,</span> <span class='ocrx_word' id='word_1_18' title='bbox 521 500 612 533; x_wconf 85' lang='lat' dir='ltr'>Rufo</span> <span class='ocrx_word' id='word_1_19' title='bbox 643 505 815 532; x_wconf 74' lang='lat' dir='ltr'><strong>assertore</strong></span> 
     </span>
     <span class='ocr_line' id='line_1_5' title="bbox 119 550 814 594; baseline -0.006 -9"><span class='ocrx_word' id='word_1_20' title='bbox 119 553 302 594; x_wconf 83' lang='lat' dir='ltr'>placuerit,</span> <span class='ocrx_word' id='word_1_21' title='bbox 325 562 386 584; x_wconf 88' lang='lat' dir='ltr'>cur</span> <span class='ocrx_word' id='word_1_22' title='bbox 414 561 482 584; x_wconf 87' lang='lat' dir='ltr'>nou</span> <span class='ocrx_word' id='word_1_23' title='bbox 508 555 546 583; x_wconf 88' lang='lat' dir='ltr'>et</span> <span class='ocrx_word' id='word_1_24' title='bbox 569 550 687 592; x_wconf 81' lang='lat' dir='ltr'>mergi,</span> <span class='ocrx_word' id='word_1_25' title='bbox 711 559 814 592; x_wconf 85' lang='lat' dir='ltr'>quau-</span> 
     </span>
     <span class='ocr_line' id='line_1_6' title="bbox 121 599 814 642; baseline -0.004 -8"><span class='ocrx_word' id='word_1_26' title='bbox 121 602 247 634; x_wconf 83' lang='lat' dir='ltr'>tumvis</span> <span class='ocrx_word' id='word_1_27' title='bbox 262 601 337 634; x_wconf 84' lang='lat' dir='ltr'>duri</span> <span class='ocrx_word' id='word_1_28' title='bbox 353 605 389 633; x_wconf 89' lang='lat' dir='ltr'>et</span> <span class='ocrx_word' id='word_1_29' title='bbox 408 602 579 639; x_wconf 75' lang='lat' dir='ltr'>insuaves,</span> <span class='ocrx_word' id='word_1_30' title='bbox 595 599 661 631; x_wconf 89' lang='lat' dir='ltr'>assi</span> <span class='ocrx_word' id='word_1_31' title='bbox 679 609 814 642; x_wconf 89' lang='lat' dir='ltr'>quoque</span> 
     </span>
     <span class='ocr_line' id='line_1_7' title="bbox 121 649 813 692; baseline -0.001 -9"><span class='ocrx_word' id='word_1_32' title='bbox 121 651 260 684; x_wconf 81' lang='lat' dir='ltr'>tandem</span> <span class='ocrx_word' id='word_1_33' title='bbox 276 650 486 692; x_wconf 83' lang='lat' dir='ltr'>probentur?</span> <span class='ocrx_word' id='word_1_34' title='bbox 507 649 598 682; x_wconf 88' lang='lat' dir='ltr'>Plin.</span> <span class='ocrx_word' id='word_1_35' title='bbox 614 658 651 681; x_wconf 87' lang='lat' dir='ltr'>x.</span> <span class='ocrx_word' id='word_1_36' title='bbox 679 652 734 682; x_wconf 78' lang='lat'>23.</span> <span class='ocrx_word' id='word_1_37' title='bbox 772 650 813 682; x_wconf 87' lang='lat' dir='ltr'>In</span> 
     </span>
     <span class='ocr_line' id='line_1_8' title="bbox 119 699 814 741; baseline -0.004 -8"><span class='ocrx_word' id='word_1_38' title='bbox 119 701 252 733; x_wconf 88' lang='lat' dir='ltr'>duobus</span> <span class='ocrx_word' id='word_1_39' title='bbox 266 701 371 733; x_wconf 85' lang='lat' dir='ltr'>etiam</span> <span class='ocrx_word' id='word_1_40' title='bbox 393 700 567 733; x_wconf 72' lang='lat' dir='ltr'>codicibus</span> <span class='ocrx_word' id='word_1_41' title='bbox 591 699 736 731; x_wconf 74' lang='lat' dir='ltr'>edisserit</span> <span class='ocrx_word' id='word_1_42' title='bbox 753 709 814 741; x_wconf 88' lang='lat' dir='ltr'>pro</span> 
     </span>
     <span class='ocr_line' id='line_1_9' title="bbox 119 750 813 795; baseline -0.004 -11"><span class='ocrx_word' id='word_1_43' title='bbox 119 752 257 795; x_wconf 62' lang='lat' dir='ltr'>rainerii</span> <span class='ocrx_word' id='word_1_44' title='bbox 270 752 434 793; x_wconf 76' lang='lat' dir='ltr'>scriptum</span> <span class='ocrx_word' id='word_1_45' title='bbox 450 750 588 792; x_wconf 80' lang='lat' dir='ltr'><strong>repperi</strong></span> <span class='ocrx_word' id='word_1_46' title='bbox 602 760 611 781; x_wconf 70' lang='grc' dir='ltr'><strong><em>ι</em></strong></span> <span class='ocrx_word' id='word_1_47' title='bbox 643 750 703 782; x_wconf 87' lang='lat' dir='ltr'>sed</span> <span class='ocrx_word' id='word_1_48' title='bbox 719 755 813 782; x_wconf 85' lang='lat' dir='ltr'>vete-</span> 
     </span>
     <span class='ocr_line' id='line_1_10' title="bbox 118 801 812 844; baseline -0.004 -8"><span class='ocrx_word' id='word_1_49' title='bbox 118 814 192 836; x_wconf 89' lang='lat' dir='ltr'>rum</span> <span class='ocrx_word' id='word_1_50' title='bbox 221 813 316 836; x_wconf 88' lang='lat' dir='ltr'>more</span> <span class='ocrx_word' id='word_1_51' title='bbox 343 812 375 835; x_wconf 75' lang='lat' dir='ltr'>ss</span> <span class='ocrx_word' id='word_1_52' title='bbox 406 812 470 844; x_wconf 87' lang='lat' dir='ltr'>pro</span> <span class='ocrx_word' id='word_1_53' title='bbox 484 812 519 834; x_wconf 71' lang='lat' dir='ltr'>x.</span> <span class='ocrx_word' id='word_1_54' title='bbox 545 801 702 834; x_wconf 80' lang='lat' dir='ltr'><strong>edicendi</strong></span> <span class='ocrx_word' id='word_1_55' title='bbox 723 802 812 834; x_wconf 87' lang='lat' dir='ltr'>enim</span> 
     </span>
     <span class='ocr_line' id='line_1_11' title="bbox 117 850 812 892; baseline -0.006 -7"><span class='ocrx_word' id='word_1_56' title='bbox 117 852 258 885; x_wconf 82' lang='lat' dir='ltr'>verbum</span> <span class='ocrx_word' id='word_1_57' title='bbox 279 860 357 884; x_wconf 86' lang='lat' dir='ltr'>cum</span> <span class='ocrx_word' id='word_1_58' title='bbox 379 850 536 892; x_wconf 76' lang='lat' dir='ltr'>praetoris</span> <span class='ocrx_word' id='word_1_59' title='bbox 561 859 706 892; x_wconf 82' lang='lat' dir='ltr'>persona</span> <span class='ocrx_word' id='word_1_60' title='bbox 727 850 812 882; x_wconf 88' lang='lat' dir='ltr'>mire</span> 
     </span>
     <span class='ocr_line' id='line_1_12' title="bbox 116 900 813 942; baseline -0.006 -7"><span class='ocrx_word' id='word_1_61' title='bbox 116 903 302 942; x_wconf 79' lang='lat' dir='ltr'>couvenit3</span> <span class='ocrx_word' id='word_1_62' title='bbox 327 901 386 933; x_wconf 88' lang='lat' dir='ltr'>ille</span> <span class='ocrx_word' id='word_1_63' title='bbox 407 900 527 941; x_wconf 87' lang='lat' dir='ltr'>edicit,</span> <span class='ocrx_word' id='word_1_64' title='bbox 551 905 672 942; x_wconf 87' lang='lat' dir='ltr'>parent</span> <span class='ocrx_word' id='word_1_65' title='bbox 694 901 813 933; x_wconf 87' lang='lat' dir='ltr'>ceteri.</span> 
     </span>
     <span class='ocr_line' id='line_1_13' title="bbox 117 949 813 992; baseline -0.004 -8"><span class='ocrx_word' id='word_1_66' title='bbox 117 952 262 984; x_wconf 68' lang='lat' dir='ltr'>Tor-rent.</span> <span class='ocrx_word' id='word_1_67' title='bbox 309 950 456 984; x_wconf 77' lang='lat' dir='ltr'>Edixerit</span> <span class='ocrx_word' id='word_1_68' title='bbox 470 951 570 992; x_wconf 82' lang='lat' dir='ltr'>assos]</span> <span class='ocrx_word' id='word_1_69' title='bbox 590 950 661 982; x_wconf 90' lang='lat' dir='ltr'>Pro</span> <span class='ocrx_word' id='word_1_70' title='bbox 671 949 813 991; x_wconf 87' lang='lat' dir='ltr'>imperio</span> 
     </span>
     <span class='ocr_line' id='line_1_14' title="bbox 115 1001 254 1034; baseline 0 0"><span class='ocrx_word' id='word_1_71' title='bbox 115 1001 254 1034; x_wconf 75' lang='lat' dir='ltr'>dixerit.</span> 
     </span>
    </p>

    <p class='ocr_par' dir='ltr' id='par_1_3' title="bbox 117 1048 811 1142">
     <span class='ocr_line' id='line_1_15' title="bbox 158 1048 811 1090; baseline -0.006 -7"><span class='ocrx_word' id='word_1_72' title='bbox 158 1053 202 1083; x_wconf 77' lang='lat'>52</span> <span class='ocrx_word' id='word_1_73' title='bbox 238 1051 340 1083; x_wconf 81' lang='lat' dir='ltr'>Pmai</span> <span class='ocrx_word' id='word_1_74' title='bbox 368 1048 493 1089; x_wconf 73' lang='lat' dir='ltr'>docilis]</span> <span class='ocrx_word' id='word_1_75' title='bbox 532 1048 702 1081; x_wconf 85' lang='lat' dir='ltr'>Juveutus</span> <span class='ocrx_word' id='word_1_76' title='bbox 735 1057 811 1090; x_wconf 75' lang='lat' dir='ltr'>quae</span> 
     </span>
     <span class='ocr_line' id='line_1_16' title="bbox 117 1100 431 1142; baseline -0.006 -8"><span class='ocrx_word' id='word_1_77' title='bbox 117 1101 187 1134; x_wconf 90' lang='lat' dir='ltr'>cito</span> <span class='ocrx_word' id='word_1_78' title='bbox 197 1109 308 1142; x_wconf 79' lang='lat' dir='ltr'>prava</span> <span class='ocrx_word' id='word_1_79' title='bbox 317 1100 431 1132; x_wconf 85' lang='lat' dir='ltr'>discit.</span> 
     </span>
    </p>

    <p class='ocr_par' dir='ltr' id='par_1_4' title="bbox 110 1148 812 1839">
     <span class='ocr_line' id='line_1_17' title="bbox 157 1148 812 1190; baseline -0.003 -8"><span class='ocrx_word' id='word_1_80' title='bbox 157 1153 200 1183; x_wconf 73' lang='grc'>58</span> <span class='ocrx_word' id='word_1_81' title='bbox 227 1150 381 1182; x_wconf 70' lang='lat' dir='ltr'>Sordidus</span> <span class='ocrx_word' id='word_1_82' title='bbox 402 1160 418 1182; x_wconf 85' lang='lat' dir='ltr'>e</span> <span class='ocrx_word' id='word_1_83' title='bbox 442 1148 545 1190; x_wconf 77' lang='lat' dir='ltr'>tenui]</span> <span class='ocrx_word' id='word_1_84' title='bbox 565 1149 679 1181; x_wconf 73' lang='lat' dir='ltr'>Tenuis</span> <span class='ocrx_word' id='word_1_85' title='bbox 701 1148 812 1181; x_wconf 74' lang='lat' dir='ltr'>victus.</span> 
     </span>
     <span class='ocr_line' id='line_1_18' title="bbox 113 1199 811 1241; baseline -0.003 -9"><span class='ocrx_word' id='word_1_86' title='bbox 113 1200 217 1239; x_wconf 70' lang='grc' dir='ltr'><strong>λοι-νὴ</strong></span> <span class='ocrx_word' id='word_1_87' title='bbox 231 1199 344 1241; x_wconf 72' lang='grc' dir='ltr'><strong><em>δίαιτα,</em></strong></span> <span class='ocrx_word' id='word_1_88' title='bbox 359 1204 399 1232; x_wconf 87' lang='lat' dir='ltr'>ut</span> <span class='ocrx_word' id='word_1_89' title='bbox 413 1199 530 1232; x_wconf 82' lang='lat' dir='ltr'>Graeci</span> <span class='ocrx_word' id='word_1_90' title='bbox 541 1200 727 1241; x_wconf 89' lang='lat' dir='ltr'>loquuntur</span> <span class='ocrx_word' id='word_1_91' title='bbox 742 1208 811 1231; x_wconf 91' lang='lat' dir='ltr'>me-</span> 
     </span>
     <span class='ocr_line' id='line_1_19' title="bbox 114 1247 812 1292; baseline -0.001 -11"><span class='ocrx_word' id='word_1_92' title='bbox 114 1250 198 1290; x_wconf 87' lang='lat' dir='ltr'>dici,</span> <span class='ocrx_word' id='word_1_93' title='bbox 228 1251 329 1292; x_wconf 87' lang='lat' dir='ltr'>paulo</span> <span class='ocrx_word' id='word_1_94' title='bbox 355 1250 491 1292; x_wconf 78' lang='lat' dir='ltr'>parcior</span> <span class='ocrx_word' id='word_1_95' title='bbox 519 1253 584 1290; x_wconf 88' lang='lat' dir='ltr'>est,</span> <span class='ocrx_word' id='word_1_96' title='bbox 609 1249 716 1290; x_wconf 84' lang='lat' dir='ltr'>qualis</span> <span class='ocrx_word' id='word_1_97' title='bbox 739 1247 812 1280; x_wconf 84' lang='lat' dir='ltr'>fere</span> 
     </span>
     <span class='ocr_line' id='line_1_20' title="bbox 116 1297 811 1340; baseline -0.003 -9"><span class='ocrx_word' id='word_1_98' title='bbox 116 1299 366 1340; x_wconf 78' lang='lat' dir='ltr'>aegrotantibus</span> <span class='ocrx_word' id='word_1_99' title='bbox 395 1297 639 1340; x_wconf 81' lang='lat' dir='ltr'>praescribitur.</span> <span class='ocrx_word' id='word_1_100' title='bbox 684 1298 732 1330; x_wconf 92' lang='lat' dir='ltr'>At</span> <span class='ocrx_word' id='word_1_101' title='bbox 757 1298 811 1330; x_wconf 88' lang='lat' dir='ltr'>hic</span> 
     </span>
     <span class='ocr_line' id='line_1_21' title="bbox 115 1347 810 1391; baseline 0 -12"><span class='ocrx_word' id='word_1_102' title='bbox 115 1348 208 1381; x_wconf 88' lang='lat' dir='ltr'>idem</span> <span class='ocrx_word' id='word_1_103' title='bbox 222 1349 279 1391; x_wconf 88' lang='lat' dir='ltr'>qui</span> <span class='ocrx_word' id='word_1_104' title='bbox 304 1347 506 1387; x_wconf 79' lang='lat' dir='ltr'>‘muudus3&#39;</span> <span class='ocrx_word' id='word_1_105' title='bbox 532 1348 661 1379; x_wconf 89' lang='lat' dir='ltr'>medius</span> <span class='ocrx_word' id='word_1_106' title='bbox 687 1357 810 1388; x_wconf 83' lang='lat' dir='ltr'>nempe</span> 
     </span>
     <span class='ocr_line' id='line_1_22' title="bbox 118 1398 809 1430; baseline -0.001 0"><span class='ocrx_word' id='word_1_107' title='bbox 118 1398 213 1430; x_wconf 84' lang='lat' dir='ltr'>iuter</span> <span class='ocrx_word' id='word_1_108' title='bbox 228 1398 400 1430; x_wconf 88' lang='lat' dir='ltr'>sordidum</span> <span class='ocrx_word' id='word_1_109' title='bbox 417 1403 454 1430; x_wconf 90' lang='lat' dir='ltr'>et</span> <span class='ocrx_word' id='word_1_110' title='bbox 468 1402 686 1429; x_wconf 85' lang='lat' dir='ltr'>sumtuosum.</span> <span class='ocrx_word' id='word_1_111' title='bbox 734 1398 809 1430; x_wconf 85' lang='lat' dir='ltr'>Nec</span> 
     </span>
     <span class='ocr_line' id='line_1_23' title="bbox 113 1447 809 1489; baseline 0 -9"><span class='ocrx_word' id='word_1_112' title='bbox 113 1448 293 1489; x_wconf 79' lang='lat' dir='ltr'>proeterire</span> <span class='ocrx_word' id='word_1_113' title='bbox 322 1448 439 1487; x_wconf 83' lang='lat' dir='ltr'>velim,</span> <span class='ocrx_word' id='word_1_114' title='bbox 467 1452 600 1480; x_wconf 83' lang='lat' dir='ltr'>veteres</span> <span class='ocrx_word' id='word_1_115' title='bbox 627 1447 730 1480; x_wconf 86' lang='lat' dir='ltr'>libros</span> <span class='ocrx_word' id='word_1_116' title='bbox 754 1448 809 1480; x_wconf 88' lang='lat' dir='ltr'>hic</span> 
     </span>
     <span class='ocr_line' id='line_1_24' title="bbox 113 1498 807 1540; baseline -0.003 -9"><span class='ocrx_word' id='word_1_117' title='bbox 113 1508 237 1532; x_wconf 82' lang='lat' dir='ltr'>novam</span> <span class='ocrx_word' id='word_1_118' title='bbox 260 1500 332 1532; x_wconf 84' lang='lat' dir='ltr'>sive</span> <span class='ocrx_word' id='word_1_119' title='bbox 345 1499 504 1540; x_wconf 79' lang='lat' dir='ltr'>Satyrum</span> <span class='ocrx_word' id='word_1_120' title='bbox 520 1498 590 1530; x_wconf 84' lang='lat' dir='ltr'>sive</span> <span class='ocrx_word' id='word_1_121' title='bbox 610 1498 807 1530; x_wconf 84' lang='lat' dir='ltr'>Sermonem</span> 
     </span>
     <span class='ocr_line' id='line_1_25' title="bbox 111 1548 808 1590; baseline -0.004 -9"><span class='ocrx_word' id='word_1_122' title='bbox 111 1553 170 1581; x_wconf 79' lang='lat' dir='ltr'>aut</span> <span class='ocrx_word' id='word_1_123' title='bbox 191 1550 355 1590; x_wconf 82' lang='lat' dir='ltr'>Eclogam</span> <span class='ocrx_word' id='word_1_124' title='bbox 369 1550 531 1590; x_wconf 85' lang='lat' dir='ltr'>incipere.</span> <span class='ocrx_word' id='word_1_125' title='bbox 558 1548 699 1580; x_wconf 76' lang='lat' dir='ltr'>Torrent-</span> <span class='ocrx_word' id='word_1_126' title='bbox 731 1549 808 1580; x_wconf 82' lang='lat' dir='ltr'>Sor-</span> 
     </span>
     <span class='ocr_line' id='line_1_26' title="bbox 110 1597 806 1640; baseline -0.006 -8"><span class='ocrx_word' id='word_1_127' title='bbox 110 1599 201 1632; x_wconf 72' lang='lat' dir='ltr'>didas</span> <span class='ocrx_word' id='word_1_128' title='bbox 219 1610 240 1631; x_wconf 92' lang='lat' dir='ltr'>a</span> <span class='ocrx_word' id='word_1_129' title='bbox 259 1598 364 1640; x_wconf 75' lang='lat' dir='ltr'>tenui]</span> <span class='ocrx_word' id='word_1_130' title='bbox 379 1599 477 1630; x_wconf 81' lang='lat' dir='ltr'>Inter</span> <span class='ocrx_word' id='word_1_131' title='bbox 492 1598 618 1630; x_wconf 88' lang='lat' dir='ltr'>victum</span> <span class='ocrx_word' id='word_1_132' title='bbox 634 1597 806 1629; x_wconf 85' lang='lat' dir='ltr'>sordidum</span> 
     </span>
     <span class='ocr_line' id='line_1_27' title="bbox 112 1648 806 1682; baseline 0 -2"><span class='ocrx_word' id='word_1_133' title='bbox 112 1653 149 1682; x_wconf 84' lang='lat' dir='ltr'>et</span> <span class='ocrx_word' id='word_1_134' title='bbox 171 1649 382 1681; x_wconf 82' lang='lat' dir='ltr'>luxuriosum</span> <span class='ocrx_word' id='word_1_135' title='bbox 397 1649 509 1680; x_wconf 81' lang='lat' dir='ltr'>victus</span> <span class='ocrx_word' id='word_1_136' title='bbox 531 1648 660 1680; x_wconf 89' lang='lat' dir='ltr'>medius</span> <span class='ocrx_word' id='word_1_137' title='bbox 680 1652 734 1680; x_wconf 89' lang='lat' dir='ltr'>est</span> <span class='ocrx_word' id='word_1_138' title='bbox 756 1648 806 1680; x_wconf 91' lang='lat' dir='ltr'>in-</span> 
     </span>
     <span class='ocr_line' id='line_1_28' title="bbox 110 1698 808 1740; baseline -0.003 -9"><span class='ocrx_word' id='word_1_139' title='bbox 110 1699 288 1740; x_wconf 70' lang='lat' dir='ltr'>terjectun,</span> <span class='ocrx_word' id='word_1_140' title='bbox 311 1699 369 1740; x_wconf 88' lang='lat' dir='ltr'>qui</span> <span class='ocrx_word' id='word_1_141' title='bbox 398 1699 500 1730; x_wconf 82' lang='lat' dir='ltr'>etiam</span> <span class='ocrx_word' id='word_1_142' title='bbox 530 1698 707 1730; x_wconf 76' lang='lat' dir='ltr'>laudabilis</span> <span class='ocrx_word' id='word_1_143' title='bbox 745 1703 808 1729; x_wconf 70' lang='lat' dir='ltr'>est.</span> 
     </span>
     <span class='ocr_line' id='line_1_29' title="bbox 115 1744 808 1794; baseline -0.004 -14"><span class='ocrx_word' id='word_1_144' title='bbox 115 1747 236 1794; x_wconf 73' lang='lat' dir='ltr'>Ofello]</span> <span class='ocrx_word' id='word_1_145' title='bbox 264 1747 476 1787; x_wconf 81' lang='lat' dir='ltr'>Philosopho</span> <span class='ocrx_word' id='word_1_146' title='bbox 504 1746 646 1785; x_wconf 85' lang='lat' dir='ltr'>inculto,</span> <span class='ocrx_word' id='word_1_147' title='bbox 675 1744 718 1778; x_wconf 78' lang='lat' dir='ltr'>de</span> <span class='ocrx_word' id='word_1_148' title='bbox 741 1755 808 1787; x_wconf 89' lang='lat' dir='ltr'>quo</span> 
     </span>
     <span class='ocr_line' id='line_1_30' title="bbox 115 1807 231 1839; baseline -0.017 -10"><span class='ocrx_word' id='word_1_149' title='bbox 115 1807 231 1839; x_wconf 81' lang='lat' dir='ltr'>supra.</span> 
     </span>
    </p>

    <p class='ocr_par' dir='ltr' id='par_1_5' title="bbox 155 1844 808 1885">
     <span class='ocr_line' id='line_1_31' title="bbox 155 1844 808 1885; baseline -0.005 -7"><span class='ocrx_word' id='word_1_150' title='bbox 155 1849 198 1879; x_wconf 79' lang='grc'>54</span> <span class='ocrx_word' id='word_1_151' title='bbox 209 1844 443 1885; x_wconf 72' lang='lat' dir='ltr'>Nau-snum]</span> <span class='ocrx_word' id='word_1_152' title='bbox 461 1845 562 1878; x_wconf 82' lang='lat' dir='ltr'>Quod</span> <span class='ocrx_word' id='word_1_153' title='bbox 579 1844 710 1876; x_wconf 81' lang='lat' dir='ltr'>faciunt</span> <span class='ocrx_word' id='word_1_154' title='bbox 725 1845 808 1876; x_wconf 89' lang='lat' dir='ltr'>stul-</span> 
     </span>
    </p>

    <p class='ocr_par' dir='ltr' id='par_1_6' title="bbox 107 1895 808 2778">
     <span class='ocr_line' id='line_1_32' title="bbox 114 1895 808 1934; baseline -0.001 -7"><span class='ocrx_word' id='word_1_155' title='bbox 114 1895 155 1933; x_wconf 91' lang='lat' dir='ltr'>ti,</span> <span class='ocrx_word' id='word_1_156' title='bbox 177 1895 256 1927; x_wconf 87' lang='lat' dir='ltr'>dum</span> <span class='ocrx_word' id='word_1_157' title='bbox 283 1896 396 1927; x_wconf 81' lang='lat' dir='ltr'>vitant</span> <span class='ocrx_word' id='word_1_158' title='bbox 423 1895 531 1934; x_wconf 86' lang='lat' dir='ltr'>vitia;</span> <span class='ocrx_word' id='word_1_159' title='bbox 558 1900 641 1927; x_wconf 89' lang='lat' dir='ltr'>tunc</span> <span class='ocrx_word' id='word_1_160' title='bbox 663 1895 752 1927; x_wconf 90' lang='lat' dir='ltr'>enim</span> <span class='ocrx_word' id='word_1_161' title='bbox 775 1895 808 1926; x_wconf 91' lang='lat' dir='ltr'>in</span> 
     </span>
     <span class='ocr_line' id='line_1_33' title="bbox 115 1945 808 1987; baseline -0.003 -9"><span class='ocrx_word' id='word_1_162' title='bbox 115 1945 287 1978; x_wconf 83' lang='lat' dir='ltr'>contraria</span> <span class='ocrx_word' id='word_1_163' title='bbox 301 1949 463 1986; x_wconf 87' lang='lat' dir='ltr'>currunt,</span> <span class='ocrx_word' id='word_1_164' title='bbox 453 1956 463 1964; x_wconf 90' lang='lat'><strong>·</strong></span> <span class='ocrx_word' id='word_1_165' title='bbox 478 1945 570 1987; x_wconf 87' lang='lat' dir='ltr'>atqui</span> <span class='ocrx_word' id='word_1_166' title='bbox 584 1954 650 1977; x_wconf 91' lang='lat' dir='ltr'>non</span> <span class='ocrx_word' id='word_1_167' title='bbox 665 1950 720 1977; x_wconf 88' lang='lat' dir='ltr'>est</span> <span class='ocrx_word' id='word_1_168' title='bbox 740 1955 808 1977; x_wconf 90' lang='lat' dir='ltr'>sor-</span> 
     </span>
     <span class='ocr_line' id='line_1_34' title="bbox 111 1993 808 2037; baseline 0 -11"><span class='ocrx_word' id='word_1_169' title='bbox 111 1995 212 2027; x_wconf 87' lang='lat' dir='ltr'>didus</span> <span class='ocrx_word' id='word_1_170' title='bbox 234 1994 292 2037; x_wconf 85' lang='lat' dir='ltr'>qui</span> <span class='ocrx_word' id='word_1_171' title='bbox 328 1993 505 2036; x_wconf 71' lang='lat' dir='ltr'>frugaliter</span> <span class='ocrx_word' id='word_1_172' title='bbox 539 1994 699 2035; x_wconf 82' lang='lat' dir='ltr'>victitat;</span> <span class='ocrx_word' id='word_1_173' title='bbox 726 2004 808 2035; x_wconf 83' lang='lat' dir='ltr'>ergo</span> 
     </span>
     <span class='ocr_line' id='line_1_35' title="bbox 113 2044 809 2084; baseline -0.003 -7"><span class='ocrx_word' id='word_1_174' title='bbox 113 2045 198 2077; x_wconf 78' lang='lat' dir='ltr'>alius</span> <span class='ocrx_word' id='word_1_175' title='bbox 212 2050 264 2077; x_wconf 86' lang='lat' dir='ltr'>est</span> <span class='ocrx_word' id='word_1_176' title='bbox 276 2044 444 2084; x_wconf 86' lang='lat' dir='ltr'>sordidus,</span> <span class='ocrx_word' id='word_1_177' title='bbox 461 2044 546 2076; x_wconf 85' lang='lat' dir='ltr'>alius</span> <span class='ocrx_word' id='word_1_178' title='bbox 559 2044 669 2076; x_wconf 85' lang='lat' dir='ltr'>tenuis</span> <span class='ocrx_word' id='word_1_179' title='bbox 686 2045 809 2083; x_wconf 85' lang='lat' dir='ltr'>victus,</span> 
     </span>
     <span class='ocr_line' id='line_1_36' title="bbox 111 2094 807 2135; baseline 0 -9"><span class='ocrx_word' id='word_1_180' title='bbox 111 2095 197 2127; x_wconf 83' lang='lat' dir='ltr'>alius</span> <span class='ocrx_word' id='word_1_181' title='bbox 212 2095 413 2126; x_wconf 87' lang='lat' dir='ltr'>luxuriosus.</span> <span class='ocrx_word' id='word_1_182' title='bbox 431 2095 529 2135; x_wconf 72' lang='lat' dir='ltr'>Cruq.</span> <span class='ocrx_word' id='word_1_183' title='bbox 579 2094 699 2126; x_wconf 76' lang='lat' dir='ltr'>Vitium</span> <span class='ocrx_word' id='word_1_184' title='bbox 713 2094 807 2135; x_wconf 72' lang='lat' dir='ltr'>illud]</span> 
     </span>
     <span class='ocr_line' id='line_1_37' title="bbox 111 2144 311 2176; baseline 0 0"><span class='ocrx_word' id='word_1_185' title='bbox 111 2144 311 2176; x_wconf 79' lang='lat' dir='ltr'>Luxuriam.</span> 
     </span>
     <span class='ocr_line' id='line_1_38' title="bbox 111 2192 806 2234; baseline -0.003 -8"><span class='ocrx_word' id='word_1_186' title='bbox 111 2204 117 2207; x_wconf 71' lang='grc'>’</span> <span class='ocrx_word' id='word_1_187' title='bbox 150 2197 192 2226; x_wconf 86' lang='grc'>55</span> <span class='ocrx_word' id='word_1_188' title='bbox 218 2194 306 2234; x_wconf 74' lang='lat' dir='ltr'>Alio,</span> <span class='ocrx_word' id='word_1_189' title='bbox 321 2194 394 2234; x_wconf 55' lang='grc' dir='ltr'>ξω]</span> <span class='ocrx_word' id='word_1_190' title='bbox 420 2193 459 2224; x_wconf 84' lang='lat' dir='ltr'>In</span> <span class='ocrx_word' id='word_1_191' title='bbox 487 2192 576 2224; x_wconf 86' lang='lat' dir='ltr'>aliud</span> <span class='ocrx_word' id='word_1_192' title='bbox 594 2193 711 2224; x_wconf 86' lang='lat' dir='ltr'>vitium</span> <span class='ocrx_word' id='word_1_193' title='bbox 727 2202 806 2224; x_wconf 84' lang='lat' dir='ltr'>con·</span> 
     </span>
     <span class='ocr_line' id='line_1_39' title="bbox 110 2242 805 2283; baseline 0.001 -9"><span class='ocrx_word' id='word_1_194' title='bbox 110 2243 261 2275; x_wconf 85' lang='lat' dir='ltr'>trarium.</span> <span class='ocrx_word' id='word_1_195' title='bbox 313 2242 501 2283; x_wconf 76' lang='lat' dir='ltr'>Avidienus]</span> <span class='ocrx_word' id='word_1_196' title='bbox 546 2243 649 2275; x_wconf 85' lang='lat' dir='ltr'>Hunc</span> <span class='ocrx_word' id='word_1_197' title='bbox 675 2243 805 2275; x_wconf 88' lang='lat' dir='ltr'>sordidi</span> 
     </span>
     <span class='ocr_line' id='line_1_40' title="bbox 107 2293 804 2335; baseline 0.003 -11"><span class='ocrx_word' id='word_1_198' title='bbox 107 2293 220 2325; x_wconf 78' lang='lat' dir='ltr'>victus</span> <span class='ocrx_word' id='word_1_199' title='bbox 247 2293 422 2333; x_wconf 84' lang='lat' dir='ltr'>exemplar</span> <span class='ocrx_word' id='word_1_200' title='bbox 447 2298 526 2325; x_wconf 87' lang='lat' dir='ltr'>aute</span> <span class='ocrx_word' id='word_1_201' title='bbox 554 2294 671 2326; x_wconf 88' lang='lat' dir='ltr'>oculos</span> <span class='ocrx_word' id='word_1_202' title='bbox 696 2294 804 2335; x_wconf 86' lang='lat' dir='ltr'>pouit,</span> 
     </span>
     <span class='ocr_line' id='line_1_41' title="bbox 109 2342 804 2375; baseline 0 0"><span class='ocrx_word' id='word_1_203' title='bbox 109 2342 269 2375; x_wconf 79' lang='lat' dir='ltr'>‘canem’</span> <span class='ocrx_word' id='word_1_204' title='bbox 284 2343 328 2374; x_wconf 89' lang='lat' dir='ltr'>ob</span> <span class='ocrx_word' id='word_1_205' title='bbox 357 2342 473 2373; x_wconf 88' lang='lat' dir='ltr'>sordes</span> <span class='ocrx_word' id='word_1_206' title='bbox 497 2346 534 2374; x_wconf 88' lang='lat' dir='ltr'>et</span> <span class='ocrx_word' id='word_1_207' title='bbox 558 2343 804 2375; x_wconf 78' lang='lat' dir='ltr'>immunditiam</span> 
     </span>
     <span class='ocr_line' id='line_1_42' title="bbox 110 2390 805 2434; baseline 0.001 -11"><span class='ocrx_word' id='word_1_208' title='bbox 110 2393 321 2434; x_wconf 72' lang='lat' dir='ltr'>appeliatum</span> <span class='ocrx_word' id='word_1_209' title='bbox 363 2390 528 2431; x_wconf 87' lang='lat' dir='ltr'>inquiens.</span> <span class='ocrx_word' id='word_1_210' title='bbox 582 2391 699 2433; x_wconf 82' lang='lat' dir='ltr'>Atque</span> <span class='ocrx_word' id='word_1_211' title='bbox 727 2393 805 2424; x_wconf 89' lang='lat' dir='ltr'>hinc</span> 
     </span>
     <span class='ocr_line' id='line_1_43' title="bbox 109 2438 804 2481; baseline 0.004 -11"><span class='ocrx_word' id='word_1_212' title='bbox 109 2438 267 2472; x_wconf 79' lang='lat' dir='ltr'>fortassis</span> <span class='ocrx_word' id='word_1_213' title='bbox 295 2440 306 2457; x_wconf 89' lang='lat'>‘</span> <span class='ocrx_word' id='word_1_214' title='bbox 323 2439 479 2471; x_wconf 82' lang='lat' dir='ltr'>caninum</span> <span class='ocrx_word' id='word_1_215' title='bbox 525 2440 726 2481; x_wconf 84' lang='lat' dir='ltr'>prandium‚’</span> <span class='ocrx_word' id='word_1_216' title='bbox 761 2441 804 2473; x_wconf 89' lang='lat' dir='ltr'>de</span> 
     </span>
     <span class='ocr_line' id='line_1_44' title="bbox 110 2488 806 2531; baseline 0.004 -12"><span class='ocrx_word' id='word_1_217' title='bbox 110 2497 179 2531; x_wconf 85' lang='lat' dir='ltr'>quo</span> <span class='ocrx_word' id='word_1_218' title='bbox 189 2488 323 2520; x_wconf 83' lang='lat' dir='ltr'>Gellius</span> <span class='ocrx_word' id='word_1_219' title='bbox 331 2497 416 2520; x_wconf 83' lang='lat'>111¹.</span> <span class='ocrx_word' id='word_1_220' title='bbox 428 2498 506 2529; x_wconf 86' lang='lat' dir='ltr'>cap.</span> <span class='ocrx_word' id='word_1_221' title='bbox 522 2489 583 2521; x_wconf 87' lang='lat' dir='ltr'>ult.</span> <span class='ocrx_word' id='word_1_222' title='bbox 611 2489 712 2522; x_wconf 89' lang='lat' dir='ltr'>Unde</span> <span class='ocrx_word' id='word_1_223' title='bbox 729 2500 806 2531; x_wconf 88' lang='lat' dir='ltr'>pro·</span> 
     </span>
     <span class='ocr_line' id='line_1_45' title="bbox 109 2537 805 2581; baseline 0.004 -12"><span class='ocrx_word' id='word_1_224' title='bbox 109 2537 263 2570; x_wconf 80' lang='lat' dir='ltr'>verbium</span> <span class='ocrx_word' id='word_1_225' title='bbox 277 2538 287 2555; x_wconf 80' lang='lat'>⁸</span> <span class='ocrx_word' id='word_1_226' title='bbox 297 2537 428 2578; x_wconf 84' lang='lat' dir='ltr'>cynice</span> <span class='ocrx_word' id='word_1_227' title='bbox 440 2538 580 2570; x_wconf 75' lang='lat' dir='ltr'>vivere.¹</span> <span class='ocrx_word' id='word_1_228' title='bbox 593 2548 670 2571; x_wconf 85' lang='lat' dir='ltr'>nam</span> <span class='ocrx_word' id='word_1_229' title='bbox 685 2540 805 2581; x_wconf 86' lang='lat' dir='ltr'>Cynici</span> 
     </span>
     <span class='ocr_line' id='line_1_46' title="bbox 109 2587 806 2630; baseline 0.004 -11"><span class='ocrx_word' id='word_1_230' title='bbox 109 2597 178 2620; x_wconf 87' lang='lat' dir='ltr'>non</span> <span class='ocrx_word' id='word_1_231' title='bbox 194 2587 239 2619; x_wconf 86' lang='lat' dir='ltr'>ob</span> <span class='ocrx_word' id='word_1_232' title='bbox 261 2587 507 2628; x_wconf 86' lang='lat' dir='ltr'>impudentiam</span> <span class='ocrx_word' id='word_1_233' title='bbox 529 2592 674 2630; x_wconf 86' lang='lat' dir='ltr'>tautum,</span> <span class='ocrx_word' id='word_1_234' title='bbox 695 2590 754 2622; x_wconf 80' lang='lat' dir='ltr'>sed</span> <span class='ocrx_word' id='word_1_235' title='bbox 770 2594 806 2622; x_wconf 88' lang='lat' dir='ltr'>et</span> 
     </span>
     <span class='ocr_line' id='line_1_47' title="bbox 113 2636 807 2678; baseline 0.003 -9"><span class='ocrx_word' id='word_1_236' title='bbox 113 2637 158 2669; x_wconf 90' lang='lat' dir='ltr'>ob</span> <span class='ocrx_word' id='word_1_237' title='bbox 189 2636 308 2669; x_wconf 78' lang='lat' dir='ltr'>sordes</span> <span class='ocrx_word' id='word_1_238' title='bbox 332 2636 382 2668; x_wconf 86' lang='lat' dir='ltr'>sic</span> <span class='ocrx_word' id='word_1_239' title='bbox 409 2637 573 2678; x_wconf 82' lang='lat' dir='ltr'>appellati</span> <span class='ocrx_word' id='word_1_240' title='bbox 603 2643 693 2671; x_wconf 88' lang='lat' dir='ltr'>sunt.</span> <span class='ocrx_word' id='word_1_241' title='bbox 725 2638 807 2674; x_wconf 81' lang='lat' dir='ltr'>vid.</span> 
     </span>
     <span class='ocr_line' id='line_1_48' title="bbox 116 2686 806 2730; baseline 0.003 -12"><span class='ocrx_word' id='word_1_242' title='bbox 116 2687 220 2718; x_wconf 76' lang='lat' dir='ltr'>Turn.</span> <span class='ocrx_word' id='word_1_243' title='bbox 236 2694 304 2717; x_wconf 84' lang='lat' dir='ltr'>vn.</span> <span class='ocrx_word' id='word_1_244' title='bbox 318 2688 351 2717; x_wconf 85' lang='lat'>9.</span> <span class='ocrx_word' id='word_1_245' title='bbox 369 2686 457 2717; x_wconf 74' lang='lat' dir='ltr'>Tm.</span> <span class='ocrx_word' id='word_1_246' title='bbox 490 2686 612 2727; x_wconf 84' lang='lat' dir='ltr'>[Codd.</span> <span class='ocrx_word' id='word_1_247' title='bbox 624 2697 678 2728; x_wconf 88' lang='lat' dir='ltr'>ap.</span> <span class='ocrx_word' id='word_1_248' title='bbox 691 2688 806 2730; x_wconf 82' lang='lat' dir='ltr'>Feam,</span> 
     </span>
     <span class='ocr_line' id='line_1_49' title="bbox 110 2735 722 2778; baseline 0.002 -10"><span class='ocrx_word' id='word_1_249' title='bbox 110 2736 288 2768; x_wconf 68' lang='lat' dir='ltr'>detorserit.</span> <span class='ocrx_word' id='word_1_250' title='bbox 341 2735 422 2767; x_wconf 81' lang='lat' dir='ltr'>Vat.</span> <span class='ocrx_word' id='word_1_251' title='bbox 441 2738 494 2767; x_wconf 77' lang='lat'>13.</span> <span class='ocrx_word' id='word_1_252' title='bbox 508 2735 722 2778; x_wconf 62' lang='lat' dir='ltr'>Aufidiam]</span> 
     </span>
    </p>

    <p class='ocr_par' dir='ltr' id='par_1_7' title="bbox 108 2783 804 2874">
     <span class='ocr_line' id='line_1_50' title="bbox 153 2783 804 2829; baseline 0.005 -13"><span class='ocrx_word' id='word_1_253' title='bbox 153 2787 196 2816; x_wconf 83' lang='grc'>56</span> <span class='ocrx_word' id='word_1_254' title='bbox 226 2785 279 2815; x_wconf 73' lang='lat' dir='ltr'>Ex</span> <span class='ocrx_word' id='word_1_255' title='bbox 299 2783 387 2824; x_wconf 81' lang='lat' dir='ltr'>vero]</span> <span class='ocrx_word' id='word_1_256' title='bbox 415 2784 467 2815; x_wconf 79' lang='lat' dir='ltr'>Ex</span> <span class='ocrx_word' id='word_1_257' title='bbox 491 2793 620 2816; x_wconf 89' lang='lat' dir='ltr'>morum</span> <span class='ocrx_word' id='word_1_258' title='bbox 650 2787 804 2829; x_wconf 77' lang='lat' dir='ltr'>veritate,</span> 
     </span>
     <span class='ocr_line' id='line_1_51' title="bbox 108 2833 753 2874; baseline 0.003 -8"><span class='ocrx_word' id='word_1_259' title='bbox 108 2834 144 2866; x_wconf 85' lang='lat' dir='ltr'>id</span> <span class='ocrx_word' id='word_1_260' title='bbox 160 2839 226 2874; x_wconf 91' lang='lat' dir='ltr'>est,</span> <span class='ocrx_word' id='word_1_261' title='bbox 243 2842 285 2865; x_wconf 82' lang='lat' dir='ltr'>ex</span> <span class='ocrx_word' id='word_1_262' title='bbox 303 2833 524 2866; x_wconf 84' lang='lat' dir='ltr'>immunditiis</span> <span class='ocrx_word' id='word_1_263' title='bbox 538 2838 573 2866; x_wconf 90' lang='lat' dir='ltr'>et</span> <span class='ocrx_word' id='word_1_264' title='bbox 585 2835 753 2868; x_wconf 86' lang='lat' dir='ltr'>sordibus.</span> 
     </span>
    </p>
   </div>
   <div class='ocr_carea' id='block_1_3' title="bbox 1448 295 1560 337">
    <p class='ocr_par' dir='ltr' id='par_1_8' title="bbox 1448 295 1560 337">
     <span class='ocr_line' id='line_1_52' title="bbox 1448 295 1560 337; baseline 0 -1"><span class='ocrx_word' id='word_1_265' title='bbox 1448 295 1560 337; x_wconf 79' lang='lat'>1685</span> 
     </span>
    </p>
   </div>
   <div class='ocr_carea' id='block_1_4' title="bbox 864 398 1562 640">
    <p class='ocr_par' dir='ltr' id='par_1_9' title="bbox 864 398 1562 590">
     <span class='ocr_line' id='line_1_53' title="bbox 908 398 1562 441; baseline -0.006 -8"><span class='ocrx_word' id='word_1_266' title='bbox 908 404 949 433; x_wconf 80' lang='grc'>57</span> <span class='ocrx_word' id='word_1_267' title='bbox 975 399 1221 441; x_wconf 63' lang='lat' dir='ltr'>Quinquennis]</span> <span class='ocrx_word' id='word_1_268' title='bbox 1235 399 1381 432; x_wconf 78' lang='lat' dir='ltr'>Veteres</span> <span class='ocrx_word' id='word_1_269' title='bbox 1395 398 1562 431; x_wconf 85' lang='lat' dir='ltr'>membra-</span> 
     </span>
     <span class='ocr_line' id='line_1_54' title="bbox 866 449 1562 491; baseline -0.003 -10"><span class='ocrx_word' id='word_1_270' title='bbox 866 459 919 482; x_wconf 84' lang='lat' dir='ltr'>nae</span> <span class='ocrx_word' id='word_1_271' title='bbox 941 450 1163 491; x_wconf 62' lang='lat' dir='ltr'>quinquenium.</span> <span class='ocrx_word' id='word_1_272' title='bbox 1183 451 1338 482; x_wconf 78' lang='lat' dir='ltr'>Tun-ent.</span> <span class='ocrx_word' id='word_1_273' title='bbox 1383 449 1562 490; x_wconf 76' lang='lat' dir='ltr'>Quinquen-</span> 
     </span>
     <span class='ocr_line' id='line_1_55' title="bbox 864 499 1562 540; baseline 0 -10"><span class='ocrx_word' id='word_1_274' title='bbox 864 500 932 531; x_wconf 82' lang='lat' dir='ltr'>neis</span> <span class='ocrx_word' id='word_1_275' title='bbox 944 500 1043 540; x_wconf 83' lang='lat' dir='ltr'>oleas]</span> <span class='ocrx_word' id='word_1_276' title='bbox 1066 499 1171 532; x_wconf 82' lang='lat' dir='ltr'>Oleas</span> <span class='ocrx_word' id='word_1_277' title='bbox 1186 503 1357 532; x_wconf 83' lang='lat' dir='ltr'>vetustate</span> <span class='ocrx_word' id='word_1_278' title='bbox 1372 502 1562 540; x_wconf 84' lang='lat' dir='ltr'>corruptas.</span> 
     </span>
     <span class='ocr_line' id='line_1_56' title="bbox 865 549 1140 590; baseline 0 -10"><span class='ocrx_word' id='word_1_279' title='bbox 865 550 944 590; x_wconf 76' lang='lat' dir='ltr'>Est]</span> <span class='ocrx_word' id='word_1_280' title='bbox 969 549 1140 581; x_wconf 81' lang='lat' dir='ltr'>eomedit.</span> 
     </span>
    </p>

    <p class='ocr_par' dir='ltr' id='par_1_10' title="bbox 906 597 1561 640">
     <span class='ocr_line' id='line_1_57' title="bbox 906 597 1561 640; baseline -0.003 -9"><span class='ocrx_word' id='word_1_281' title='bbox 906 602 949 631; x_wconf 87' lang='grc'>58</span> <span class='ocrx_word' id='word_1_282' title='bbox 971 599 1048 631; x_wconf 75' lang='lat' dir='ltr'>Nisi</span> <span class='ocrx_word' id='word_1_283' title='bbox 1060 599 1228 640; x_wconf 73' lang='lat' dir='ltr'>mutatam]</span> <span class='ocrx_word' id='word_1_284' title='bbox 1253 598 1331 632; x_wconf 85' lang='lat' dir='ltr'>Nisi</span> <span class='ocrx_word' id='word_1_285' title='bbox 1347 597 1497 639; x_wconf 84' lang='lat' dir='ltr'>acidum,</span> <span class='ocrx_word' id='word_1_286' title='bbox 1521 601 1561 630; x_wconf 88' lang='lat' dir='ltr'>ut</span> 
     </span>
    </p>
   </div>
   <div class='ocr_carea' id='block_1_5' title="bbox 854 654 1563 2881">
    <p class='ocr_par' dir='ltr' id='par_1_11' title="bbox 854 654 1563 996">
     <span class='ocr_line' id='line_1_58' title="bbox 864 654 1563 698; baseline -0.001 -10"><span class='ocrx_word' id='word_1_287' title='bbox 864 661 1010 689; x_wconf 83' lang='lat' dir='ltr'>acetum.</span> <span class='ocrx_word' id='word_1_288' title='bbox 1048 656 1244 697; x_wconf 65' lang='lat' dir='ltr'>quandere]</span> <span class='ocrx_word' id='word_1_289' title='bbox 1267 656 1324 688; x_wconf 91' lang='lat' dir='ltr'>Sic</span> <span class='ocrx_word' id='word_1_290' title='bbox 1339 654 1476 698; x_wconf 89' lang='lat' dir='ltr'>quidem</span> <span class='ocrx_word' id='word_1_291' title='bbox 1491 664 1563 687; x_wconf 83' lang='lat' dir='ltr'>me-</span> 
     </span>
     <span class='ocr_line' id='line_1_59' title="bbox 863 705 1561 747; baseline -0.001 -10"><span class='ocrx_word' id='word_1_292' title='bbox 863 706 964 737; x_wconf 86' lang='lat' dir='ltr'>liores</span> <span class='ocrx_word' id='word_1_293' title='bbox 980 706 1129 742; x_wconf 86' lang='lat' dir='ltr'>codices.</span> <span class='ocrx_word' id='word_1_294' title='bbox 1146 706 1205 738; x_wconf 90' lang='lat' dir='ltr'>sed</span> <span class='ocrx_word' id='word_1_295' title='bbox 1222 707 1335 747; x_wconf 84' lang='lat' dir='ltr'>plures</span> <span class='ocrx_word' id='word_1_296' title='bbox 1350 705 1477 737; x_wconf 84' lang='lat' dir='ltr'>babent</span> <span class='ocrx_word' id='word_1_297' title='bbox 1498 705 1561 742; x_wconf 77' lang='lat' dir='ltr'>dir-</span> 
     </span>
     <span class='ocr_line' id='line_1_60' title="bbox 854 755 1559 797; baseline -0.004 -9"><span class='ocrx_word' id='word_1_298' title='bbox 854 755 1002 794; x_wconf 61' lang='grc' dir='ltr'>ἠνιάθη.</span> <span class='ocrx_word' id='word_1_299' title='bbox 1019 766 1119 797; x_wconf 79' lang='lat' dir='ltr'>quam</span> <span class='ocrx_word' id='word_1_300' title='bbox 1136 756 1317 787; x_wconf 83' lang='lat' dir='ltr'>lectionem</span> <span class='ocrx_word' id='word_1_301' title='bbox 1333 764 1400 786; x_wconf 91' lang='lat' dir='ltr'>non</span> <span class='ocrx_word' id='word_1_302' title='bbox 1416 764 1536 796; x_wconf 82' lang='lat' dir='ltr'>sequor</span> <span class='ocrx_word' id='word_1_303' title='bbox 1549 765 1559 785; x_wconf 90' lang='lat'>:</span> 
     </span>
     <span class='ocr_line' id='line_1_61' title="bbox 863 803 1562 843; baseline -0.004 -5"><span class='ocrx_word' id='word_1_304' title='bbox 863 805 954 838; x_wconf 84' lang='lat' dir='ltr'>aliud</span> <span class='ocrx_word' id='word_1_305' title='bbox 990 806 1081 837; x_wconf 88' lang='lat' dir='ltr'>euim</span> <span class='ocrx_word' id='word_1_306' title='bbox 1109 803 1324 836; x_wconf 81' lang='lat' dir='ltr'>‘diffundere</span> <span class='ocrx_word' id='word_1_307' title='bbox 1352 804 1492 843; x_wconf 86' lang='lat' dir='ltr'>viuum,’</span> <span class='ocrx_word' id='word_1_308' title='bbox 1521 811 1562 836; x_wconf 89' lang='lat' dir='ltr'>ut</span> 
     </span>
     <span class='ocr_line' id='line_1_62' title="bbox 863 853 1560 887; baseline -0.006 0"><span class='ocrx_word' id='word_1_309' title='bbox 863 859 957 887; x_wconf 86' lang='lat' dir='ltr'>recte</span> <span class='ocrx_word' id='word_1_310' title='bbox 973 854 1118 886; x_wconf 84' lang='lat' dir='ltr'>Advers.</span> <span class='ocrx_word' id='word_1_311' title='bbox 1133 863 1159 886; x_wconf 82' lang='lat'>1.</span> <span class='ocrx_word' id='word_1_312' title='bbox 1183 857 1214 885; x_wconf 90' lang='lat' dir='ltr'>l.</span> <span class='ocrx_word' id='word_1_313' title='bbox 1240 858 1278 885; x_wconf 86' lang='lat' dir='ltr'>et</span> <span class='ocrx_word' id='word_1_314' title='bbox 1299 861 1363 884; x_wconf 83' lang='lat' dir='ltr'>vu.</span> <span class='ocrx_word' id='word_1_315' title='bbox 1378 855 1410 884; x_wconf 87' lang='grc'>9.</span> <span class='ocrx_word' id='word_1_316' title='bbox 1430 853 1560 884; x_wconf 84' lang='lat' dir='ltr'>Turne-</span> 
     </span>
     <span class='ocr_line' id='line_1_63' title="bbox 864 901 1559 944; baseline -0.003 -8"><span class='ocrx_word' id='word_1_317' title='bbox 864 905 926 937; x_wconf 90' lang='lat' dir='ltr'>bus</span> <span class='ocrx_word' id='word_1_318' title='bbox 955 904 1082 937; x_wconf 87' lang='lat' dir='ltr'>docuit.</span> <span class='ocrx_word' id='word_1_319' title='bbox 1106 905 1250 936; x_wconf 75' lang='lat' dir='ltr'>Torrent-</span> <span class='ocrx_word' id='word_1_320' title='bbox 1296 902 1360 944; x_wconf 77' lang='lat' dir='ltr'>[At</span> <span class='ocrx_word' id='word_1_321' title='bbox 1383 901 1447 934; x_wconf 68' lang='lat' dir='ltr'>nisi</span> <span class='ocrx_word' id='word_1_322' title='bbox 1477 902 1559 935; x_wconf 84' lang='lat' dir='ltr'>Vat.</span> 
     </span>
     <span class='ocr_line' id='line_1_64' title="bbox 865 955 935 996; baseline 0 -8"><span class='ocrx_word' id='word_1_323' title='bbox 865 955 935 996; x_wconf 77' lang='grc'><strong>13.]</strong></span> 
     </span>
    </p>

    <p class='ocr_par' dir='ltr' id='par_1_12' title="bbox 860 1001 1562 1386">
     <span class='ocr_line' id='line_1_65' title="bbox 903 1001 1558 1044; baseline -0.005 -7"><span class='ocrx_word' id='word_1_324' title='bbox 903 1008 947 1037; x_wconf 86' lang='grc'>59</span> <span class='ocrx_word' id='word_1_325' title='bbox 971 1004 1070 1044; x_wconf 63' lang='lat' dir='ltr'>Caius</span> <span class='ocrx_word' id='word_1_326' title='bbox 1089 1005 1212 1035; x_wconf 84' lang='lat' dir='ltr'>odorem</span> <span class='ocrx_word' id='word_1_327' title='bbox 1226 1002 1301 1044; x_wconf 72' lang='lat' dir='ltr'>olei]</span> <span class='ocrx_word' id='word_1_328' title='bbox 1316 1002 1403 1034; x_wconf 84' lang='lat' dir='ltr'>Tres</span> <span class='ocrx_word' id='word_1_329' title='bbox 1420 1001 1558 1034; x_wconf 89' lang='lat' dir='ltr'>codices</span> 
     </span>
     <span class='ocr_line' id='line_1_66' title="bbox 861 1053 1562 1095; baseline -0.006 -8"><span class='ocrx_word' id='word_1_330' title='bbox 861 1055 959 1087; x_wconf 81' lang='lat' dir='ltr'>oleum</span> <span class='ocrx_word' id='word_1_331' title='bbox 983 1054 1117 1095; x_wconf 81' lang='lat' dir='ltr'>legunt,</span> <span class='ocrx_word' id='word_1_332' title='bbox 1141 1062 1208 1085; x_wconf 89' lang='lat' dir='ltr'>nou</span> <span class='ocrx_word' id='word_1_333' title='bbox 1234 1053 1345 1085; x_wconf 91' lang='lat' dir='ltr'>minus</span> <span class='ocrx_word' id='word_1_334' title='bbox 1371 1057 1478 1084; x_wconf 91' lang='lat' dir='ltr'>recte.</span> <span class='ocrx_word' id='word_1_335' title='bbox 1506 1057 1562 1084; x_wconf 88' lang='lat' dir='ltr'>est</span> 
     </span>
     <span class='ocr_line' id='line_1_67' title="bbox 863 1103 1559 1144; baseline -0.003 -8"><span class='ocrx_word' id='word_1_336' title='bbox 863 1105 953 1136; x_wconf 91' lang='lat' dir='ltr'>euim</span> <span class='ocrx_word' id='word_1_337' title='bbox 978 1104 1163 1143; x_wconf 85' lang='lat' dir='ltr'>sententia,</span> <span class='ocrx_word' id='word_1_338' title='bbox 1183 1107 1249 1135; x_wconf 78' lang='lat' dir='ltr'>tam</span> <span class='ocrx_word' id='word_1_339' title='bbox 1263 1103 1361 1134; x_wconf 78' lang='lat' dir='ltr'>oleum</span> <span class='ocrx_word' id='word_1_340' title='bbox 1385 1103 1483 1144; x_wconf 61' lang='lat' dir='ltr'>eidus,</span> <span class='ocrx_word' id='word_1_341' title='bbox 1504 1104 1559 1143; x_wconf 59' lang='grc' dir='ltr'>ᾴε.</span> 
     </span>
     <span class='ocr_line' id='line_1_68' title="bbox 862 1151 1558 1193; baseline -0.004 -7"><span class='ocrx_word' id='word_1_342' title='bbox 862 1155 926 1186; x_wconf 93' lang='lat' dir='ltr'>Vel</span> <span class='ocrx_word' id='word_1_343' title='bbox 942 1153 1095 1186; x_wconf 83' lang='lat' dir='ltr'>caulibus</span> <span class='ocrx_word' id='word_1_344' title='bbox 1111 1153 1259 1185; x_wconf 84' lang='lat' dir='ltr'>instillat</span> <span class='ocrx_word' id='word_1_345' title='bbox 1273 1152 1308 1184; x_wconf 91' lang='lat' dir='ltr'>id</span> <span class='ocrx_word' id='word_1_346' title='bbox 1325 1153 1448 1189; x_wconf 83' lang='lat' dir='ltr'>oleum,</span> <span class='ocrx_word' id='word_1_347' title='bbox 1463 1151 1558 1193; x_wconf 85' lang='lat' dir='ltr'>cujus</span> 
     </span>
     <span class='ocr_line' id='line_1_69' title="bbox 861 1202 1558 1244; baseline -0.001 -9"><span class='ocrx_word' id='word_1_348' title='bbox 861 1205 927 1235; x_wconf 91' lang='lat' dir='ltr'>olei</span> <span class='ocrx_word' id='word_1_349' title='bbox 945 1203 1171 1244; x_wconf 79' lang='lat' dir='ltr'>odorem,&amp;c.</span> <span class='ocrx_word' id='word_1_350' title='bbox 1196 1204 1338 1234; x_wconf 74' lang='lat' dir='ltr'>Tor-rent.</span> <span class='ocrx_word' id='word_1_351' title='bbox 1379 1202 1558 1241; x_wconf 69' lang='lat' dir='ltr'>Cnjusodo·</span> 
     </span>
     <span class='ocr_line' id='line_1_70' title="bbox 860 1252 1553 1294; baseline -0.001 -10"><span class='ocrx_word' id='word_1_352' title='bbox 860 1253 1010 1294; x_wconf 79' lang='lat' dir='ltr'>remotei]</span> <span class='ocrx_word' id='word_1_353' title='bbox 1033 1254 1079 1284; x_wconf 88' lang='lat' dir='ltr'>Et</span> <span class='ocrx_word' id='word_1_354' title='bbox 1097 1253 1241 1284; x_wconf 77' lang='lat' dir='ltr'>instillat</span> <span class='ocrx_word' id='word_1_355' title='bbox 1257 1252 1409 1284; x_wconf 84' lang='lat' dir='ltr'>caulibus</span> <span class='ocrx_word' id='word_1_356' title='bbox 1428 1252 1553 1291; x_wconf 87' lang='lat' dir='ltr'>oleum,</span> 
     </span>
     <span class='ocr_line' id='line_1_71' title="bbox 860 1302 1557 1344; baseline -0.001 -9"><span class='ocrx_word' id='word_1_357' title='bbox 860 1303 958 1344; x_wconf 89' lang='lat' dir='ltr'>cujus</span> <span class='ocrx_word' id='word_1_358' title='bbox 979 1303 1131 1344; x_wconf 88' lang='lat' dir='ltr'>odorem,</span> <span class='ocrx_word' id='word_1_359' title='bbox 1152 1305 1216 1335; x_wconf 86' lang='lat' dir='ltr'>&amp;c.</span> <span class='ocrx_word' id='word_1_360' title='bbox 1271 1302 1407 1344; x_wconf 75' lang='lat' dir='ltr'>Licebit]</span> <span class='ocrx_word' id='word_1_361' title='bbox 1431 1302 1557 1335; x_wconf 82' lang='lat' dir='ltr'>Quam·</span> 
     </span>
     <span class='ocr_line' id='line_1_72' title="bbox 860 1364 922 1386; baseline 0.016 -1"><span class='ocrx_word' id='word_1_362' title='bbox 860 1364 922 1386; x_wconf 70' lang='lat' dir='ltr'>vis.</span> 
     </span>
    </p>

    <p class='ocr_par' dir='ltr' id='par_1_13' title="bbox 854 1396 1555 2431">
     <span class='ocr_line' id='line_1_73' title="bbox 899 1396 1552 1444; baseline -0.003 -10"><span class='ocrx_word' id='word_1_363' title='bbox 899 1396 950 1434; x_wconf 78' lang='lat'>60¹</span> <span class='ocrx_word' id='word_1_364' title='bbox 964 1403 1025 1434; x_wconf 81' lang='lat' dir='ltr'>Ille</span> <span class='ocrx_word' id='word_1_365' title='bbox 1047 1403 1180 1444; x_wconf 77' lang='lat' dir='ltr'>repotia,</span> <span class='ocrx_word' id='word_1_366' title='bbox 1201 1405 1255 1443; x_wconf 59' lang='grc' dir='ltr'>ξε.</span> <span class='ocrx_word' id='word_1_367' title='bbox 1295 1402 1405 1433; x_wconf 83' lang='lat' dir='ltr'>Festos</span> <span class='ocrx_word' id='word_1_368' title='bbox 1430 1402 1552 1433; x_wconf 71' lang='lat' dir='ltr'>albatus</span> 
     </span>
     <span class='ocr_line' id='line_1_74' title="bbox 856 1450 1552 1492; baseline -0.001 -9"><span class='ocrx_word' id='word_1_369' title='bbox 856 1452 1001 1492; x_wconf 77' lang='lat' dir='ltr'>celebret]</span> <span class='ocrx_word' id='word_1_370' title='bbox 1023 1451 1155 1483; x_wconf 85' lang='lat' dir='ltr'>Diebus</span> <span class='ocrx_word' id='word_1_371' title='bbox 1171 1453 1262 1482; x_wconf 86' lang='lat' dir='ltr'>enim</span> <span class='ocrx_word' id='word_1_372' title='bbox 1278 1450 1387 1486; x_wconf 85' lang='lat' dir='ltr'>festis,</span> <span class='ocrx_word' id='word_1_373' title='bbox 1405 1460 1445 1483; x_wconf 87' lang='lat' dir='ltr'>ac</span> <span class='ocrx_word' id='word_1_374' title='bbox 1468 1451 1552 1491; x_wconf 89' lang='lat' dir='ltr'>pub-</span> 
     </span>
     <span class='ocr_line' id='line_1_75' title="bbox 857 1500 1555 1541; baseline -0.001 -9"><span class='ocrx_word' id='word_1_375' title='bbox 857 1501 923 1533; x_wconf 86' lang='lat' dir='ltr'>lica</span> <span class='ocrx_word' id='word_1_376' title='bbox 938 1501 1072 1541; x_wconf 69' lang='lat' dir='ltr'>laetitia,</span> <span class='ocrx_word' id='word_1_377' title='bbox 1088 1507 1184 1541; x_wconf 82' lang='lat' dir='ltr'>togas</span> <span class='ocrx_word' id='word_1_378' title='bbox 1203 1500 1381 1532; x_wconf 82' lang='lat' dir='ltr'>sumebant</span> <span class='ocrx_word' id='word_1_379' title='bbox 1404 1509 1471 1532; x_wconf 89' lang='lat' dir='ltr'>non</span> <span class='ocrx_word' id='word_1_380' title='bbox 1495 1509 1555 1531; x_wconf 84' lang='lat' dir='ltr'>no·</span> 
     </span>
     <span class='ocr_line' id='line_1_76' title="bbox 858 1549 1554 1592; baseline -0.003 -10"><span class='ocrx_word' id='word_1_381' title='bbox 858 1560 917 1582; x_wconf 86' lang='lat' dir='ltr'>vas</span> <span class='ocrx_word' id='word_1_382' title='bbox 943 1560 1077 1591; x_wconf 86' lang='lat' dir='ltr'>semper</span> <span class='ocrx_word' id='word_1_383' title='bbox 1099 1550 1175 1592; x_wconf 86' lang='lat' dir='ltr'>(qui</span> <span class='ocrx_word' id='word_1_384' title='bbox 1202 1551 1292 1582; x_wconf 89' lang='lat' dir='ltr'>enim</span> <span class='ocrx_word' id='word_1_385' title='bbox 1322 1550 1386 1582; x_wconf 82' lang='lat' dir='ltr'>hoc</span> <span class='ocrx_word' id='word_1_386' title='bbox 1408 1549 1484 1581; x_wconf 80' lang='lat' dir='ltr'>fieri</span> <span class='ocrx_word' id='word_1_387' title='bbox 1509 1550 1554 1581; x_wconf 82' lang='lat' dir='ltr'>ab</span> 
     </span>
     <span class='ocr_line' id='line_1_77' title="bbox 858 1599 1552 1642; baseline -0.001 -10"><span class='ocrx_word' id='word_1_388' title='bbox 858 1600 1012 1632; x_wconf 83' lang='lat' dir='ltr'>omnibus</span> <span class='ocrx_word' id='word_1_389' title='bbox 1030 1600 1143 1642; x_wconf 88' lang='lat' dir='ltr'>potuit</span> <span class='ocrx_word' id='word_1_390' title='bbox 1153 1599 1182 1641; x_wconf 89' lang='lat'>?)</span> <span class='ocrx_word' id='word_1_391' title='bbox 1204 1599 1265 1632; x_wconf 91' lang='lat' dir='ltr'>sed</span> <span class='ocrx_word' id='word_1_392' title='bbox 1285 1600 1371 1632; x_wconf 84' lang='lat' dir='ltr'>lotas</span> <span class='ocrx_word' id='word_1_393' title='bbox 1388 1609 1408 1631; x_wconf 90' lang='lat' dir='ltr'>a</span> <span class='ocrx_word' id='word_1_394' title='bbox 1421 1599 1552 1631; x_wconf 83' lang='lat' dir='ltr'>fullone</span> 
     </span>
     <span class='ocr_line' id='line_1_78' title="bbox 855 1649 1554 1682; baseline 0 -1"><span class='ocrx_word' id='word_1_395' title='bbox 855 1656 1024 1682; x_wconf 85' lang='lat' dir='ltr'>recentes.</span> <span class='ocrx_word' id='word_1_396' title='bbox 1059 1650 1100 1681; x_wconf 89' lang='lat' dir='ltr'>Id</span> <span class='ocrx_word' id='word_1_397' title='bbox 1116 1649 1205 1682; x_wconf 84' lang='lat' dir='ltr'>enim</span> <span class='ocrx_word' id='word_1_398' title='bbox 1231 1649 1335 1681; x_wconf 80' lang='lat' dir='ltr'>facile</span> <span class='ocrx_word' id='word_1_399' title='bbox 1358 1649 1426 1681; x_wconf 89' lang='lat' dir='ltr'>fnit</span> <span class='ocrx_word' id='word_1_400' title='bbox 1452 1651 1554 1681; x_wconf 86' lang='lat' dir='ltr'>etiam</span> 
     </span>
     <span class='ocr_line' id='line_1_79' title="bbox 859 1698 1553 1740; baseline -0.001 -10"><span class='ocrx_word' id='word_1_401' title='bbox 859 1699 1081 1735; x_wconf 86' lang='lat' dir='ltr'>tennioribus,</span> <span class='ocrx_word' id='word_1_402' title='bbox 1111 1704 1201 1740; x_wconf 85' lang='lat' dir='ltr'>togae</span> <span class='ocrx_word' id='word_1_403' title='bbox 1242 1698 1359 1730; x_wconf 85' lang='lat' dir='ltr'>sordes</span> <span class='ocrx_word' id='word_1_404' title='bbox 1403 1698 1553 1735; x_wconf 86' lang='lat' dir='ltr'>demere,</span> 
     </span>
     <span class='ocr_line' id='line_1_80' title="bbox 856 1746 1552 1788; baseline -0.003 -9"><span class='ocrx_word' id='word_1_405' title='bbox 856 1757 988 1788; x_wconf 85' lang='lat' dir='ltr'>opeque</span> <span class='ocrx_word' id='word_1_406' title='bbox 1011 1746 1148 1779; x_wconf 83' lang='lat' dir='ltr'>fullonis</span> <span class='ocrx_word' id='word_1_407' title='bbox 1171 1746 1311 1778; x_wconf 81' lang='lat' dir='ltr'>eandem</span> <span class='ocrx_word' id='word_1_408' title='bbox 1331 1747 1552 1787; x_wconf 87' lang='lat' dir='ltr'>interpolare,</span> 
     </span>
     <span class='ocr_line' id='line_1_81' title="bbox 858 1795 1555 1837; baseline -0.001 -10"><span class='ocrx_word' id='word_1_409' title='bbox 858 1796 1068 1837; x_wconf 89' lang='lat' dir='ltr'>pristinoque</span> <span class='ocrx_word' id='word_1_410' title='bbox 1091 1795 1230 1828; x_wconf 84' lang='lat' dir='ltr'>candori</span> <span class='ocrx_word' id='word_1_411' title='bbox 1246 1795 1400 1828; x_wconf 86' lang='lat' dir='ltr'>reddere.</span> <span class='ocrx_word' id='word_1_412' title='bbox 1424 1796 1555 1827; x_wconf 69' lang='lat' dir='ltr'>Fert-ar.</span> 
     </span>
     <span class='ocr_line' id='line_1_82' title="bbox 858 1845 1555 1887; baseline 0.001 -11"><span class='ocrx_word' id='word_1_413' title='bbox 858 1846 1007 1887; x_wconf 80' lang='lat' dir='ltr'>Repotia]</span> <span class='ocrx_word' id='word_1_414' title='bbox 1036 1845 1222 1887; x_wconf 81' lang='lat' dir='ltr'>Postquam</span> <span class='ocrx_word' id='word_1_415' title='bbox 1257 1845 1378 1876; x_wconf 87' lang='lat' dir='ltr'>Festus</span> <span class='ocrx_word' id='word_1_416' title='bbox 1408 1855 1470 1876; x_wconf 93' lang='lat' dir='ltr'>nos</span> <span class='ocrx_word' id='word_1_417' title='bbox 1493 1845 1555 1877; x_wconf 91' lang='lat' dir='ltr'>do-</span> 
     </span>
     <span class='ocr_line' id='line_1_83' title="bbox 858 1895 1553 1936; baseline 0 -9"><span class='ocrx_word' id='word_1_418' title='bbox 858 1896 928 1927; x_wconf 89' lang='lat' dir='ltr'>cuit</span> <span class='ocrx_word' id='word_1_419' title='bbox 952 1895 1074 1936; x_wconf 76' lang='lat' dir='ltr'>repotia</span> <span class='ocrx_word' id='word_1_420' title='bbox 1100 1896 1167 1927; x_wconf 90' lang='lat' dir='ltr'>dici</span> <span class='ocrx_word' id='word_1_421' title='bbox 1205 1895 1372 1936; x_wconf 88' lang='lat' dir='ltr'>postridie</span> <span class='ocrx_word' id='word_1_422' title='bbox 1404 1895 1553 1936; x_wconf 80' lang='lat' dir='ltr'>nuptias,</span> 
     </span>
     <span class='ocr_line' id='line_1_84' title="bbox 857 1944 1554 1986; baseline 0 -10"><span class='ocrx_word' id='word_1_423' title='bbox 857 1954 934 1977; x_wconf 88' lang='lat' dir='ltr'>cum</span> <span class='ocrx_word' id='word_1_424' title='bbox 948 1944 1038 1986; x_wconf 85' lang='lat' dir='ltr'>apud</span> <span class='ocrx_word' id='word_1_425' title='bbox 1054 1954 1176 1976; x_wconf 80' lang='lat' dir='ltr'>novum</span> <span class='ocrx_word' id='word_1_426' title='bbox 1204 1945 1362 1976; x_wconf 87' lang='lat' dir='ltr'>maritum</span> <span class='ocrx_word' id='word_1_427' title='bbox 1388 1949 1554 1985; x_wconf 82' lang='lat' dir='ltr'>coenatur,</span> 
     </span>
     <span class='ocr_line' id='line_1_85' title="bbox 858 1995 1551 2038; baseline 0 -11"><span class='ocrx_word' id='word_1_428' title='bbox 858 1996 941 2038; x_wconf 89' lang='lat' dir='ltr'>quia</span> <span class='ocrx_word' id='word_1_429' title='bbox 966 1995 1117 2028; x_wconf 88' lang='lat' dir='ltr'>reficitur</span> <span class='ocrx_word' id='word_1_430' title='bbox 1141 1995 1291 2037; x_wconf 83' lang='lat' dir='ltr'>potatio;</span> <span class='ocrx_word' id='word_1_431' title='bbox 1315 1995 1478 2038; x_wconf 87' lang='lat' dir='ltr'>quidquid</span> <span class='ocrx_word' id='word_1_432' title='bbox 1493 1996 1551 2027; x_wconf 84' lang='lat' dir='ltr'>alii</span> 
     </span>
     <span class='ocr_line' id='line_1_86' title="bbox 859 2044 1550 2086; baseline 0 -10"><span class='ocrx_word' id='word_1_433' title='bbox 859 2044 1017 2086; x_wconf 83' lang='lat' dir='ltr'>afferunt,</span> <span class='ocrx_word' id='word_1_434' title='bbox 1031 2054 1123 2076; x_wconf 87' lang='lat' dir='ltr'>mera</span> <span class='ocrx_word' id='word_1_435' title='bbox 1140 2046 1342 2086; x_wconf 81' lang='lat' dir='ltr'>conjectura</span> <span class='ocrx_word' id='word_1_436' title='bbox 1364 2050 1438 2077; x_wconf 86' lang='lat' dir='ltr'>est:</span> <span class='ocrx_word' id='word_1_437' title='bbox 1464 2055 1550 2086; x_wconf 79' lang='lat' dir='ltr'>prae·</span> 
     </span>
     <span class='ocr_line' id='line_1_87' title="bbox 856 2094 1550 2127; baseline -0.001 0"><span class='ocrx_word' id='word_1_438' title='bbox 856 2096 974 2127; x_wconf 83' lang='lat' dir='ltr'>sertim</span> <span class='ocrx_word' id='word_1_439' title='bbox 990 2103 1067 2127; x_wconf 91' lang='lat' dir='ltr'>cum</span> <span class='ocrx_word' id='word_1_440' title='bbox 1085 2094 1228 2127; x_wconf 80' lang='lat' dir='ltr'>accedat</span> <span class='ocrx_word' id='word_1_441' title='bbox 1242 2095 1348 2127; x_wconf 85' lang='lat' dir='ltr'>Gellii</span> <span class='ocrx_word' id='word_1_442' title='bbox 1365 2095 1550 2127; x_wconf 85' lang='lat' dir='ltr'>auctoritas</span> 
     </span>
     <span class='ocr_line' id='line_1_88' title="bbox 856 2144 1552 2184; baseline -0.001 -7"><span class='ocrx_word' id='word_1_443' title='bbox 856 2154 899 2177; x_wconf 87' lang='lat'>11.</span> <span class='ocrx_word' id='word_1_444' title='bbox 908 2148 963 2177; x_wconf 76' lang='lat'>24.</span> <span class='ocrx_word' id='word_1_445' title='bbox 988 2144 1289 2184; x_wconf 66' lang='lat' dir='ltr'>Phra&#39;l&#39;uruebus,</span> <span class='ocrx_word' id='word_1_446' title='bbox 1300 2153 1391 2175; x_wconf 85' lang='lat' dir='ltr'>cxu.</span> <span class='ocrx_word' id='word_1_447' title='bbox 1404 2147 1436 2176; x_wconf 83' lang='lat'>6.</span> <span class='ocrx_word' id='word_1_448' title='bbox 1448 2149 1484 2176; x_wconf 90' lang='lat' dir='ltr'>et</span> <span class='ocrx_word' id='word_1_449' title='bbox 1495 2154 1552 2176; x_wconf 83' lang='grc' dir='ltr'>ιιι.</span> 
     </span>
     <span class='ocr_line' id='line_1_89' title="bbox 854 2194 1550 2234; baseline 0 -8"><span class='ocrx_word' id='word_1_450' title='bbox 854 2197 908 2226; x_wconf 81' lang='grc'>25.</span> <span class='ocrx_word' id='word_1_451' title='bbox 926 2194 1071 2226; x_wconf 72' lang='lat' dir='ltr'>Tor-rene.</span> <span class='ocrx_word' id='word_1_452' title='bbox 1107 2194 1256 2234; x_wconf 74' lang='lat' dir='ltr'>Repoeia,</span> <span class='ocrx_word' id='word_1_453' title='bbox 1279 2195 1422 2234; x_wconf 66' lang='lat' dir='ltr'>nataleis,</span> <span class='ocrx_word' id='word_1_454' title='bbox 1434 2195 1550 2226; x_wconf 77' lang='lat' dir='ltr'>aliosve</span> 
     </span>
     <span class='ocr_line' id='line_1_90' title="bbox 854 2243 1551 2285; baseline 0 -9"><span class='ocrx_word' id='word_1_455' title='bbox 854 2244 990 2285; x_wconf 78' lang='lat' dir='ltr'>dierum]</span> <span class='ocrx_word' id='word_1_456' title='bbox 1017 2244 1182 2276; x_wconf 82' lang='lat' dir='ltr'>convivia</span> <span class='ocrx_word' id='word_1_457' title='bbox 1204 2243 1297 2277; x_wconf 84' lang='lat' dir='ltr'>facta</span> <span class='ocrx_word' id='word_1_458' title='bbox 1323 2244 1380 2276; x_wconf 89' lang='lat' dir='ltr'>die</span> <span class='ocrx_word' id='word_1_459' title='bbox 1399 2245 1551 2277; x_wconf 88' lang='lat' dir='ltr'>secundo</span> 
     </span>
     <span class='ocr_line' id='line_1_91' title="bbox 854 2294 1550 2337; baseline 0.001 -12"><span class='ocrx_word' id='word_1_460' title='bbox 854 2303 875 2325; x_wconf 90' lang='lat' dir='ltr'>a</span> <span class='ocrx_word' id='word_1_461' title='bbox 902 2294 1056 2335; x_wconf 89' lang='lat' dir='ltr'>nuptiis;</span> <span class='ocrx_word' id='word_1_462' title='bbox 1087 2295 1144 2326; x_wconf 82' lang='lat' dir='ltr'>vel</span> <span class='ocrx_word' id='word_1_463' title='bbox 1169 2295 1445 2335; x_wconf 84' lang='lat' dir='ltr'>comessationes,</span> <span class='ocrx_word' id='word_1_464' title='bbox 1473 2306 1550 2337; x_wconf 81' lang='lat' dir='ltr'>quae</span> 
     </span>
     <span class='ocr_line' id='line_1_92' title="bbox 855 2342 1551 2376; baseline 0.004 -3"><span class='ocrx_word' id='word_1_465' title='bbox 855 2342 972 2374; x_wconf 87' lang='lat' dir='ltr'>liberis</span> <span class='ocrx_word' id='word_1_466' title='bbox 999 2344 1088 2375; x_wconf 84' lang='lat' dir='ltr'>natis</span> <span class='ocrx_word' id='word_1_467' title='bbox 1112 2344 1202 2375; x_wconf 85' lang='lat' dir='ltr'>iuter</span> <span class='ocrx_word' id='word_1_468' title='bbox 1222 2344 1351 2376; x_wconf 83' lang='lat' dir='ltr'>vicinos</span> <span class='ocrx_word' id='word_1_469' title='bbox 1373 2344 1551 2376; x_wconf 83' lang='lat' dir='ltr'>celebran-</span> 
     </span>
     <span class='ocr_line' id='line_1_93' title="bbox 857 2390 1255 2431; baseline 0.003 -9"><span class='ocrx_word' id='word_1_470' title='bbox 857 2395 925 2422; x_wconf 88' lang='lat' dir='ltr'>tur.</span> <span class='ocrx_word' id='word_1_471' title='bbox 949 2390 1051 2431; x_wconf 83' lang='lat' dir='ltr'>Angl.</span> <span class='ocrx_word' id='word_1_472' title='bbox 1067 2392 1255 2430; x_wconf 72' lang='lat' dir='ltr'>childfeasts.</span> 
     </span>
    </p>

    <p class='ocr_par' dir='ltr' id='par_1_14' title="bbox 854 2440 1553 2881">
     <span class='ocr_line' id='line_1_94' title="bbox 898 2440 1551 2481; baseline 0.003 -10"><span class='ocrx_word' id='word_1_473' title='bbox 898 2443 938 2471; x_wconf 83' lang='lat'>61</span> <span class='ocrx_word' id='word_1_474' title='bbox 977 2440 1126 2481; x_wconf 65' lang='lat' dir='ltr'>Aibat-u]</span> <span class='ocrx_word' id='word_1_475' title='bbox 1157 2441 1259 2472; x_wconf 92' lang='lat' dir='ltr'>Color</span> <span class='ocrx_word' id='word_1_476' title='bbox 1293 2440 1390 2472; x_wconf 84' lang='lat' dir='ltr'>albus</span> <span class='ocrx_word' id='word_1_477' title='bbox 1420 2440 1551 2474; x_wconf 75' lang='lat' dir='ltr'>laetitiae</span> 
     </span>
     <span class='ocr_line' id='line_1_95' title="bbox 857 2487 1553 2531; baseline 0.003 -10"><span class='ocrx_word' id='word_1_478' title='bbox 857 2489 1028 2529; x_wconf 84' lang='lat' dir='ltr'>convenit,</span> <span class='ocrx_word' id='word_1_479' title='bbox 1053 2487 1188 2522; x_wconf 84' lang='lat' dir='ltr'>faustus</span> <span class='ocrx_word' id='word_1_480' title='bbox 1204 2490 1328 2531; x_wconf 88' lang='lat' dir='ltr'>quippe</span> <span class='ocrx_word' id='word_1_481' title='bbox 1343 2500 1383 2522; x_wconf 82' lang='lat' dir='ltr'>ac</span> <span class='ocrx_word' id='word_1_482' title='bbox 1408 2489 1503 2530; x_wconf 81' lang='lat' dir='ltr'>felix,</span> <span class='ocrx_word' id='word_1_483' title='bbox 1515 2496 1553 2523; x_wconf 92' lang='lat' dir='ltr'>et</span> 
     </span>
     <span class='ocr_line' id='line_1_96' title="bbox 857 2539 1552 2580; baseline 0.004 -10"><span class='ocrx_word' id='word_1_484' title='bbox 857 2539 930 2571; x_wconf 89' lang='lat' dir='ltr'>Diis</span> <span class='ocrx_word' id='word_1_485' title='bbox 955 2539 1199 2571; x_wconf 87' lang='lat' dir='ltr'>immortalibus</span> <span class='ocrx_word' id='word_1_486' title='bbox 1219 2544 1355 2580; x_wconf 85' lang='lat' dir='ltr'>gratus;</span> <span class='ocrx_word' id='word_1_487' title='bbox 1381 2541 1469 2573; x_wconf 88' lang='lat' dir='ltr'>uude</span> <span class='ocrx_word' id='word_1_488' title='bbox 1484 2551 1552 2573; x_wconf 85' lang='lat' dir='ltr'>non</span> 
     </span>
     <span class='ocr_line' id='line_1_97' title="bbox 855 2588 1551 2632; baseline 0.004 -12"><span class='ocrx_word' id='word_1_489' title='bbox 855 2589 1069 2629; x_wconf 83' lang='lat' dir='ltr'>ineleganter</span> <span class='ocrx_word' id='word_1_490' title='bbox 1084 2588 1315 2630; x_wconf 85' lang='lat' dir='ltr'>Persius,Sat.</span> <span class='ocrx_word' id='word_1_491' title='bbox 1331 2598 1374 2622; x_wconf 86' lang='lat' dir='ltr'>u.</span> <span class='ocrx_word' id='word_1_492' title='bbox 1388 2591 1398 2608; x_wconf 81' lang='lat'>⁴</span> <span class='ocrx_word' id='word_1_493' title='bbox 1415 2590 1551 2632; x_wconf 82' lang='lat' dir='ltr'>Negato</span> 
     </span>
     <span class='ocr_line' id='line_1_98' title="bbox 854 2638 1550 2680; baseline 0.004 -9"><span class='ocrx_word' id='word_1_494' title='bbox 854 2638 1018 2679; x_wconf 87' lang='lat' dir='ltr'>Juppiter</span> <span class='ocrx_word' id='word_1_495' title='bbox 1041 2638 1104 2670; x_wconf 86' lang='lat' dir='ltr'>hoc</span> <span class='ocrx_word' id='word_1_496' title='bbox 1130 2638 1192 2679; x_wconf 89' lang='lat' dir='ltr'>illi,</span> <span class='ocrx_word' id='word_1_497' title='bbox 1206 2639 1357 2680; x_wconf 83' lang='lat' dir='ltr'>quamvis</span> <span class='ocrx_word' id='word_1_498' title='bbox 1377 2644 1411 2671; x_wconf 89' lang='lat' dir='ltr'>te</span> <span class='ocrx_word' id='word_1_499' title='bbox 1435 2641 1550 2674; x_wconf 83' lang='lat' dir='ltr'>albata</span> 
     </span>
     <span class='ocr_line' id='line_1_99' title="bbox 854 2688 1553 2733; baseline 0.007 -14"><span class='ocrx_word' id='word_1_500' title='bbox 854 2688 1002 2728; x_wconf 72' lang='lat' dir='ltr'>rogarit.¹</span> <span class='ocrx_word' id='word_1_501' title='bbox 1027 2688 1152 2730; x_wconf 87' lang='lat' dir='ltr'>Itaque</span> <span class='ocrx_word' id='word_1_502' title='bbox 1163 2692 1199 2720; x_wconf 90' lang='lat' dir='ltr'>et</span> <span class='ocrx_word' id='word_1_503' title='bbox 1211 2688 1387 2730; x_wconf 83' lang='lat' dir='ltr'>sacrificia,</span> <span class='ocrx_word' id='word_1_504' title='bbox 1402 2695 1439 2722; x_wconf 89' lang='lat' dir='ltr'>et</span> <span class='ocrx_word' id='word_1_505' title='bbox 1453 2701 1553 2733; x_wconf 90' lang='lat' dir='ltr'>spec-</span> 
     </span>
     <span class='ocr_line' id='line_1_100' title="bbox 856 2741 1551 2780; baseline 0.006 -9"><span class='ocrx_word' id='word_1_506' title='bbox 856 2741 983 2780; x_wconf 84' lang='lat' dir='ltr'>tacula,</span> <span class='ocrx_word' id='word_1_507' title='bbox 1012 2744 1048 2772; x_wconf 89' lang='lat' dir='ltr'>et</span> <span class='ocrx_word' id='word_1_508' title='bbox 1079 2741 1237 2773; x_wconf 84' lang='lat' dir='ltr'>convivia</span> <span class='ocrx_word' id='word_1_509' title='bbox 1266 2741 1372 2773; x_wconf 84' lang='lat' dir='ltr'>albati</span> <span class='ocrx_word' id='word_1_510' title='bbox 1398 2743 1551 2775; x_wconf 83' lang='lat' dir='ltr'>celebra·</span> 
     </span>
     <span class='ocr_line' id='line_1_101' title="bbox 854 2789 1550 2833; baseline 0.004 -12"><span class='ocrx_word' id='word_1_511' title='bbox 854 2789 949 2829; x_wconf 85' lang='lat' dir='ltr'>bant,</span> <span class='ocrx_word' id='word_1_512' title='bbox 964 2789 1154 2830; x_wconf 87' lang='lat' dir='ltr'>praesertim</span> <span class='ocrx_word' id='word_1_513' title='bbox 1168 2791 1252 2822; x_wconf 87' lang='lat' dir='ltr'>lauti</span> <span class='ocrx_word' id='word_1_514' title='bbox 1281 2796 1383 2833; x_wconf 86' lang='lat' dir='ltr'>atque</span> <span class='ocrx_word' id='word_1_515' title='bbox 1400 2792 1524 2824; x_wconf 85' lang='lat' dir='ltr'>divites</span> <span class='ocrx_word' id='word_1_516' title='bbox 1539 2804 1550 2832; x_wconf 81' lang='lat'>3</span> 
     </span>
     <span class='ocr_line' id='line_1_102' title="bbox 854 2840 1549 2881; baseline 0.004 -11"><span class='ocrx_word' id='word_1_517' title='bbox 854 2848 1020 2881; x_wconf 78' lang='lat' dir='ltr'>pauperes</span> <span class='ocrx_word' id='word_1_518' title='bbox 1038 2840 1126 2872; x_wconf 82' lang='lat' dir='ltr'>enim</span> <span class='ocrx_word' id='word_1_519' title='bbox 1154 2849 1194 2872; x_wconf 86' lang='lat' dir='ltr'>ac</span> <span class='ocrx_word' id='word_1_520' title='bbox 1215 2841 1385 2874; x_wconf 80' lang='lat' dir='ltr'>tenuiores</span> <span class='ocrx_word' id='word_1_521' title='bbox 1408 2843 1549 2875; x_wconf 84' lang='lat' dir='ltr'>tunicati</span> 
     </span>
    </p>
   </div>
  </div>
 </body>
</html>
