1916 3262
655 252 718 283 ou
749 252 884 284 ARTE
918 254 1144 285 Pourch.
1506 248 1616 290 1291

168 348 319 390 Primo
340 362 395 391 ne
414 348 618 398 medium,
639 347 785 389 medio
806 361 860 389 ne
882 348 1100 402 discrepet
1119 349 1270 390 imum.

166 415 250 466 Tu,
269 416 375 470 quid
395 429 492 470 ego,
512 420 555 457 et
574 416 767 469 populus
788 428 958 457 mecum
979 414 1215 466 desideret,
1234 413 1339 456 audi
1357 428 1367 453 ε

168 482 217 523 Si
239 484 462 537 plausoris
482 496 585 536 eges
605 483 750 524 aulaea
767 482 1002 531 manentis,
1023 487 1068 523 et
1088 494 1232 536 usque

165 549 339 592 Sessnri
359 550 500 592 donec
521 554 688 599 cantor,
709 550 804 592 Vos
823 549 1034 605 plaudite,
1056 549 1192 599 dicat,
1535 549 1620 591 155

167 616 331 658 AEtatis
350 617 566 672 cujusque
585 618 766 659 notandi
789 621 887 658 sunt
904 616 984 659 tibi
1003 629 1160 666 mores,

169 683 497 740 Mobilibusque
519 686 651 727 decor
670 684 840 727 naturis
861 684 1036 726 dandus
1055 686 1100 725 et
1118 683 1260 725 annis.

168 750 369 794 Reddere
389 755 464 807 qui
486 766 620 795 voces
635 754 730 808 jam
750 752 835 795 scit
855 764 978 806 puer,
998 756 1043 792 et
1063 751 1178 806 pede
1198 756 1321 792 certo

167 818 322 871 Signat
340 818 531 871 humum,
554 822 684 874 gestit
704 820 886 874 paribus
906 818 1136 869 colludere,
1156 822 1202 860 et
1221 819 1334 860 iram

156 956 239 999 fictu
254 958 347 996 ceris,
358 961 392 989 ut
408 959 542 990 medium
553 959 659 996 initio,
665 960 747 1002 finis
754 959 853 991 medio
867 969 929 991 non
941 958 1108 990 discordet.
1146 957 1263 999 Accipe
1274 958 1350 998 quid
1365 968 1421 998 ego
1433 959 1620 999 populusque

164 1009 280 1031 mecum
294 1003 430 1040 exoptet.
474 1001 511 1032 Si
527 1002 576 1032 vis
589 1003 725 1034 retinere
736 1003 911 1043 plausorem
928 1011 1023 1042 usque
1039 1003 1080 1032 ad
1099 1002 1333 1042 peristromata,
1347 1005 1619 1042 expectantemque

167 1043 263 1074 donec
275 1046 362 1074 actor
374 1044 470 1083 dicat,
489 1044 549 1076 Vos
568 1045 732 1084 plaudite3
753 1045 900 1085 cnjusque
923 1045 1028 1076 etatis
1046 1053 1145 1075 mores
1165 1054 1184 1074 α
1210 1047 1241 1075 te
1259 1043 1453 1084 exprimendi
1478 1047 1564 1082 aunt,
1589 1046 1619 1073 et

167 1086 290 1115 naturis
302 1086 451 1126 annisque
467 1087 658 1118 mutantibus
673 1088 763 1119 decor
777 1088 959 1119 tribuendus
972 1091 1031 1119 ese.
1077 1086 1164 1117 Puer
1176 1085 1247 1126 jum
1262 1087 1344 1126 loqui
1359 1087 1472 1125 sciens,
1485 1089 1514 1117 et
1521 1085 1621 1126 firmo

166 1127 243 1165 pede
253 1128 413 1168 gradiens,
427 1130 532 1160 ludere
545 1133 631 1161 amat
644 1140 711 1162 cum
726 1130 906 1171 (equalibus,
929 1129 1076 1161 irascitur
1088 1129 1190 1167 facile
1204 1131 1235 1160 et
1250 1129 1404 1169 placatur,
1421 1133 1513 1170 utque
1536 1127 1621 1158 horis

775 1221 815 1233 Ν
817 1220 931 1232 οοοοοο
933 1221 1012 1232 me

167 1287 319 1328 relinquet
334 1288 415 1320 Vat.
431 1288 544 1320 palat.
567 1291 706 1320 3.—152
731 1289 807 1318 vat.
828 1290 861 1319 Δ.
877 1288 979 1318 medio
993 1297 1058 1318 nec.
1102 1287 1259 1318 Vallicel.
1272 1296 1328 1318 nec
1352 1287 1496 1325 medium,
1521 1287 1621 1317 medio

166 1333 341 1362 nem—15³
365 1331 410 1362 Tu
434 1333 513 1371 quod
542 1331 672 1362 Heller.
715 1331 871 1361 desiderat
894 1330 1127 1360 Schoenborn.
1145 1332 1282 1360 1.--154
1307 1329 1346 1360 Sa·
1363 1329 1506 1366 fautor-ia
1532 1328 1621 1367 conj.

167 1372 283 1403 Bentl.
297 1372 584 1411 adstipulantibus
603 1372 682 1403 edd.
705 1372 818 1403 Par-m.
863 1371 903 1402 Si
922 1371 1055 1411 placoris
1071 1371 1157 1402 Exc.
1176 1371 1259 1402 Sax.
1281 1371 1362 1401 Vat.
1379 1371 1475 1401 Rom.
1491 1373 1524 1401 2.
1541 1372 1573 1400 3.
1589 1372 1622 1401 4.

167 1413 217 1455 (5.
232 1423 251 1444 a
266 1423 311 1446 m.
331 1415 402 1454 pr.)
424 1417 456 1446 8.
479 1415 560 1446 Vat.
582 1414 752 1446 ottobon.
775 1417 923 1455 quatuor
946 1413 1046 1444 codd.
1069 1413 1265 1451 Pubuanni,
1287 1417 1323 1444 et
1347 1422 1431 1443 unus
1451 1413 1556 1452 Cruq.
1572 1412 1622 1442 ita

165 1456 268 1487 etiam
286 1456 367 1497 legi.
381 1461 478 1488 notat
491 1456 606 1488 Acron
622 1467 632 1496 ;
654 1456 802 1496 sedjpse
816 1455 971 1496 praefert,
981 1456 1146 1496 plausor-is.
1178 1456 1337 1487 Alterum
1350 1455 1481 1495 plosoris
1495 1455 1623 1485 amavit

165 1508 208 1529 ex
223 1508 305 1530 anre
320 1509 379 1530 sua
394 1499 580 1540 Cuning.—-
588 1502 649 1531 157
675 1498 898 1538 Nobilibusque
921 1498 1005 1529 vat.
1021 1501 1052 1530 8.
1076 1499 1218 1530 Venett.
1235 1501 1331 1529 1481.
1347 1500 1444 1529 1483.
1466 1499 1560 1529 1486.
1586 1501 1623 1528 et

166 1541 317 1574 Florem.
333 1544 429 1574 1482.
466 1542 598 1574 maturis
611 1542 732 1574 dandus
746 1544 777 1573 et
791 1541 884 1572 annis
898 1541 980 1573 Vat.
997 1543 1029 1572 ⁷.
1053 1551 1072 1572 a
1087 1551 1133 1572 m.
1148 1551 1199 1580 pr.
1215 1541 1305 1582 quod
1323 1540 1468 1571 dederat
1485 1549 1528 1571 ex
1541 1549 1623 1571 con-

158 1584 297 1625 jectura
314 1584 429 1616 Bentl.
454 1587 620 1626 probatur
642 1594 731 1616 nunc
747 1593 790 1615 ex
806 1584 944 1625 optimae
961 1588 1051 1614 notae
1068 1593 1124 1625 ap.
1141 1585 1243 1615 Feam
1259 1594 1268 1622 ς
1292 1584 1342 1614 ita
1363 1584 1469 1614 etiam
1487 1583 1624 1622 legebat

166 1625 292 1659 Acron.
315 1626 534 1668 Adoptarunt
555 1637 655 1659 anon.
675 1626 772 1667 Traj.
797 1626 840 1658 ad
864 1626 973 1658 Rhen.
998 1626 1100 1658 Baxt.
1127 1627 1161 1657 iu
1189 1626 1243 1658 ed.
1266 1628 1298 1657 2.
1322 1626 1470 1665 Cuning.
1495 1624 1622 1656 Sanad.
1687 1654 1694 1658 .

822 1711 853 1743 N
860 1710 964 1742 O'rAE

921 1783 1088 1818 Quaedam
1104 1783 1195 1815 enim
1210 1783 1365 1824 partibus
1382 1782 1622 1822 blandiuntur;

922 1835 1027 1866 sedin
1037 1844 1198 1866 summam
1208 1844 1272 1866 uon
1282 1835 1511 1866 consentiunt.
1529 1833 1624 1865 Prae-

166 1793 220 1819 ωε
251 1787 408 1827 ambigit.
451 1788 555 1819 Certe
584 1786 695 1818 doctis
720 1789 867 1824 constat,

168 1837 302 1878 'frojam
319 1838 360 1868 ab
379 1837 485 1868 AEnea
499 1842 536 1868 et
552 1836 729 1868 Antenore
753 1834 867 1876 prodi-

170 1892 252 1925 tam.
266 1886 419 1919 Africam
435 1897 604 1929 nunquam
621 1887 713 1917 illum
731 1885 868 1924 vidisse,

169 1937 293 1970 nedum
325 1937 550 1976 Diomede—uu
577 1937 748 1969 Didonem
774 1947 794 1968 a
815 1937 867 1968 Sl-

169 1988 256 2019 chaei
272 1988 334 2018 viri
359 1994 469 2019 morte
492 1988 712 2019 castissimam
729 1987 866 2023 vixisse,

169 2039 234 2069 &c.
293 2037 372 2068 Huc
404 2036 555 2077 pertinet
588 2038 678 2079 quod
708 2037 868 2078 praecipit

169 2087 324 2128 Scaliger
349 2097 406 2119 ιιι.
433 2091 487 2120 97.
511 2091 521 2106 ⁸
540 2088 787 2128 Argumentum
813 2098 868 2119 su-

168 2137 325 2168 mendum
351 2142 405 2169 est
434 2138 693 2176 brevissimum3
717 2137 868 2179 illudque

167 2188 312 2220 maxime
331 2189 458 2220 varium
473 2187 721 2229 multiplexque
738 2186 866 2220 facien-

168 2239 272 2272 dum.¹

211 2292 274 2322 152
287 2290 398 2322 Primo
409 2300 447 2322 ne
461 2291 610 2328 medium,
623 2288 696 2331 ξω]
719 2289 867 2323 Quintil.

170 2349 219 2371 tv.
236 2343 268 2372 2.
282 2343 292 2358 ⁸
303 2341 421 2372 Prima
435 2341 480 2372 ait
494 2349 664 2378 curarum,
677 2345 715 2372 ut
727 2340 762 2371 id
776 2340 866 2382 quod

170 2389 325 2428 fingimus
347 2388 420 2422 fieri
442 2389 571 2430 possit:
594 2389 717 2421 deinde
734 2395 774 2422 ut
790 2399 866 2431 per-

170 2448 261 2470 souae
277 2443 314 2470 et
328 2439 404 2470 loco
419 2443 455 2470 et
470 2439 615 2480 tempori
629 2445 818 2480 congruat3
831 2443 867 2471 et

171 2487 373 2520 credibilem
395 2488 559 2521 rationem
582 2493 619 2521 et
636 2490 788 2522 ordinem
811 2491 867 2523 lra-

172 2540 279 2571 beat:
311 2538 340 2570 ai
366 2538 541 2579 contingat
567 2538 682 2576 etiam,
711 2546 747 2570 ut
774 2550 866 2572 verae

171 2589 272 2621 alicui
299 2588 350 2623 rei
374 2588 558 2627 coherent,
581 2592 640 2619 aut
667 2594 867 2629 argumento

171 2639 262 2682 quod
278 2639 311 2670 in
327 2648 431 2670 causa
446 2638 492 2669 sit
503 2637 734 2669 confirmetur.
780 2639 867 2671 Nam

171 2701 247 2732 quae
261 2694 334 2722 tota
348 2695 446 2721 extra
462 2698 533 2720 rem
550 2689 657 2729 petita
673 2694 764 2727 sunt,
776 2698 867 2720 men-

170 2740 278 2772 tiendi
295 2740 468 2772 licentiam
483 2739 643 2780 produnt.
672 2739 866 2770 Curandum

171 2790 357 2832 praecipue,
374 2798 416 2820 ne
438 2799 503 2831 qua
529 2790 619 2821 iuter
642 2798 678 2821 se
702 2795 866 2830 pugnent.

923 1890 1021 1916 terea
1039 1894 1082 1916 ne
1107 1885 1148 1916 iis
1165 1894 1242 1926 quae
1259 1894 1342 1916 vera
1358 1894 1432 1916 esse
1452 1885 1625 1916 constabit

922 1936 1067 1967 adversa
1082 1935 1174 1976 sint,'
1188 1937 1255 1967 &c.

966 1990 1027 2018 154
1049 1987 1088 2018 Si
1113 1987 1268 2027 plausoris
1296 1996 1380 2026 eges,
1406 1986 1478 2027 ἔξω]
1510 1987 1546 2018 Si
1573 1988 1623 2019 vis

918 2035 1068 2069 scribere
1079 2037 1294 2078 Tragoediam
1307 2047 1383 2078 quae
1398 2037 1444 2068 ita
1463 2038 1623 2078 populum

918 2088 1086 2126 delectet,
1102 2092 1140 2119 ut
1165 2087 1207 2118 ad
1237 2097 1343 2128 usque
1369 2087 1471 2118 finem
1500 2089 1532 2118 in
1556 2099 1624 2119 arn-

919 2138 1114 2180 phitlneatro
1140 2138 1306 2173 detineat,
1334 2143 1371 2168 et
1398 2138 1506 2168 donec
1533 2148 1624 2170 amo-

919 2194 1065 2221 veantur
1080 2189 1189 2220 aula-a
1203 2197 1338 2220 scenam
1358 2189 1568 2220 exornantia.

963 2244 1023 2272 155
1054 2241 1117 2273 Vos
1132 2240 1288 2281 plaudite]
1314 2239 1391 2271 Hoc
1407 2238 1547 2271 dicebat
1561 2240 1625 2270 his-

918 2290 985 2323 trio
999 2295 1173 2332 peractam
1189 2289 1337 2322 fabulam
1354 2289 1522 2321 indicans.
1544 2290 1623 2321 Tul-

919 2341 985 2372 lius
1017 2341 1049 2373 in
1077 2341 1229 2374 Catone:
1265 2340 1450 2380 ‘Sapienti
1478 2350 1543 2372 nou
1573 2345 1625 2371 est

921 2400 1026 2432 usque
1051 2390 1094 2421 ad
1117 2393 1127 2408 ‘
1142 2389 1316 2431 plaudite’
1343 2389 1573 2428 veuiendum,'
1589 2389 1623 2420 id

921 2445 988 2480 est,
1002 2450 1111 2483 usque
1127 2440 1169 2471 ad
1187 2440 1267 2471 vitae
1290 2439 1406 2474 finem,
1427 2439 1560 2471 scilicet
1584 2444 1624 2470 ut

920 2491 1063 2522 honeste
1079 2490 1203 2521 vixisse
1220 2490 1447 2529 intelligatur.

965 2543 1028 2572 156
1044 2541 1164 2572 AEtatis
1178 2541 1322 2580 cnjuaque
1336 2538 1466 2569 notandi
1477 2541 1551 2569 sunt
1564 2538 1623 2569 tibi

920 2590 1036 2631 mores]
1068 2589 1289 2629 Praeceptum
1316 2589 1378 2619 boc
1405 2589 1447 2618 de
1472 2588 1621 2620 moribus

922 2641 1010 2672 bene
1032 2645 1068 2670 et
1091 2639 1283 2670 luculenter
1305 2638 1538 2678 exprimendis
1554 2649 1621 2670 non

923 2691 1029 2722 semel
1065 2690 1215 2720 inculcat
1253 2688 1428 2728 Horatius,
1461 2688 1622 2720 videlicet

923 2741 1147 2781 praecipuum.
