1904 3216
400 270 508 313 1668

400 373 573 414 Virgilius,
596 371 714 403 referri
735 373 887 410 poterat;
911 367 991 400 mihi
1017 368 1086 409 qui·

400 423 476 454 dem
506 424 595 454 nullo
623 420 720 451 modo
748 420 932 460 probatur:
959 422 1084 458 quanto

399 474 486 504 enim
511 470 704 503 concinnius
729 469 900 507 gaudentes
926 476 998 498 rure
1025 467 1085 498 Ca-

398 532 511 552 moenas
530 530 628 551 unum
651 519 741 550 illum
758 519 819 549 sibi
836 517 1014 557 delegisse,
1029 515 1084 557 qni

400 580 452 600 res
470 569 608 600 rusticas
626 569 764 607 optime,
779 576 817 597 ac
843 566 948 596 veluti
971 565 1014 596 de
1035 565 1084 605 ip·

397 627 506 648 sarum
524 627 595 652 ore,
608 621 758 648 caneret.
780 615 858 646 vid.
872 615 950 645 Pet.
961 613 1085 646 Nannii

398 667 543 698 Miscell.
559 666 615 698 lib.
630 675 678 697 lv.
703 666 790 696 Torr.

438 719 478 747 45
506 716 639 755 Virgilio
649 713 835 753 annuerunt]
855 712 1015 752 Virgilius
1027 712 1083 743 illo

398 770 550 805 tempore
567 765 729 795 Bucolica
743 765 936 803 scripserat,
949 771 1016 792 non
1032 761 1083 792 ΙΕ-

397 814 508 845 neida.
549 814 672 854 [Codd.
695 823 751 853 ap.
777 813 876 843 Feam
903 816 938 843 et
960 811 1081 846 Jaeck.

396 863 571 901 annuerint,
587 863 639 893 vel
653 861 852 900 annuerant-J

439 915 481 943 46
504 912 574 942 Hoc
594 911 676 950 erat]
702 911 777 941 Hoc
801 913 889 948 erat,
911 908 999 949 qnod
1018 917 1080 947 ego

396 962 514 991 melius
525 969 654 1000 possem
666 960 812 990 scribere
821 958 971 998 Satyras,
983 966 1081 997 qnam

397 1010 518 1040 Varro.
567 1009 702 1040 Varrone
725 1006 872 1046 Atacino]
898 1007 937 1037 P.
960 1006 1082 1036 Teren-

397 1058 462 1088 tius
477 1057 586 1088 Varro
602 1057 643 1087 ab
661 1055 781 1094 Atace,
799 1055 938 1086 Graecas
953 1054 1081 1084 litteras

397 1116 473 1137 sero
497 1106 636 1137 didicit:
661 1110 784 1140 tamen,
807 1109 842 1135 et
866 1103 894 1135 si
920 1102 1081 1135 Quinctil.

397 1156 577 1194 credimus,
593 1155 626 1185 in
648 1155 698 1185 his
716 1163 776 1194 per
800 1163 875 1195 quae
897 1160 1015 1183 nomen
1031 1156 1083 1182 est

398 1211 579 1242 assecutus,
604 1204 771 1244 interpres
787 1203 897 1242 operis
912 1202 1024 1241 alieni,
1041 1201 1082 1232 ad

398 1254 583 1293 augendam
599 1252 731 1283 dicendi
750 1251 944 1282 facultatem
967 1260 1082 1291 parum

397 1301 537 1342 profuit.
590 1301 682 1332 Nihil
711 1301 814 1340 igitur
843 1299 1027 1330 mirandum
1057 1299 1083 1329 si

396 1352 550 1390 Satyram
567 1350 691 1381 frustra
705 1349 861 1380 tentavit.
885 1349 970 1380 Torr.
1004 1347 1084 1379 Ata-

396 1399 478 1439 cino]
499 1399 554 1430 Sic
569 1399 673 1437 dicto,
696 1398 738 1429 ab
761 1397 868 1429 Atace
886 1398 1084 1429 Narbonen-

397 1448 441 1478 sis
460 1448 580 1479 Galliae
597 1446 708 1478 fluvio.

441 1496 497 1536 [47
523 1495 630 1526 Codd.
657 1496 731 1526 Feae
755 1499 791 1526 et
812 1495 933 1531 Jaeck,
957 1495 1084 1535 possim,

397 1547 450 1586 vel
464 1544 612 1585 possum]

439 1598 480 1625 48
503 1594 679 1633 Inventor-e]
700 1594 761 1625 Uti
789 1597 824 1624 et
846 1593 969 1624 Juven.
992 1593 1001 1611 ‘
1016 1593 1083 1624 Cur

397 1650 510 1675 tamen
537 1645 600 1675 hoc
633 1644 743 1684 potius
773 1643 878 1674 libent
905 1643 1083 1673 decurrere

397 1702 530 1732 campo,
546 1692 613 1723 Per
629 1701 727 1732 quem
748 1700 887 1730 magnus
898 1699 1000 1730 equos
1015 1690 1082 1720 Au-

396 1751 509 1772 runcae
538 1740 633 1772 flexit
660 1739 848 1771 alumnusz‘
881 1738 1082 1778 periphrasis

396 1791 484 1821 enim
502 1789 619 1821 Lucilii
636 1795 701 1827 est,
714 1789 842 1828 Satyrae
855 1787 941 1828 apud
960 1787 1081 1818 Roma-

395 1849 455 1870 nos
484 1839 677 1870 inventoris.
724 1838 865 1868 Tor-rent.
922 1838 1084 1867 Inventore

395 1888 511 1928 minor]
536 1888 619 1919 Haec
635 1887 779 1918 ironicas
793 1886 1011 1926 intelligenda
1026 1894 1083 1916 ne-

398 1947 450 1967 mo
473 1936 688 1975 inticiabitur,
705 1936 731 1967 si
748 1935 943 1975 cognoverit
958 1934 1010 1965 hic
1026 1943 1082 1964 an-

398 1986 533 2016 tithesin
555 1994 629 2016 esse
645 1986 797 2023 tacitam,
814 1993 862 2023 se,
884 1988 977 2023 puta,
993 1983 1082 2014 molli

397 2035 543 2066 carmine
578 2035 760 2066 delectari:
803 2033 966 2064 Lucilium
1002 2041 1082 2062 vero

396 2083 511 2113 durius
536 2083 694 2121 scribere,
717 2081 804 2122 quod
826 2081 886 2111 sub
904 2080 1081 2119 reprehen-

397 2131 520 2161 sionem
546 2131 657 2160 cadit:
685 2139 750 2168 quo
774 2138 855 2168 ergo
878 2132 977 2167 pacto
1005 2136 1081 2158 vere

396 2179 470 2218 quis
494 2182 632 2215 asserat,
658 2176 835 2207 Horatium
859 2184 931 2205 esse
955 2175 1081 2205 Lucilio

396 2226 597 2257 inferiorem.
637 2226 732 2264 (ἶνας.
777 2225 938 2255 Ῑηυεηιονε
965 2224 1078 2263 minor]

397 2275 527 2306 Lucilio
541 2275 671 2314 Satyrae
688 2275 873 2304 inventore.

436 2326 479 2354 49
502 2323 605 2354 Multa
625 2333 693 2353 cum
711 2320 814 2360 laude]
839 2321 930 2351 Libri
955 2321 1082 2360 aliquot

395 2382 462 2403 cum
479 2372 574 2402 inulta
595 2372 700 2401 laude.-
725 2379 806 2400 unus
826 2370 924 2399 etiam
947 2370 1081 2400 cumula-

395 2425 458 2452 tam
485 2421 584 2451 laude.
631 2420 702 2450 Nec
730 2419 825 2453 male,
852 2427 927 2449 mea
950 2417 1081 2459 quidem

395 2470 573 2500 sententia.
600 2468 742 2499 Torrent.

438 2520 480 2548 50
502 2517 547 2548 At
573 2517 642 2548 dixi
655 2516 756 2557 fluere
780 2515 859 2547 hunc
887 2515 1081 2555 lutulentum]

397 2566 570 2600 Horatius.
598 2575 674 2597 cum
706 2565 864 2595 Lucilium
896 2565 997 2595 tertia
1023 2564 1082 2595 Sa-

396 2621 473 2653 tyra
485 2613 588 2652 fluere
610 2614 790 2644 lutulentum
805 2613 901 2653 dixit,
918 2622 996 2653 quo,
1018 2612 1082 2643 uisi

397 2664 438 2694 ad
455 2664 693 2704 lepidissimum
707 2663 938 2703 Aristophanis
951 2662 992 2692 de
1002 2662 1082 2693 Cra-

397 2714 465 2743 tino
488 2714 653 2752 judicium
682 2714 850 2753 respexit?
894 2712 979 2744 Nam
1006 2721 1080 2742 cuni

395 2763 458 2792 iste
475 2761 627 2792 Comicus
655 2761 687 2793 in
708 2760 822 2792 fabula
839 2760 974 2801 Pyfine,
989 2758 1081 2791 fluvii

846 277 987 308 NO'rAE
1021 276 1278 306 VAMORUM
1314 277 1364 307 IN

1132 369 1238 400 instar
1262 378 1376 399 versus
1398 375 1474 400 suos
1498 366 1613 406 fluere,
1635 366 1812 411 intempes-

1134 423 1202 454 tive
1217 427 1251 454 et
1267 422 1444 453 immodice
1469 420 1637 461 gloriatus.
1679 416 1812 448 Fluvins

1133 482 1213 513 ergo
1230 474 1399 510 Cratinus,
1423 470 1543 502 fluvius
1565 467 1731 500 Lucilius:
1753 466 1815 509 sed

1133 525 1272 563 uterque
1286 522 1479 558 lutulentus,
1500 519 1563 550 hoc
1583 522 1648 556 est,
1665 517 1722 554 τῆε
1737 515 1815 547 στί·

1131 580 1209 602 σεως
1223 569 1412 611 παρασύρων.
1428 569 1589 600 Heinsius.
1626 566 1720 597 Hunc
1733 566 1815 596 lidu-

1131 619 1260 658 lentum]
1278 620 1449 650 Lucilium.
1491 613 1705 654 Luculentum]
1724 613 1816 645 Alle-

1133 669 1261 709 gorico'ls
1278 672 1340 706 est,
1354 678 1427 698 eum
1443 671 1574 698 scatere
1594 664 1683 696 vitiis
1709 666 1744 694 et
1765 663 1815 694 in-

1132 722 1213 758 epta
1240 717 1448 757 garrulitate.
1489 715 1583 755 Cruq.
1638 711 1815 751 Fereutem]

1131 767 1229 806 Saepe
1245 765 1480 805 proferentem.

1172 819 1210 846 51
1238 816 1380 846 Tollenda
1397 811 1617 853 relinquendis]
1639 811 1744 842 Plura
1759 819 1814 841 su-

1131 864 1263 903 menda,
1288 863 1464 902 laudanda,
1482 867 1518 894 et
1539 860 1723 892 imitatione
1743 860 1815 899 dig-

1131 920 1185 948 na,
1201 921 1299 951 quam
1315 921 1386 952 quae
1403 911 1634 951 relinquantur
1649 913 1684 939 et
1706 906 1816 947 rejici-

1130 964 1239 991 antur.

1173 1011 1213 1039 52
1239 1009 1285 1039 Tu
1306 1007 1399 1048 nihil]
1421 1006 1557 1039 Ironica
1582 1004 1814 1044 interrogatio.

1131 1057 1282 1098 Homero]
1306 1057 1371 1090 Qui
1388 1056 1547 1087 dormitat
1564 1052 1744 1085 interdum.

1173 1109 1213 1136 53
1238 1106 1342 1136 Comis
1362 1105 1477 1144 tragici
1491 1105 1589 1134 mutat
1605 1101 1743 1133 Luciliu
1755 1100 1815 1132 At-

1131 1154 1171 1195 tt]
1196 1155 1331 1186 Comem
1355 1159 1389 1185 et
1414 1153 1575 1185 urbanum
1597 1154 1697 1182 vocat
1720 1150 1816 1182 Luci·-

1131 1205 1222 1244 lium,
1237 1214 1302 1246 qno
1318 1204 1425 1236 minus
1439 1204 1607 1241 miremur,
1621 1202 1646 1232 si
1662 1201 1694 1232 in
1709 1200 1817 1239 Attio,

1132 1252 1240 1284 Poeta
1266 1254 1392 1294 tragico
1418 1251 1637 1289 severissimo,
1659 1250 1816 1280 nonnulla

1134 1302 1287 1340 mutavit,
1309 1303 1371 1333 hoc
1395 1306 1460 1341 est,
1487 1298 1712 1340 reprehendit,
1739 1307 1815 1329 curn

1133 1352 1290 1383 mutanda
1305 1352 1448 1383 censuit.
1473 1350 1564 1381 Gell.
1581 1357 1650 1380 ιιι.
1662 1350 1695 1380 2.
1712 1351 1748 1379 et
1757 1356 1812 1378 ex-

1134 1403 1239 1431 tremo
1255 1401 1277 1431 l.
1294 1409 1388 1432 xvir.
1410 1400 1497 1431 Torr.
1542 1398 1650 1429 Mutat
1664 1395 1819 1435 Lucilius]

1134 1449 1190 1480 Nil
1207 1449 1375 1480 emendat.
1406 1447 1499 1487 Acci]
1518 1446 1638 1478 Accius
1651 1444 1738 1485 apud
1755 1445 1816 1476 La-

1133 1498 1218 1528 tinos
1234 1499 1358 1537 primns
1374 1497 1511 1536 scripsit
1525 1494 1752 1535 Tragoediam.

1174 1548 1214 1576 64
1238 1547 1310 1577 Non
1325 1545 1420 1584 ridet]
1438 1546 1530 1576 Citat
1545 1544 1630 1574 hunc
1645 1543 1766 1576 locum.
1782 1545 1817 1572 et

1132 1595 1319 1633 exemplum
1341 1593 1481 1624 Enniani
1504 1600 1630 1630 versus,
1645 1599 1741 1631 quem
1758 1590 1817 1620 de-

1134 1642 1245 1672 riserit
1270 1642 1426 1672 Lucilius.
1450 1641 1590 1672 Torreat.
1641 1639 1714 1669 Non
1735 1638 1817 1669 ridet

1132 1699 1238 1720 versus
1260 1689 1342 1720 Enni
1363 1689 1516 1728 gravitate
1529 1687 1672 1718 minores.
1689 1688 1765 1717 Cum
1779 1689 1817 1717 de

1131 1747 1164 1769 se
1178 1738 1328 1778 loquitur]
1348 1737 1413 1768 Sed
1428 1737 1481 1767 cui
1498 1737 1530 1766 in
1545 1740 1691 1768 mentem
1716 1735 1819 1774 venit,

1132 1787 1196 1819 ista
1234 1787 1348 1823 verba,
1381 1786 1458 1817 Cum
1482 1786 1520 1816 de
1546 1794 1578 1815 se
1606 1783 1753 1823 loquitur,
1781 1789 1817 1814 et

1133 1845 1208 1876 quae
1229 1839 1426 1876 sequuntur,
1451 1833 1494 1864 de
1519 1833 1591 1872 ipso
1614 1831 1721 1862 Ennio
1743 1840 1818 1862 esse

1133 1884 1351 1924 accipienda?
1385 1892 1460 1915 cum
1492 1875 1590 1922 Gulgo
1618 1881 1660 1911 de
1682 1880 1817 1911 ‚Lucilio

1133 1932 1350 1972 accipiantur.
1413 1931 1490 1963 Jam
1519 1931 1555 1961 de
1582 1939 1614 1960 se
1642 1929 1736 1969 loqui,
1765 1934 1819 1960 est

1131 1982 1394 2021 περιαυτολογεῖν,
1409 1985 1445 2012 et
1465 1980 1500 2011 in
1516 1979 1608 2014 vitio.
1625 1978 1816 2010 Graecorum

1132 2039 1234 2067 more,
1250 2030 1396 2069 ponitur.
1441 2028 1482 2059 Id
1508 2037 1584 2058 vero
1605 2026 1736 2058 fecerat
1750 2027 1817 2057 En-

1131 2077 1215 2107 nius.
1259 2077 1353 2107 Istud
1371 2082 1494 2111 autem,
1517 2086 1578 2107 non
1593 2079 1628 2107 nt
1641 2077 1755 2116 majore
1769 2085 1816 2107 re·

1126 2125 1259 2163 prensis,
1285 2125 1387 2155 etiam
1410 2125 1604 2155 Graecornm
1629 2133 1722 2154 more
1746 2115 1816 2154 ‹lic-

1132 2177 1211 2202 tum.
1255 2173 1327 2202 Non
1343 2175 1390 2207 ut,
1409 2177 1461 2203 est
1480 2172 1553 2211 m'tx’
1578 2171 1667 2202 ὅπως.
1703 2172 1713 2189 ‘
1731 2171 1813 2202 Cum

1130 2220 1172 2250 de
1188 2230 1222 2251 se
1238 2221 1398 2260 loquitur,
1418 2220 1475 2261 qui
1491 2220 1627 2251 multum
1644 2220 1754 2258 abest,
1778 2226 1815 2251 ut

1131 2270 1235 2309 major
1268 2270 1311 2299 sit
1347 2269 1412 2301 illis
1447 2278 1528 2309 quos
1572 2267 1815 2309 reprehendit?

1131 2317 1218 2358 qnod
1252 2318 1365 2348 Graeci
1395 2315 1574 2347 efferrent:
1610 2315 1679 2358 περὶ
1707 2317 1815 2348 ἑαυτοῦ

1130 2368 1247 2406 λαλῶν,
1271 2367 1338 2405 οὐχ’
1361 2365 1439 2397 ὅπως
1452 2364 1587 2404 μείζονος
1606 2367 1668 2396 τῶν
1683 2366 1814 2405 ἐλεγχο-

1129 2416 1235 2454 μένων.
1279 2418 1386 2456 Ergo:
1406 2418 1483 2447 Cum
1499 2418 1537 2448 de
1550 2426 1582 2448 se
1597 2417 1741 2458 loquitur,
1753 2427 1814 2448 non

1130 2470 1165 2497 ut
1185 2467 1308 2505 majore,
1335 2467 1395 2498 hoc
1418 2471 1483 2505 est,
1501 2467 1510 2484 ‘
1526 2466 1581 2506 qui
1597 2475 1661 2497 non
1678 2471 1731 2497 est
1745 2476 1812 2497 ma-

1126 2516 1206 2556 jor.’
1272 2514 1478 2555 Repreliensi
1507 2519 1584 2545 sunt
1614 2515 1751 2546 Naevius
1778 2519 1814 2546 et

1132 2565 1187 2594 alii
1201 2564 1350 2595 nonnulli
1363 2563 1565 2603 antiquiores
1578 2562 1703 2595 Poetae.
1736 2563 1812 2596 Jarn

1133 2622 1210 2643 vero
1235 2622 1311 2643 cum
1333 2612 1430 2650 dixit,
1456 2612 1552 2642 Ennii
1580 2613 1737 2651 gravitate
1756 2613 1812 2643 mi-

1130 2671 1228 2699 nores,
1245 2661 1342 2692 Ennii
1366 2661 1524 2700 gravitas,
1547 2670 1610 2691 non
1626 2666 1678 2692 est
1693 2654 1813 2692 oratio-

1131 2711 1180 2741 nis
1198 2712 1316 2749 virtus,
1330 2715 1367 2740 nt
1382 2708 1516 2746 δεινότης
1530 2711 1562 2740 in
1576 2708 1810 2745 Demosthene,

1131 2759 1189 2791 sed
1207 2760 1323 2791 vitium
1345 2760 1376 2790 in
1397 2759 1554 2790 moribus.
1599 2758 1724 2793 Vitium
1739 2757 1810 2787 illo-
