1930 3204
436 293 546 334 1590

478 396 520 424 29
543 393 684 434 Perfidus
705 392 754 421 hic
774 400 880 431 caupo,
896 392 965 433 &c.]
990 392 1120 433 Caupo,

436 444 492 484 qui
514 444 617 480 multa
642 441 771 482 perfide
792 443 1001 483 perquisivit.
1043 444 1121 477 Vid.

434 492 580 523 Turneb.
602 499 667 522 xit.
691 493 722 521 3.
761 491 961 531 [Causidicum
973 493 1059 531 vqfer
1072 493 1122 524 hic

435 541 533 578 miles,
548 542 599 579 &a
624 540 679 570 Fr.
695 539 799 571 Hare.
821 541 966 583 Perfidus
979 542 1028 573 hic
1041 552 1122 573 cam-

434 599 472 628 po
490 589 558 619 Fea
583 597 625 618 ex
643 588 743 620 codd.
765 589 843 621 Vat.
861 593 892 622 7.
913 592 991 622 Vat.
1012 592 1125 622 Palat.

438 640 469 669 1.
486 648 504 669 a
520 648 564 669 m.
580 647 630 677 pr.
650 637 744 669 Vatt.
768 639 879 670 Palat.
893 643 925 670 4.
940 644 972 672 6.
996 645 1031 671 et
1048 641 1123 672 Chi-

437 687 520 717 sian.
536 690 566 718 2.
583 692 617 717 et
629 687 677 718 sic
692 687 799 718 Bothe
813 695 847 719 et
860 689 997 729 Jaeck]

479 738 520 767 30
542 737 681 767 Audaces
707 746 790 767 mare
807 738 863 777 qui
892 738 1035 778 currunt]
1079 740 1124 770 Et

437 785 446 802 ‘
458 793 587 816 cursum
600 784 607 797 ’
622 784 664 815 de
677 785 893 824 navigatione
907 786 986 825 dici,
997 792 1033 818 et
1046 788 1056 804 ⁴
1067 797 1125 818 au-

438 833 520 864 dax'
538 834 709 874 proprium
722 843 794 865 esse
808 839 917 866 nautae
929 835 1127 875 epithetum,

438 883 624 913 notavimus
640 891 665 914 1.
693 882 761 914 od.
778 885 830 914 28.
869 884 1008 916 Torrent.
1053 885 1126 915 Hac

438 931 555 970 mente]
577 931 616 961 In
632 931 720 961 hunc
735 930 848 962 finem.

480 985 520 1012 31
543 982 636 1013 Senes
652 986 685 1012 ut
701 983 736 1012 in
747 982 827 1023 otia]
860 984 908 1015 Ut
931 994 1027 1015 senes
1042 986 1126 1016 otio-

441 1039 509 1060 sam
531 1031 633 1061 vitam
656 1030 846 1062 traducant.
894 1033 938 1063 Ut
952 1033 984 1063 in
1000 1034 1064 1064 otia
1079 1038 1127 1064 tu-

439 1083 484 1119 ta,
497 1079 565 1119 εμπ]
586 1080 751 1120 Egregius
765 1082 914 1112 avaritiae
932 1088 1129 1122 praetextns‚

441 1128 482 1159 ab
498 1129 567 1160 otio
584 1133 618 1159 et
633 1129 746 1169 quiete
763 1130 872 1168 senili,
887 1130 926 1161 iis
941 1131 1128 1163 hominibus

439 1175 512 1207 fere
536 1183 731 1217 perpetuus,
762 1179 815 1218 qui
844 1179 976 1211 sordido
999 1186 1127 1221 quaestu

441 1237 510 1258 rem
533 1227 672 1266 faciunt,
695 1238 793 1269 quem
822 1236 1015 1270 praetexunt
1039 1233 1130 1274 inopi

442 1281 590 1307 senectae
606 1288 612 1306 :
638 1278 686 1307 ita
719 1276 758 1308 fit
787 1284 824 1309 ut
857 1289 964 1320 neque
990 1282 1130 1320 juvenes

442 1334 551 1365 neque
566 1335 660 1357 senes
683 1327 781 1357 beate
806 1327 908 1359 vitam
935 1331 1131 1370 transigant.

446 1374 544 1413 Cruq.

486 1425 527 1453 32
543 1421 685 1461 Cibaria]
705 1421 873 1455 Alimenta
885 1426 1038 1458 collecta.
1062 1427 1131 1458 Sic-

442 1473 477 1500 ut
493 1470 646 1510 Parvula]
670 1473 678 1488 ‘
697 1471 854 1502 Metuens
877 1474 968 1513 inopi
992 1474 1132 1505 formica

444 1519 614 1550 senectaess
645 1520 690 1550 Et
702 1522 833 1559 parvula
845 1522 978 1562 quidem
985 1523 1133 1559 formica,

446 1569 503 1598 sed
533 1569 616 1599 nulli
645 1569 834 1600 animalium
873 1579 981 1611 neque
1011 1572 1133 1603 laboris

447 1617 660 1656 assiduitate,
672 1627 780 1658 neque
796 1619 921 1650 viribus
940 1630 1000 1660 pro
1016 1630 1133 1661 corpo-

448 1666 492 1696 ris
510 1665 677 1705 portione,
697 1675 804 1705 neque
827 1676 919 1706 cura,
942 1677 1050 1709 neque
1066 1679 1134 1700 me-

447 1715 566 1752 moria,
583 1723 692 1753 neque
708 1715 923 1753 praescientia
937 1716 1041 1747 cedit.
1075 1717 1134 1748 At-

448 1773 512 1804 que
537 1762 620 1794 adeo
636 1763 749 1794 Sacra·
766 1763 867 1794 etiam
883 1764 1007 1796 Literae
1025 1765 1137 1805 pigros

446 1823 486 1845 ac
502 1814 634 1844 desides
659 1813 701 1843 ad
724 1811 894 1844 formicam
916 1815 1085 1855 rejiciunt,
1101 1819 1138 1847 ut

449 1862 519 1902 ejus
533 1862 686 1902 exemplo
700 1862 854 1893 meliores
870 1862 972 1902 fiant;
988 1864 1139 1895 Vennsta

449 1911 552 1952 igitur
569 1910 765 1942 antithesis:
791 1911 941 1951 Parvula,
960 1914 1013 1943 sed
1035 1914 1139 1952 magni

449 1963 618 2001 exemplum
634 1960 770 1998 formica
787 1961 921 1999 hibor-is,-
943 1962 1049 2003 qualis
1063 1963 1140 1994 Vir·

452 2010 575 2049 gili-ana
591 2009 633 2040 de
649 2009 790 2050 apibus:
815 2009 826 2026 ‘
840 2011 996 2050 Ingentes
1015 2011 1140 2042 animos

451 2064 594 2096 angusto
610 2059 642 2088 in
658 2067 800 2097 corpore
818 2059 975 2091 versant.'
1000 2060 1140 2091 Torrent-

493 2111 533 2138 35
557 2108 655 2138 Haud
674 2109 787 2146 ignara
809 2119 844 2139 ac
866 2119 926 2140 non
946 2110 1069 2141 incauta
1081 2110 1140 2148 sa-

452 2155 532 2196 turi]
550 2157 674 2187 Recte:
693 2150 877 2196 quid‘enim
893 2158 1048 2198 hiemem,
1067 2160 1140 2199 plu-

451 2204 589 2245 viasque
605 2214 643 2235 ac
660 2208 900 2244 tempestatem
925 2207 1140 2245 praesensisse

453 2253 631 2294 profuerit,
660 2253 724 2284 nisi
753 2253 942 2284 cautionem
970 2254 1140 2295 adhibeat,

453 2308 490 2334 nt
519 2302 678 2333 adversus
704 2301 857 2341 injuriam
883 2311 956 2332 sese
987 2305 1140 2334 tueatur?

453 2352 599 2391 Elegans
613 2350 656 2380 de
671 2349 826 2381 Formica
840 2355 875 2380 et
889 2349 1015 2380 Cicada
1029 2350 1142 2390 AEsopi

454 2399 576 2430 fabula.
592 2399 735 2429 Tor-rena*
766 2396 899 2436 Futura]
915 2398 992 2429 Non
1008 2399 1142 2431 incauta

455 2449 583 2491 hyemis
599 2448 733 2479 fntnrae.
776 2447 872 2488 [Vat.
887 2449 918 2478 7.
940 2447 1021 2478 haud
1035 2447 1143 2480 incau-

455 2503 503 2538 ta,
513 2508 551 2529 ac
563 2507 622 2528 non
637 2495 774 2536 ignara]

497 2552 540 2580 36
564 2548 642 2583 Quae
655 2546 747 2577 simul
767 2545 936 2585 inversum]
959 2546 1043 2577 Haec
1067 2549 1105 2577 ut
1125 2556 1145 2577 a

456 2597 566 2628 Po‘eta
593 2596 805 2636 pronuntiata
830 2595 972 2635 accipio.
1014 2596 1143 2628 Quibus

457 2657 533 2678 cum
547 2645 589 2677 ab
605 2654 706 2676 avaro
729 2645 936 2685 propositum
954 2645 1142 2684 exemplum

459 2696 553 2726 initio
564 2694 760 2726 confirmare
774 2693 942 2733 videatur,
952 2702 1028 2724 mox
1040 2702 1145 2733 quan-

460 2751 529 2775 tum
546 2746 634 2775 inter
648 2745 754 2783 ipsum
778 2747 813 2774 et
837 2742 1010 2774 formicam
1026 2742 1143 2774 discri-

460 2801 534 2824 men
551 2793 605 2828 sit,
620 2792 778 2823 ostendit.
807 2792 886 2832 llla,
902 2801 942 2824 eo
958 2791 1046 2833 quod
1061 2793 1144 2824 satis

888 301 1028 332 NOTAE
1061 301 1319 333 vAmoRuM
1354 304 1404 334 ΙΝ

1170 394 1224 432 sit,
1239 399 1410 429 contenta,
1426 395 1574 436 quaesitis
1590 395 1717 435 utitur-3
1735 405 1853 430 avarus

1170 444 1290 484 quaerit
1315 453 1458 483 semper,
1487 447 1523 475 et
1545 453 1712 486 nunquam
1737 446 1854 479 utitur.

1170 491 1330 523 Incersum
1359 497 1470 524 autem
1498 503 1611 524 annum
1639 493 1736 529 dicit.
1765 496 1855 534 quod

1171 550 1283 571 mense
1307 542 1479 582 Januario,
1501 552 1568 583 quo
1591 543 1647 574 Sol
1670 543 1857 583 ingreditur

1171 589 1366 630 Aquarium,
1381 597 1666 633 tempestatesque
1682 602 1721 623 ac
1734 593 1857 632 pluvias

1172 640 1475 681 concitantur,jam
1490 651 1594 672 annus
1608 641 1643 672 in
1656 650 1692 672 se
1709 640 1858 673 redierit.

1172 688 1296 720 Juven.
1319 689 1330 706 ‘
1345 690 1389 721 Et
1414 700 1488 721 cum
1511 700 1546 722 se
1568 691 1708 722 verterit
1729 690 1861 721 annns.'

1173 737 1252 768 Vid.
1267 738 1410 769 Turneb.
1427 748 1496 770 xit.
1513 742 1544 770 3.
1561 744 1596 771 et
1612 748 1694 771 xm.
1710 742 1766 771 29.
1780 739 1858 770 Tor-

1171 789 1253 818 rent.
1289 787 1390 818 Simul
1399 788 1551 819 inversum
1560 789 1741 830 contristat]
1753 788 1859 820 Simul

1174 840 1275 875 atque
1290 836 1404 876 hyems
1415 836 1601 869 advenerit.
1634 838 1792 878 Aquarius
1805 847 1861 869 an·

1173 885 1259 924 num]
1280 885 1445 925 Aquarius
1472 886 1602 918 tristem
1627 885 1710 917 facit
1738 895 1860 917 annum

1175 933 1295 972 pluviis
1311 937 1347 963 et
1359 933 1496 973 frigore.
1539 935 1594 965 Sol
1611 934 1792 975 Aquarium
1810 935 1859 965 in-

1176 980 1328 1020 greditur
1351 988 1444 1011 xvir.
1468 982 1612 1013 Kalend.
1629 983 1732 1014 Febr.
1765 983 1861 1024 [Vnt.

1176 1029 1289 1060 Palat.
1306 1031 1338 1060 3.
1358 1030 1571 1070 constringit]

1218 1081 1258 1109 37
1283 1078 1355 1109 Non
1372 1080 1526 1119 prorepit.-
1547 1083 1579 1111 et
1592 1080 1655 1111 iuis
1670 1080 1783 1122 utitur]
1802 1081 1864 1112 Fo-

1178 1136 1230 1158 ras
1258 1136 1323 1158 uon
1349 1128 1447 1167 repit.
1491 1127 1590 1169 Ante]
1611 1129 1726 1160 Utitur
1745 1129 1864 1161 aestivo

1181 1182 1333 1216 tempore
1350 1177 1533 1217 acquisitis.

1220 1230 1262 1258 38
1284 1227 1431 1267 Patiens]
1450 1227 1532 1258 Tres
1546 1226 1645 1258 codd.
1661 1227 1765 1258 nostri
1781 1227 1865 1260 Mss-

1179 1276 1320 1315 sapiens,·
1336 1277 1393 1306 sed
1409 1276 1514 1307 multo
1529 1277 1640 1317 plures
1653 1286 1692 1308 ac
1702 1277 1868 1317 meliores,

1178 1325 1308 1364 patiens.
1350 1324 1448 1357 Quod
1474 1334 1535 1355 cur
1561 1325 1676 1358 Lamb.
1703 1326 1867 1358 emoverit

1180 1374 1306 1409 nescio,
1332 1374 1410 1405 mihi
1439 1379 1533 1406 certe
1561 1374 1666 1415 magis
1691 1375 1868 1415 probatur.

1182 1422 1270 1452 Nam
1285 1423 1418 1463 sapiens
1433 1423 1566 1464 quidem
1579 1423 1730 1463 formica,
1741 1428 1778 1455 et
1789 1424 1866 1455 insi-

1182 1472 1276 1511 piens
1292 1472 1397 1502 omnis
1420 1481 1559 1504 avarus:
1583 1472 1641 1503 sed
1656 1471 1766 1504 Poeta
1780 1481 1867 1503 nunc

1181 1520 1244 1550 hoc
1273 1529 1338 1550 non
1367 1521 1448 1560 agit,
1474 1521 1554 1560 quin
1581 1520 1693 1560 potius
1717 1519 1867 1551 formicae

1184 1570 1393 1600 tolerantiam
1408 1568 1654 1608 commendans,
1669 1577 1769 1600 avaro
1783 1568 1867 1609 obji-

1182 1619 1242 1658 cit,
1266 1617 1354 1659 qnod
1377 1617 1567 1658 impatiens,
1591 1622 1704 1658 atque,
1726 1621 1764 1648 ut
1787 1617 1869 1648 alibi

1183 1667 1245 1704 ait,
1265 1667 1275 1683 ⁴
1290 1666 1441 1696 indocilis
1459 1666 1650 1706 pauperiem
1666 1666 1761 1706 pati.’
1777 1676 1869 1697 num·

1184 1723 1281 1753 quam
1311 1723 1332 1744 a
1365 1714 1447 1744 lucri
1487 1713 1607 1744 studiis
1649 1715 1869 1756 conquiescit.

1185 1763 1325 1794 Torreat.
1370 1761 1464 1802 [Vat-
1480 1765 1532 1793 13.
1557 1772 1577 1793 a
1591 1771 1636 1794 m.
1652 1771 1702 1803 pr.
1717 1767 1752 1795 et
1765 1764 1868 1795 Valli-

1186 1813 1249 1843 cel.
1267 1814 1298 1843 3.
1321 1821 1375 1842 nec
1388 1811 1560 1852 fervidum]

1229 1863 1271 1892 39
1293 1861 1460 1892 Dimoveat
1484 1861 1584 1902 lucro]
1608 1860 1747 1893 Cessare
1767 1861 1872 1894 faciat

1188 1919 1207 1941 a
1222 1910 1328 1941 luero.

1229 1962 1271 1990 40
1294 1960 1378 1991 Dum
1391 1968 1428 1990 nc
1441 1959 1483 1990 sit
1497 1962 1528 1991 te
1541 1959 1654 2001 ditior]
1674 1960 1791 1992 Donec
1807 1969 1872 1992 non

1187 2008 1231 2040 sit
1247 2009 1330 2040 alins
1346 2013 1380 2040 te
1396 2009 1510 2040 ditior.

1228 2061 1270 2089 42
1282 2058 1428 2099 Defessa]
1442 2058 1544 2098 AEque
1559 2058 1716 2090 usitatum
1727 2063 1780 2090 est
1795 2059 1805 2078 ‘
1819 2059 1875 2091 de·

1188 2106 1321 2137 fodere'
1335 2106 1499 2142 scrobem,
1512 2112 1649 2145 terram,
1661 2109 1801 2146 vineam,
1813 2117 1874 2148 pro

1188 2153 1325 2191 fodere3
1343 2164 1382 2184 ac
1396 2155 1406 2172 ‘
1418 2153 1579 2185 defodere
1589 2155 1598 2171 '
1610 2165 1740 2191 aurum,
1756 2165 1873 2196 argen-

1189 2208 1272 2240 tum,
1287 2202 1490 2240 thesaurum,
1507 2211 1568 2241 pro
1580 2202 1739 2234 fodiendo
1757 2212 1874 2234 recon-

1189 2252 1280 2283 dere.
1305 2252 1446 2283 Torrent.
1489 2250 1637 2291 Defessa]
1660 2251 1700 2282 In
1722 2257 1812 2284 terra
1828 2252 1874 2283 al-

1191 2303 1258 2332 tius
1279 2301 1382 2332 fossa.
1447 2300 1602 2331 Timidum
1629 2301 1791 2342 deponere]
1820 2302 1873 2333 Ti-

1191 2354 1334 2381 mentem
1351 2349 1399 2380 nti
1415 2349 1578 2389 pecuniis,
1594 2358 1637 2380 ne
1652 2351 1798 2383 amittas.

1232 2401 1273 2430 43
1299 2399 1386 2434 Quod
1409 2399 1436 2429 si
1458 2397 1658 2438 comminuas]
1690 2398 1876 2440 Responsio

1191 2453 1246 2479 est
1274 2448 1376 2483 avari,
1399 2452 1435 2478 ut
1451 2456 1593 2488 sequens
1610 2456 1739 2486 versus,
1760 2448 1876 2480 Poetae

1192 2495 1377 2528 refellentis
1393 2495 1426 2527 id
1442 2495 1531 2537 quod
1554 2495 1663 2526 avaris
1687 2505 1819 2537 semper
1842 2498 1876 2529 in

1192 2555 1250 2577 ore
1275 2551 1339 2584 est,
1361 2554 1458 2576 omne
1481 2554 1540 2576 usu
1562 2545 1673 2585 perire
1697 2547 1877 2586 peculium,

1193 2595 1246 2625 cui
1270 2594 1349 2625 nihil
1373 2600 1557 2625 accrescat.
1602 2593 1716 2626 Quare
1738 2603 1876 2635 congre-

1194 2650 1275 2685 gant
1315 2653 1461 2684 semper,
1503 2642 1642 2683 erogant
1678 2653 1875 2683 numquam;

1194 2694 1286 2734 quasi
1314 2702 1392 2724 vero
1415 2691 1545 2724 fructus
1575 2693 1726 2732 pecuniae
1752 2702 1816 2724 non
1843 2694 1875 2723 in

1193 2743 1264 2773 solo
1294 2751 1354 2772 usu
1381 2741 1437 2773 sit.
1485 2741 1552 2772 Sed
1579 2747 1672 2773 recte
1697 2741 1874 2781 Mimogra-

1194 2793 1298 2832 plius:
1314 2793 1324 2810 ‘
1337 2791 1418 2822 Tam
1435 2790 1532 2822 deest
1546 2799 1648 2822 avaro
1662 2789 1877 2831 quod‘habet,
