1930 3204
697 310 905 340 HORA'rn

205 410 296 446 sunt,
310 410 345 438 et
360 406 480 439 attrita
495 404 615 437 ferreis
627 401 860 444 compedibus.

248 461 267 488 5
282 457 372 489 Licet
381 456 543 497 superbus]
567 453 671 486 Velut
686 453 744 494 qui
758 451 780 484 J
785 451 903 483 unonis

204 516 303 539 sacra
315 506 439 538 ferret:
463 503 648 547 hujusmodi
663 502 832 534 hominum
846 512 902 542 ge·

203 565 266 587 nus
276 556 409 588 Graecis
425 554 654 597 significanter
668 552 796 584 dicitur
807 554 902 588 σοβα-

203 604 356 646 ρεύεσθαι,
379 607 442 637 hoc
466 608 528 643 est,
548 603 731 634 insolescere
761 607 797 634 et
826 611 903 634 cum

203 654 295 687 fastu
312 655 426 687 omnia
441 662 554 694 agere.
569 653 675 693 Cruq.

246 708 268 736 6
291 705 433 737 For-tima
452 713 514 734 mm
534 706 634 734 mutae
655 701 771 743 genus]
794 702 904 733 Genus

202 755 285 787 mihi
299 755 428 787 dixisse
441 755 573 787 videtur
586 763 647 794 pro
661 758 754 785 statu
768 763 807 785 ac
823 762 902 784 con·

202 805 334 837 ditione
363 806 534 837 hominum
549 816 556 835 ι
587 809 628 836 ut
657 804 903 837 jurisconsulti

201 855 407 896 loquuntur:
447 854 504 886 alii
533 855 623 886 enim
664 854 814 895 ingenui,
846 854 903 885 alii

201 904 302 935 servi.
320 903 410 936 Torr.
435 904 577 936 Fortuna
585 904 662 945 nou]
682 903 842 936 Pecuniae
860 913 903 934 ex

200 954 328 986 liberto
342 954 491 986 nobilem
507 964 573 985 non
588 953 754 985 efficiunt.

245 1007 265 1035 ‘1
279 1003 411 1036 Sacram
424 1004 571 1036 metiente
585 1007 616 1035 te
630 1003 730 1044 viam]
752 1004 801 1035 Te
813 1004 907 1036 ince-

203 1052 310 1086 dente
326 1064 387 1095 per
402 1054 491 1086 viam
504 1064 648 1094 sacram,
662 1063 738 1095 quae
754 1054 848 1086 ducit
863 1054 906 1086 ad

204 1103 425 1144 Capitolium.
476 1104 606 1136 Sacram
619 1104 719 1146 vium]
745 1104 906 1137 Omnium

209 1163 284 1195 quae
316 1154 350 1185 in
376 1155 461 1186 urbe
488 1155 717 1186 celeberrima
745 1154 824 1191 fuit,
859 1156 908 1187 sic

203 1203 312 1244 dicta,
327 1204 355 1235 si
367 1205 512 1236 Varroni
528 1204 712 1243 credimus,
723 1205 800 1247 quia
813 1214 909 1237 sacra

203 1263 268 1295 per
282 1264 358 1286 eam
374 1259 540 1296 quotquot
556 1255 728 1287 mensibus
744 1255 778 1286 in
793 1266 908 1288 arcem

202 1304 413 1337 ferebantur.
438 1305 531 1337 Hinc
546 1306 556 1323 ‘
568 1306 836 1345 Sacravienses‚’
852 1307 908 1348 qui

202 1354 237 1385 in
255 1365 293 1386 ea
308 1354 523 1386 habitabant.
548 1355 630 1386 Eam
643 1355 747 1396 igitur
760 1356 908 1387 celebri-

203 1409 322 1444 tatem,
348 1413 415 1446 quo
441 1405 550 1445 magis
578 1410 668 1436 esset
691 1406 908 1447 conspicuus,

203 1454 382 1495 quaerebat
411 1455 537 1492 Maena,
562 1455 764 1497 quaerebant
785 1463 821 1489 et
848 1458 904 1488 lio-

198 1503 310 1535 mines
341 1504 480 1536 minime
516 1505 701 1547 ambitiosi,
743 1511 780 1537 ut
811 1508 906 1538 novis

199 1553 408 1593 spectaculis
425 1554 514 1585 inter
531 1555 772 1587 ambulandum
785 1557 903 1588 oculos

200 1611 393 1644 pascerent.
447 1604 645 1636 Notandum
677 1615 771 1646 vero,
814 1607 903 1648 quod

198 1655 208 1671 ¹
221 1655 337 1686 metiri
351 1655 439 1687 viam
452 1655 460 1669 ¹
474 1657 572 1696 dicit,
585 1667 647 1699 pro
657 1659 847 1700 composito
861 1659 903 1690 ad

200 1713 351 1736 normam
373 1706 480 1746 gradu
503 1707 674 1746 incedere,
698 1713 735 1738 ut
752 1708 904 1740 homines

199 1760 401 1795 arrogantes
417 1756 540 1787 solent.
566 1757 658 1788 Tor-r.
701 1757 905 1799 [Bamberg.

201 1807 234 1835 te
249 1805 394 1835 metiente
409 1805 518 1845 viam]

246 1856 266 1885 8
279 1853 341 1885 Bis
350 1858 400 1885 ter
414 1855 574 1896 ulnarum]
599 1856 769 1888 Quoniam
786 1862 906 1889 vento-

203 1912 276 1934 sum
293 1903 389 1934 nobis
405 1904 575 1936 hominem
592 1905 759 1938 describit
781 1907 905 1948 Poeta,

203 1958 403 1994 certumque
425 1959 479 1986 est
507 1964 550 1986 ex
579 1955 636 1987 illo
667 1956 833 1997 Epistolae
864 1957 905 1989 ad

203 2003 347 2035 Lollimn
373 2004 470 2036 loco:
501 2005 633 2038 ‘Arcta
660 2006 760 2038 decet
788 2017 906 2039 sanum

203 2054 362 2085 comitem
400 2054 504 2094 toga.’
562 2056 640 2088 Quo
671 2057 815 2098 quisque
847 2062 908 2089 aut

202 2103 313 2143 major
336 2109 424 2143 erat,
457 2109 517 2135 aut
547 2104 655 2136 videri
685 2106 836 2147 volebat,
865 2117 906 2139 eo

202 2154 312 2186 laxius
342 2154 624 2197 splendidiusque
653 2157 782 2188 cultum
813 2158 906 2190 ince-

201 2204 285 2236 dere
310 2205 470 2244 solitum3
509 2207 701 2238 necessario
740 2208 907 2250 sequitur,

201 2255 304 2288 solito
318 2256 481 2297 majorem
499 2255 602 2289 fuisse
619 2262 745 2297 togam,
771 2269 847 2301 quae
861 2268 905 2291 ex

202 2316 264 2338 sex
290 2307 378 2339 ulnis
408 2307 614 2340 constiterit.
640 2309 785 2342 Torreat.
828 2311 907 2341 Cum

203 2357 251 2389 bis
274 2361 324 2389 ter
346 2359 506 2399 ulnarum]
537 2358 684 2390 Indutus
710 2366 824 2400 togam
846 2370 906 2392 sex

203 2408 359 2439 ulnarum
403 2408 516 2440 laxam
548 2413 584 2440 et
617 2409 776 2450 amplam,
815 2419 907 2442 more

205 2455 361 2488 divitum.

246 2509 269 2538 9
287 2507 394 2538 Utora
405 2506 523 2547 sertui]
549 2507 714 2548 Videsne,
725 2519 792 2551 quo
804 2509 906 2542 modo

202 2556 380 2588 liberrima
409 2556 600 2596 indignatio
625 2557 794 2590 hominum
822 2569 909 2599 prae·

205 2606 413 2638 ter-euntium
434 2615 495 2637 ora
506 2606 539 2637 in
557 2612 592 2637 te
607 2608 807 2639 convertat?
826 2607 909 2648 [Cu-

204 2657 295 2697 Βίης.
315 2657 362 2689 Ut
376 2666 431 2687 ora
441 2656 564 2698 vertit-J

249 2710 290 2739 10
306 2706 481 2738 Liberi-imo
496 2706 690 2748 indignatio]
712 2707 910 2749 Indignatio

205 2762 327 2798 aperta
349 2757 422 2788 sine
439 2755 535 2797 fuco,
550 2761 610 2788 aut
626 2757 741 2798 aliqua
755 2757 911 2790 dissimu-

208 2807 348 2839 latione.

254 2860 291 2888 ll
310 2857 421 2890 Sectus
428 2856 572 2898 flagellis
581 2856 632 2888 hic
647 2857 910 2900 triumriralibue]

1547 302 1658 343 1541

954 403 1017 434 Est
1033 402 1106 433 haec
1123 401 1238 433 oratio
1254 399 1465 441 indignantis
1487 403 1605 442 populi
1627 405 1660 435 in

953 452 1104 483 Menam.
1152 451 1220 482 Hic
1238 460 1346 482 caesus
1367 449 1513 492 flagellis
1543 453 1660 484 trium-

953 504 1180 545 virumjussu,
1191 513 1297 545 usque
1310 502 1351 534 ad
1366 503 1560 534 satietatem
1575 512 1660 543 prae-

952 553 1060 594 conis,
1078 558 1156 585 arat
1179 553 1410 594 millejiigera
1423 552 1520 584 fundi
1535 553 1656 594 optimi

952 603 987 635 in
1005 603 1210 644 Campania,
1222 609 1258 635 et
1271 603 1469 645 perequitat
1485 603 1573 635 viam
1590 602 1662 644 Ap·

952 654 1044 695 piam
1058 655 1144 696 (qua
1166 655 1235 686 itur
1258 653 1302 685 ad
1323 663 1442 695 agrum
1459 653 1663 693 Falernum)

952 705 1097 745 mannis,
1126 705 1161 736 id
1191 709 1258 745 est,
1287 705 1384 746 equis
1416 704 1583 745 gradariis
1615 704 1659 735 ad

950 756 1067 787 luxum
1082 755 1259 795 nobilium,
1273 760 1308 787 et
1329 755 1579 787 fortunatorum
1597 754 1658 785 lio-

951 806 1078 837 minnm
1094 805 1375 837 accommodatis.
1398 804 1502 845 Angl.
1510 804 1556 846 fit
1564 804 1623 842 sor
1638 814 1658 834 a

942 857 1126 896 suot-eloth.
1152 856 1429 898 Triumviralibus]
1445 855 1521 887 Hoc
1534 855 1576 887 ad
1591 864 1660 886 ma-

944 908 1058 952 jorum
1093 907 1254 939 invidiam
1285 906 1433 947 addidit,
1469 905 1661 938 ostendens

953 954 1117 997 Maenam‚
1131 967 1207 989 cum
1218 957 1328 988 adhuc
1340 965 1457 987 servus
1469 959 1576 996 esset,
1593 965 1661 987 non

953 1007 1027 1039 lieri
1044 1011 1188 1043 tautum,
1202 1006 1262 1038 sed
1270 1005 1400 1047 judicis
1408 1006 1509 1047 jussu
1524 1006 1662 1046 publice

957 1058 1111 1100 punitum
1141 1058 1259 1090 fuisse.
1305 1057 1407 1089 Unde
1425 1057 1594 1105 'sequitur
1620 1066 1662 1088 ne

951 1109 1082 1149 justam
1099 1108 1237 1149 quidem
1253 1107 1452 1139 libertatem
1477 1117 1555 1138 eum
1580 1117 1662 1139 con-

958 1158 1056 1199 sequi
1080 1158 1260 1199 potuisse;
1284 1157 1447 1190 obstante
1473 1158 1551 1198 lege
1575 1157 1664 1189 AElia

958 1207 1090 1248 Sentia‚
1119 1207 1161 1238 de
1184 1218 1251 1249 qua
1273 1208 1431 1239 Torrent-
1459 1208 1493 1238 in
1518 1207 1662 1239 Sueton.

958 1257 1150 1298 Augustum
1178 1267 1254 1298 cap.
1275 1260 1329 1289 40.
1373 1259 1458 1290 Tum
1492 1257 1663 1290 Asconius

958 1308 1144 1340 Paedianus
1160 1313 1279 1339 auctor
1295 1312 1364 1347 est,
1374 1308 1584 1339 Triumviros
1596 1309 1662 1339 Ca-

957 1358 1082 1398 pitales
1097 1358 1140 1389 de
1168 1357 1300 1389 furibus
1317 1367 1356 1389 ac
1374 1358 1480 1388 servis
1505 1366 1663 1399 nequam,

957 1409 1099 1449 aliisque
1109 1408 1232 1439 vilibus
1242 1408 1433 1439 hominibus
1444 1415 1664 1448 cognoscere,

955 1459 1205 1500 damnatosque
1222 1459 1312 1499 apud
1329 1460 1520 1490 columnam
1538 1458 1663 1489 Maeni-

955 1517 1009 1539 am
1026 1508 1148 1549 punire
1165 1509 1298 1540 solitos.
1345 1508 1390 1539 Et
1404 1508 1453 1539 sic
1470 1507 1591 1539 Euclio
1607 1517 1663 1539 co-

955 1567 1020 1599 quo
1048 1558 1164 1589 Anlul.
1194 1558 1369 1589 minatur:
1394 1557 1471 1589 ‘Ad
1497 1557 1662 1589 tresviros

954 1617 1020 1648 ego
1036 1607 1189 1639 deferam
1206 1613 1302 1640 tuum
1318 1608 1467 1640 nomen!
1515 1608 1557 1640 In
1573 1618 1660 1640 sum-

955 1667 1022 1698 ma,
1061 1658 1212 1699 abjectae
1251 1659 1459 1690 conditionis
1497 1658 1662 1695 homines,

956 1717 1100 1748 quorum
1131 1708 1245 1739 vilitas
1277 1707 1405 1739 deferri
1434 1707 1527 1748 ipsos
1570 1708 1661 1748 apud

953 1758 1143 1789 Praetorem
1156 1768 1223 1789 non
1238 1763 1429 1799 pateretur.
1441 1769 1461 1790 a
1472 1759 1660 1790 triumviris

946 1806 1094 1847 judicari
1111 1808 1222 1839 solere
1234 1813 1382 1840 constat.
1399 1809 1542 1840 Torrent-
1578 1808 1662 1841 Vid.

954 1856 1059 1887 Turn.
1084 1865 1164 1888 xxt-
1187 1860 1240 1888 31.
1300 1858 1413 1899 [Unus
1451 1857 1559 1890 codex
1598 1868 1654 1899 ap.

954 1906 1078 1948 Jaeck,
1088 1906 1361 1948 triumviralium]

1010 1959 1049 1988 13
1076 1957 1158 1989 Arai
1185 1957 1329 1998 Falerni,
1358 1957 1429 1998 ξω]
1454 1956 1500 1988 At
1524 1957 1661 1988 Falerni

958 2006 1044 2038 vites
1060 2007 1353 2047 commendantur,
1365 2016 1448 2048 quas
1460 2007 1548 2039 arari
1561 2017 1661 2039 nemo

957 2056 1096 2089 dixerit.
1128 2057 1303 2089 Caeterum
1315 2057 1510 2089 meminisse
1521 2062 1664 2098 oportet

956 2107 1179 2148 Campaniam
1196 2107 1288 2138 illam
1303 2106 1451 2143 felicem,
1467 2107 1564 2148 cujus
1581 2117 1660 2148 pars

956 2169 1038 2200 ager
1055 2159 1231 2195 Falerna&
1244 2158 1382 2191 Cereris
1395 2163 1431 2190 et
1440 2159 1570 2190 Bacchi
1587 2168 1662 2190 cer-

954 2215 1070 2242 tamen
1086 2210 1166 2242 olim
1183 2209 1311 2241 dictam
1326 2208 1444 2246 fuisse,
1454 2214 1523 2241 tam
1535 2210 1579 2241 ob
1593 2210 1660 2241 viui

953 2270 1056 2302 quam
1070 2259 1235 2292 frumenti
1251 2260 1499 2302 praestantiam,
1513 2269 1589 2292 cum
1603 2269 1660 2291 eo-

954 2311 1033 2343 dem
1055 2311 1089 2342 in
1120 2310 1229 2342 fundo
1251 2311 1343 2342 inter
1365 2310 1507 2342 arbusta
1530 2310 1657 2342 vitibus

957 2365 1081 2393 onusta
1097 2367 1233 2400 segetes
1247 2361 1456 2392 colerentur.
1476 2360 1620 2392 Torrent-

1015 2413 1054 2442 14
1089 2410 1226 2450 Appiam
1253 2410 1374 2441 mannis
1397 2409 1490 2449 terit]
1525 2409 1662 2450 Appium

956 2460 1055 2500 dicit,
1072 2460 1126 2491 vel
1139 2460 1232 2501 quod
1258 2460 1376 2500 regina
1400 2460 1531 2490 viarum
1558 2464 1663 2498 esset,

957 2509 1106 2541 omnium
1122 2514 1223 2541 extra
1236 2509 1356 2540 urbem
1372 2508 1608 2543 celeberrima,
1622 2513 1661 2539 ut

957 2559 992 2590 in
1008 2558 1093 2590 urbe
1109 2559 1215 2590 Sacra
1230 2558 1285 2589 via
1299 2569 1308 2589 2
1334 2559 1387 2589 vel
1401 2557 1489 2598 quod
1508 2566 1570 2599 per
1585 2567 1662 2589 eam

958 2609 991 2640 in
1009 2609 1189 2639 Falernum
1207 2617 1302 2638 suum
1319 2607 1386 2638 iter
1405 2607 1522 2637 Maena
1539 2616 1662 2648 magno

961 2660 1137 2698 comitatu,
1183 2657 1258 2698 ipse
1296 2657 1427 2688 mannis
1467 2663 1597 2698 vectus,
1622 2663 1662 2689 ut

961 2710 1133 2741 tenuiores
1163 2708 1262 2739 mulis
1295 2713 1331 2739 et
1362 2706 1436 2739 fere
1470 2708 1660 2739 conductis.

960 2759 970 2777 ‘
983 2760 1129 2790 Manuos
1141 2757 1150 2771 '
1175 2763 1287 2789 antem
1313 2757 1471 2789 burichos
1486 2763 1523 2789 et
1537 2757 1661 2789 burdo-

961 2818 1020 2840 nes
1044 2807 1158 2839 vocari
1181 2808 1303 2848 solere,
1330 2808 1429 2849 prisci
1452 2808 1660 2849 interpretes

962 2863 1180 2891 annotarunt·
1204 2857 1305 2890 Unde
1318 2857 1564 2891 et‘mannuliz'
1589 2868 1662 2899 nos,

944 310 1082 339 EPOD.
1117 309 1184 340 lv,
