1916 3262
494 299 703 345 HouATss
733 303 1304 345 GAnmtnun11n3.1.36.

162 409 251 450 peria
261 407 432 449 abnuima]
454 406 635 440 Numidam
647 410 728 437 tunc
741 415 761 436 a
774 404 865 436 bello

165 458 372 491 Cantabrico
401 457 541 490 rediisse
571 455 789 494 crediderim,
827 463 865 486 nt

163 509 420 540 ultimam-vocet
434 506 633 547 Hesperiam,
650 515 723 536 eam
738 505 863 546 Hispa-

164 559 229 591 niae
247 564 390 600 partem,
403 567 478 599 quae
495 555 537 588 ad
559 554 863 596 septentrionalem

165 615 217 641 est
233 609 432 643 Oceanum:
456 600 489 639 in
505 616 572 649 qua
594 606 703 637 multa
716 605 804 637 bella
820 605 863 636 ab

164 659 310 701 Augusti
318 659 539 698 ducibns,nec
549 655 622 688 sine
633 656 743 695 clade,
753 661 864 696 gesta.

165 709 309 741 Tor-rent.
369 706 536 750 Hesperia]
573 706 762 747 Hispania:
796 716 863 737 non

164 760 206 791 ab
222 769 263 792 ea
279 758 462 800 Hesperia,
473 767 549 800 quae
564 756 654 798 apud
671 757 758 788 hunc
775 756 863 788 Poe‘-

163 816 232 842 tam
247 820 342 851 saepe
357 819 418 851 pro
438 808 538 840 ltalia
560 807 708 849 ponitur.
743 807 862 848 [Scho-

162 861 302 892 enboru.
318 862 350 891 2.
365 869 469 900 sospes
483 860 517 890 in
533 858 669 899 ultima]

203 912 224 940 6
246 909 374 941 Dividit
389 909 507 950 oscula]
539 910 648 941 Erant
665 908 864 951 quotidiana

161 959 319 991 Romanis
335 961 462 999 oscula,
483 969 557 1001 qnae
581 959 685 999 obvii,
709 959 863 1000 quamvis

161 1019 228 1041 non
244 1019 368 1051 magna
385 1009 618 1042 familiaritate
628 1010 756 1051 juncti,
780 1010 864 1041 invi-

161 1068 236 1091 cem
251 1059 547 1100 impertiebantur.
587 1061 638 1091 De
650 1060 770 1101 quibus
784 1070 865 1091 cou-

163 1109 319 1150 queritur
357 1110 510 1141 Martial.
538 1118 590 1141 x1.
620 1113 673 1142 29.
727 1110 796 1142 Sed
823 1121 865 1142 ea

164 1164 235 1189 tum
265 1160 411 1192 maxime
443 1160 658 1200 praebebant,
691 1170 767 1192 cum
791 1162 864 1201 jam

163 1209 352 1250 profecturi
383 1211 498 1241 valere
525 1210 701 1246 dicebant,
729 1211 782 1242 vel
813 1221 864 1242 re-

163 1261 250 1291 versi
268 1269 423 1301 peregre,
441 1261 572 1292 salvere
587 1259 761 1301 jubebant
776 1270 866 1292 suos.

163 1310 306 1342 Torreat.

204 1364 224 1392 7
246 1361 386 1402 Memor]
407 1362 543 1393 Memor
559 1360 715 1401 pueritiae
733 1366 864 1391 exactae

161 1411 224 1443 sub
252 1411 372 1443 eodem
414 1412 589 1451 magistro,
619 1416 656 1442 et
694 1411 863 1442 communi

161 1462 314 1494 doctore.

202 1513 222 1542 8
245 1511 336 1543 Aceae
360 1521 420 1542 mm
447 1511 510 1542 alio
534 1520 609 1550 rege
623 1510 766 1551 puertioe,
793 1510 862 1551 ἐμὴ]

161 1561 232 1603 Ego
263 1571 329 1594 uon
351 1561 395 1593 de
426 1561 589 1602 magistro
619 1560 861 1602 explicandum

158 1621 296 1652 censeo,
315 1611 375 1644 sed
397 1612 441 1644 de
467 1622 508 1644 eo
530 1621 609 1654 rege
636 1621 737 1653 quem
767 1611 862 1652 pueri

159 1662 415 1703 συνομήλικσς,εῐ
429 1662 581 1704 ejtisdem
596 1663 708 1694 aetatis
723 1672 763 1694 ac
781 1662 862 1694 vici-

160 1715 237 1752 nia»,
260 1715 371 1746 solent
388 1713 452 1745 sibi
472 1723 533 1754 per
551 1713 679 1752 ludum,
696 1718 786 1745 sorte
803 1717 862 1745 aut

161 1762 397 1804 suffragiorum
422 1773 574 1801 numero,
599 1763 740 1802 eligere,
762 1772 861 1804 quem

160 1819 358 1854 sequantur,
381 1814 547 1854 cujusque
561 1813 667 1853 jussis
689 1813 864 1853 obtempe-

160 1869 248 1895 rent.
294 1863 387 1894 Huic
411 1862 631 1903 explicationi
658 1861 865 1901 suffragatur

162 1917 295 1952 aperte,
310 1911 401 1953 quod
424 1912 537 1942 statim
554 1911 720 1952 sequitur,
735 1915 744 1928 ‘
757 1916 865 1942 muta-

162 1967 272 2003 taeqne
300 1962 396 1993 simul
427 1960 540 2001 togae.'
585 1961 661 1993 Hoc
692 1962 766 1992 scil.
794 1961 865 1992 vult

162 2012 338 2052 Horatius,
355 2011 501 2043 maxime
515 2012 663 2043 Lamiam
681 2021 700 2042 a
717 2011 865 2043 Numida

159 2061 265 2094 fnisse
306 2067 468 2101 amatum,
507 2062 596 2103 quod
642 2071 718 2092 cum
765 2061 863 2093 ambo

160 2112 308 2153 aequales
337 2117 463 2150 essent,
487 2110 605 2142 eodem
631 2117 667 2142 et
695 2112 861 2142 communi

161 2171 240 2202 rege
258 2162 353 2202 pueri
370 2162 468 2193 simul
487 2162 650 2200 luserant,
676 2166 711 2193 et
728 2162 862 2202 grandi·

159 2221 236 2243 ores
262 2210 358 2250 facti,
379 2221 446 2243 uno
476 2211 665 2253 eodemque
696 2217 864 2253 tempore,

158 2262 289 2294 virilem
329 2266 441 2303 togam
482 2261 579 2292 simul
633 2267 863 2302 sumpserant.

157 2311 245 2343 Ludi
266 2312 366 2344 istius
386 2311 592 2343 mentionem
618 2310 702 2342 facit
727 2312 862 2353 Pollux,

158 2371 260 2402 quem
297 2361 376 2394 vide
408 2362 442 2392 iu
481 2360 660 2398 βασιλίνδα.
705 2362 862 2394 Ber-nard.

161 2412 310 2443 Martini.
349 2413 423 2443 Non
435 2413 497 2444 ulio
512 2422 586 2452 rege
598 2413 748 2454 puertiae]
788 2414 862 2445 Rex

161 2462 330 2502 pueritiae,
339 2462 381 2493 de
393 2472 459 2503 quo
470 2467 538 2494 tam
549 2465 654 2494 multa
662 2463 789 2495 frustra
800 2465 862 2496 viri

162 2510 267 2547 docti,
296 2516 348 2542 est
377 2510 544 2551 παιδῶναξς
570 2517 608 2544 ut
634 2513 778 2553 ἱππ-ὦναξ,
795 2526 863 2554 χει·

163 2559 269 2601 ρώναξ.
326 2560 403 2591 Rex
429 2561 516 2591 enim
545 2570 612 2593 non
639 2569 688 2595 est
713 2564 865 2599 βασιλεὺς

163 2612 223 2642 hoc
239 2612 327 2649 loco,
342 2619 456 2641 verum
473 2609 585 2650 ἅναξ,ὁ
600 2612 799 2652 φροντιστὴς,
813 2624 865 2644 cu-

161 2665 247 2692 rator
273 2665 309 2692 et
337 2660 505 2700 inspector.
534 2660 668 2693 Ἀνακῶς
699 2663 786 2693 euim
814 2669 864 2695 est

162 2711 323 2749 ἐπιμελῶς,
339 2710 518 2750 diligenter,
531 2714 566 2741 et
582 2720 650 2741 cum
665 2721 749 2744 cura.
798 2713 865 2745 Qui

164 2772 246 2802 ergo
265 2761 519 2792 adolescentum
534 2766 687 2801 praesunt
702 2762 866 2802 moribus,

160 2811 322 2843 custodes
352 2811 498 2851 scilicet,
523 2811 564 2842 ad
589 2812 728 2844 verbum
753 2813 865 2845 παιδώ-

162 2873 283 2903 νακτες,
316 2866 394 2894 sunt
421 2870 587 2901 puerorum
616 2871 716 2902 reg-es.
772 2863 864 2903 Ergo

921 181 938 195 ,Ἀ

1507 304 1619 348 1391

915 405 1128 437 ταιδῶνακτες
1151 404 1254 436 iidem
1277 404 1335 446 qui
1362 404 1524 436 ἀκόλουθοι
1540 407 1619 439 Pla-

917 457 1000 489 toni.
1046 458 1186 489 Duobus
1203 457 1292 488 enim
1310 462 1368 488 aut
1389 457 1543 498 pluribus
1560 468 1619 491 no-

917 507 1091 539 bilioribus
1113 507 1227 549 pueris
1250 506 1339 538 idem
1366 516 1425 538 rex
1449 507 1619 547 pueritiae,

913 558 977 590 hoc
1001 564 1067 596 est,
1091 563 1219 595 custos,
1253 557 1411 589 dabatur.
1459 558 1621 589 Heinsius.

913 609 1161 650 [Schoenborn.
1177 611 1208 640 2.
1226 614 1260 639 et
1278 607 1426 649 Guelph.
1447 607 1619 648 pueritia]

956 662 978 690 9
1005 660 1199 700 Mulatoeque
1225 659 1319 690 simul
1342 657 1441 699 togoe]
1466 659 1620 700 Cumque

914 714 1031 741 essent
1058 714 1161 741 aetate
1188 719 1300 749 pares,
1323 709 1420 740 simul
1443 714 1479 740 et
1499 709 1620 741 eodem

913 764 1069 800 tempore
1099 765 1270 800 praetexta
1301 759 1474 800 deposita,
1506 762 1620 799 togam

914 810 1045 841 virilem
1063 814 1293 851 sumpserunt.
1322 810 1488 842 Turn.1x.
1505 812 1556 840 14.

957 863 997 892 10
1022 861 1136 892 Cressa
1159 871 1197 892 ne
1222 859 1344 900 carent]
1375 860 1532 891 Cretensi
1562 869 1621 890 seu

913 918 1022 952 creta,
1037 911 1090 942 vel
1109 911 1210 942 niveo
1235 910 1353 952 lapillo
1377 915 1515 941 notetur
1546 909 1620 940 haec

915 961 1000 993 dies.
1038 963 1153 994 Cressa
1169 962 1258 1003 nota]
1290 959 1482 993 Candidum
1509 960 1622 991 calcu·

914 1012 982 1043 lum
1013 1023 1161 1044 cressam
1205 1019 1318 1043 notam
1351 1011 1520 1051 appellat,
1555 1019 1623 1051 qua

915 1067 1048 1094 veteres
1066 1063 1137 1095 dies
1162 1062 1354 1094 fortunatos
1380 1062 1515 1102 signare
1543 1071 1623 1092 con-

914 1119 1108 1146 sueverunt.
1158 1114 1246 1145 Sunt
1277 1114 1334 1155 qni
1364 1113 1427 1143 hoc
1458 1113 1532 1142 loco
1560 1120 1623 1151 pro

918 1165 1030 1195 Cressa
1057 1164 1175 1204 legunt
1204 1163 1347 1201 Thressa,
1363 1161 1452 1203 quod
1476 1160 1532 1192 hie
1553 1170 1624 1192 mos

914 1212 1021 1244 fuisse
1054 1214 1254 1254 perhibetur
1283 1211 1485 1243 Thracibus.
1533 1210 1623 1241 Vide

917 1264 1005 1295 Plin.
1034 1273 1100 1295 vu.
1128 1266 1161 1294 4.
1186 1264 1349 1294 Erasmus.
1394 1262 1481 1302 [Nec
1513 1262 1625 1292 Cressa

913 1318 1019 1346 careat
1034 1314 1267 1346 Schoenborn.
1284 1317 1316 1345 2.
1334 1317 1369 1344 et
1385 1310 1554 1351 Guclph.]

959 1366 996 1394 11
1026 1364 1094 1395 Neu
1108 1363 1275 1404 prompta]
1310 1363 1406 1393 Neve
1423 1362 1456 1392 in
1475 1360 1623 1392 bibendo

913 1413 957 1445 sit
975 1422 1140 1452 mensura,
1165 1413 1222 1444 sed
1248 1416 1427 1454 promatur
1449 1412 1562 1442 vinum
1589 1411 1623 1442 in

913 1463 1078 1504 amphora
1090 1472 1224 1504 magna.

959 1516 998 1545 12
1022 1513 1096 1544 Neu
1114 1522 1228 1544 morem
1243 1513 1277 1544 in
1292 1511 1429 1552 Salium]
1455 1511 1533 1544 Neu
1550 1521 1624 1543 ces-

913 1567 991 1595 sent
1006 1563 1113 1595 saltus
1131 1569 1166 1595 et
1183 1563 1339 1605 tripudia
1357 1564 1389 1594 in
1410 1573 1536 1594 morem
1562 1563 1624 1594 Sa-

912 1613 1007 1653 lium,
1024 1613 1058 1644 id
1074 1618 1138 1653 est,
1166 1620 1201 1645 ut
1222 1613 1350 1645 saltant
1371 1614 1469 1651 Salii,
1498 1613 1623 1644 Martis

914 1664 1059 1696 Gradivi
1073 1664 1285 1707 sacerdotes,
1297 1675 1316 1694 a
1331 1664 1442 1695 Numa
1456 1662 1625 1703 Pompilio

914 1715 1060 1754 primum
1079 1714 1240 1746 instituti.
1286 1714 1412 1745 Salium
1430 1719 1482 1744 est
1496 1712 1624 1752 Adjec-

915 1764 1021 1794 tivum
1039 1763 1150 1804 quarti
1169 1773 1280 1795 casus.

959 1814 1000 1843 13
1025 1813 1098 1844 Neu
1122 1814 1213 1844 multi
1238 1812 1399 1853 Damalis]
1422 1812 1624 1844 Torrentius

917 1861 1097 1898 Damnum,
1116 1863 1143 1893 si
1167 1862 1265 1893 modo
1289 1863 1470 1893 Numidam
1490 1871 1623 1893 amave-

917 1913 974 1951 rit,
991 1912 1034 1950 ei,
1050 1917 1088 1943 ut
1110 1912 1289 1943 mulierum
1313 1921 1383 1943 nuos
1406 1917 1472 1950 est,
1502 1921 1624 1951 peper-

916 1962 1001 1993 cisse
1019 1962 1132 2003 potius
1150 1962 1271 1994 credit.
1317 1961 1432 2003 Atque
1449 1962 1498 1993 sic
1512 1961 1624 1992 Hora-

917 2012 956 2044 tii
974 2012 1078 2044 verba
1095 2013 1356 2054 interpretatur,
1374 2018 1423 2051 ut,
1441 2018 1623 2054 postquam

914 2063 1044 2093 nullum
1061 2063 1232 2103 amphorae
1244 2063 1379 2094 modum
1392 2063 1623 2102 constituerit,

915 2112 957 2143 ad
973 2113 1151 2144 Thraciam
1167 2113 1239 2144 sive
1262 2113 1456 2155 Scythicam
1475 2113 1624 2154 potatio-

915 2171 991 2193 nem
1008 2163 1168 2194 convivas
1185 2164 1319 2196 invitet.
1376 2164 1417 2195 In
1435 2174 1500 2205 qua
1515 2164 1624 2195 Basso

903 2212 1092 2244 .victoria1n
1107 2213 1297 2254 pollicetur,
1311 2214 1423 2254 potori
1437 2213 1522 2244 adeo
1537 2218 1624 2244 stre-

913 2272 993 2302 nuo,
1010 2268 1047 2295 ut
1064 2273 1106 2295 ne
1133 2263 1284 2294 Damalis
1306 2264 1442 2306 quidem
1472 2263 1622 2295 bibendo

914 2323 990 2344 eum
1007 2323 1170 2354 superare
1188 2314 1306 2355 possit.
1355 2315 1426 2345 Neu
1449 2314 1540 2345 inulti
1555 2315 1623 2346 Da·

914 2363 1019 2404 malis]
1056 2364 1176 2405 Neque
1206 2364 1372 2405 Damalis,
1411 2374 1487 2405 qnae
1524 2365 1624 2395 multi

914 2415 997 2445 meri
1014 2419 1080 2454 est,
1093 2419 1128 2446 et
1143 2415 1265 2446 mulier
1281 2415 1512 2455 bibacissima‚
1538 2415 1623 2445 Bas—

915 2474 987 2496 sum
1019 2465 1135 2496 vincat
1177 2466 1210 2496 in
1243 2465 1408 2506 potando,
1447 2465 1506 2495 sed
1546 2474 1623 2495 cum

914 2514 1067 2546 Numida
1097 2515 1211 2555 potius
1242 2515 1430 2546 contendat
1460 2514 1621 2544 bibendo.

914 2564 1049 2604 [Bentl.
1094 2574 1148 2604 ap.
1191 2564 1314 2604 Jaeck,
1356 2564 1502 2595 Damalis
1546 2564 1624 2594 mem'

916 2614 1065 2654 Bassus]

962 2666 1000 2694 14
1024 2663 1206 2703 Amystide]
1241 2663 1392 2693 Thraces
1420 2667 1456 2693 et
1483 2662 1620 2703 Scythae

916 2713 1074 2745 acerrimi
1089 2717 1187 2743 eraut
1201 2717 1348 2753 potores.
1371 2711 1425 2743 Ab
1441 2713 1490 2743 his
1503 2717 1622 2743 natum

918 2763 1059 2804 potandi
1078 2772 1182 2803 genus
1203 2761 1292 2802 quod
1318 2760 1451 2801 ἄμυστιν
1475 2768 1618 2794 vocant:

918 2813 995 2844 hinc
1026 2811 1141 2850 ἀμυστὶ
1171 2811 1280 2849 πίνειν,
1308 2818 1343 2844 et
1368 2822 1433 2844 uno
1460 2813 1562 2843 verbo
1587 2813 1621 2843 ἀ·

916 2861 1079 2902 μυστίζειν
1094 2862 1255 2896 dicebant
1271 2862 1398 2895 Graeci.
1432 2862 1521 2895 Vide
1536 2863 1621 2894 Tur·
