1916 3262
382 271 496 316 1362
829 284 967 314 NO'I'AE

381 375 503 414 sentio,
515 378 550 406 et
564 374 761 406 excrucior!
784 375 876 406 Mens
889 375 980 415 mihi]
1003 375 1066 406 Ra-

380 425 441 456 tio.
484 423 572 456 Nam
608 427 757 455 amantes
793 429 872 456 sunt
906 428 1065 456 amentes.

381 471 486 512 Color]
523 471 636 503 Animi
675 473 882 512 perturbatio
918 473 1064 504 colorem

379 522 498 559 variat,
512 525 548 552 et
564 521 686 560 pallida
701 530 753 552 res
767 531 859 552 amor
874 526 938 553 est.

419 574 440 602 6
462 571 585 602 Humor
612 574 642 602 et
668 571 703 601 in
727 569 839 610 genas]
867 571 1061 612 Lachrymae

376 619 502 651 doloris
517 620 641 651 interni
656 618 824 650 indicium.

419 673 439 700 7
463 669 586 700 Furtim
596 666 725 707 labitur]
739 666 930 708 Antequam
945 669 1061 699 adver-

377 722 458 753 tam,
473 722 508 750 et
519 727 572 749 me
586 718 702 749 invito.
737 716 896 758 Argaeae]
916 718 1060 748 Demon-

375 770 499 798 straus.

420 819 440 846 8
477 816 579 851 Quum
611 814 718 855 tentis]
751 815 861 847 Quam
897 814 1061 855 languidis

375 864 516 896 flammis
533 865 652 896 amoris
668 865 758 895 intus
774 865 957 896 tabescam.
993 865 1063 894 Ma·

372 925 470 951 cerer,
497 914 566 955 mn]
588 914 665 945 Vim
687 913 820 948 amori-³,
846 923 912 954 quo
934 912 1061 953 perfrui

373 973 439 994 non
469 964 575 1004 possit
600 972 726 1002 amans,
751 963 802 992 vel
824 963 867 993 ob
890 962 1061 1002 pudorem,

373 1014 429 1043 vel
442 1013 485 1044 ob
501 1013 598 1043 aliam
611 1020 777 1050 caussam,
792 1011 929 1051 egregie
951 1011 1061 1051 expri-

373 1061 446 1091 mit.
490 1061 572 1091 Tale
600 1064 654 1091 est
682 1060 765 1091 illud
797 1060 952 1099 Virgilii:
976 1061 1068 1092 ‘Est-

373 1109 482 1140 mollis
507 1108 640 1140 flamina
671 1108 869 1139 medullas?
897 1113 935 1139 et
955 1109 1059 1139 ‘taci-

372 1161 444 1188 tum
469 1158 552 1188 vivit
573 1157 635 1188 sub
659 1161 799 1198 pectore
816 1157 959 1188 vnlnus.'
983 1159 1058 1189 Tor-

370 1210 453 1238 rent.

411 1258 433 1286 9
459 1253 557 1294 Uror]
580 1253 732 1294 Aspectu
747 1254 889 1286 crucior.

413 1307 454 1334 10
476 1304 653 1334 Immodicae
666 1304 763 1343 mero]
781 1305 875 1335 Rixae
889 1305 977 1336 ultra
989 1315 1057 1336 mo-

368 1352 449 1383 dum
466 1352 718 1392 progredientes
738 1361 842 1389 mero,
866 1352 900 1382 id
915 1358 980 1392 est,
995 1363 1056 1393 per

366 1401 571 1433 ebrietatem
585 1405 623 1432 et
638 1402 724 1431 inter
737 1401 860 1440 pocula
873 1407 971 1433 ortae.

412 1453 450 1480 11
474 1451 560 1480 Puer
578 1449 704 1488 furem]
737 1449 908 1490 Telephus
932 1450 1054 1482 ardens

368 1498 522 1530 libidine.

411 1550 451 1578 12
473 1545 648 1586 Impressit]
671 1545 854 1577 Momordit
871 1546 1052 1579 tibilabra.

367 1597 535 1627 Memorem
559 1595 677 1636 notum]
700 1596 747 1627 Ut
761 1596 946 1636 Telephum
962 1596 1052 1627 odio-

367 1654 440 1675 sum
475 1644 597 1684 faciat,
626 1649 741 1675 monet
763 1654 837 1675 eam
875 1645 1052 1684 stigmatis.

367 1692 457 1732 quod
473 1692 656 1723 mordendo
672 1691 774 1723 labris
788 1692 862 1731 ejus
877 1693 1052 1731 impresse-

366 1745 421 1771 rat
434 1740 611 1780 Telephus,
625 1740 720 1781 quasi
736 1749 776 1770 ea
792 1739 940 1770 basiandi
957 1741 1054 1781 ratio,

364 1799 432 1821 non
447 1799 605 1830 amorem,
617 1789 677 1820 sed
689 1789 801 1820 odium
812 1788 962 1820 futurum
977 1799 1054 1830 por-

366 1839 496 1870 tendat.
528 1838 623 1877 (ἕνη.
666 1838 834 1869 Memorem
858 1838 968 1878 deme]
998 1839 1052 1869 Ne

363 1889 487 1919 amoris
502 1889 552 1918 sni
568 1887 780 1918 obliviscare.

408 1940 447 1968 13
471 1937 510 1968 Si
524 1946 571 1968 me
584 1936 707 1976 audias]
728 1936 764 1966 Si
780 1935 858 1966 mihi
876 1936 998 1967 credis.

406 1989 446 2016 14
469 1986 668 2024 Perpetuam,
691 1984 808 2023 dulcia]
835 1983 913 2014 Non
935 1993 1051 2023 speres

364 2039 566 2074 perpetuum
582 2034 642 2064 tibi
658 2032 729 2063 fore
742 2036 936 2064 amatorem.
968 2033 1051 2064 Bar·

360 2081 450 2121 bare]
472 2081 714 2112 Inlinmanitet.

407 2133 447 2160 16
471 2130 590 2165 Quinta
611 2132 702 2169 parte
726 2128 790 2167 nui]
827 2128 912 2161 Quae
931 2129 1049 2159 oscula

362 2180 476 2210 Venus
504 2179 622 2219 quinta
645 2181 741 2218 parte
771 2187 840 2208 suae
863 2178 1050 2217 suavitatis,

362 2227 397 2258 id
414 2231 477 2265 est,
490 2227 683 2267 concubitu,
691 2226 847 2266 replevit.
891 2227 1046 2267 Quinque

359 2277 487 2307 etenim
511 2280 588 2306 sunt
613 2279 726 2315 partes
752 2275 894 2305 amoris:
918 2275 1047 2315 Aspen-

361 2329 429 2365 tus,
466 2325 679 2366 colloquium,
724 2328 849 2364 tactus,
883 2325 1046 2364 osculum,

359 2375 573 2406 concubitus.

405 2427 445 2455 17
467 2424 626 2464 Amplius]
649 2424 785 2465 Terque
804 2427 997 2464 quaterque.

405 2475 445 2503 18
482 2473 611 2513 Iri-upra
635 2473 757 2513 copula]
789 2473 939 2505 Quorum
967 2481 1047 2504 con·

355 2521 488 2561 junctio
516 2526 551 2552 et
577 2521 757 2553 concordia
780 2522 879 2553 nullis
905 2522 1047 2553 dissidiis

361 2570 472 2602 dirimi
488 2570 604 2609 possit.
648 2570 807 2610 Iri-uptam
820 2579 900 2611 ergo
910 2571 1047 2611 copiam

363 2617 460 2656 dixit,
474 2619 624 2650 imitatus
639 2619 855 2650 Homericum
871 2619 964 2658 iuud‚
975 2620 1046 2650 δεσ-

355 2664 417 2702 μὸν
431 2665 591 2705 ἄῤῥηκτον.
614 2668 756 2699 Lambere.
798 2668 928 2707 Irruptu
945 2669 1045 2709 tenet]

359 2713 605 2749 indissolubilis
620 2718 825 2758 conjunctio.
862 2718 931 2749 Nec
943 2717 1047 2758 nulio]

361 2762 437 2795 Neu
464 2772 557 2795 amor
585 2765 732 2797 divulsus
760 2766 856 2798 malis
881 2766 1045 2807 querimo-

1011 283 1271 315 VARIORUM
1305 285 1357 315 m

1116 374 1193 416 niis,
1223 375 1256 406 id
1284 379 1350 415 est,
1374 375 1489 407 litibus
1519 379 1555 406 et
1585 375 1677 415 rixis,
1695 377 1802 410 solvet

1115 423 1234 457 ultima
1249 425 1302 456 die
1315 426 1428 464 citius,
1439 426 1470 456 id
1483 430 1547 465 est,
1559 429 1639 456 ante
1648 429 1803 460 mortem.

1155 475 1203 504 20,
1219 473 1381 514 Suprema]
1404 475 1542 505 Ultima.

1113 520 1194 552 One
1205 530 1281 554 xiv.
1303 522 1510 563 Παραινετική.
1540 521 1593 553 Ad
1611 521 1804 562 Rempubli-

1153 579 1227 601 cam
1243 571 1364 603 bellum
1377 573 1472 603 civile
1490 575 1714 612 reparantem.
1743 571 1802 603 Al-

1153 619 1278 659 legoria
1291 627 1454 661 perpetua
1469 621 1568 651 estin
1583 620 1646 651 linc
1659 620 1750 657 Ode,
1765 624 1804 652 ut

1155 672 1299 700 testatur
1308 671 1441 708 Fabius,
1455 670 1511 700 lib.
1525 678 1605 700 vui.
1627 668 1684 710 qui
1699 668 1802 699 etiam

1151 717 1264 747 ‘navis
1278 717 1286 731 ’
1309 719 1440 749 nomine
1472 718 1588 757 Remp.
1606 715 1801 757 significari,

1153 766 1272 807 (quum
1295 767 1350 797 alii
1374 767 1485 807 potius
1509 766 1652 796 Brutum
1678 765 1802 796 intelli-

1152 813 1264 855 gant.)
1271 813 1430 846 fluctuum
1438 818 1654 855 tempestates
1662 822 1723 854 pro
1730 813 1801 845 bel<

1155 865 1196 895 lis
1222 865 1389 904 civilibus,
1411 869 1547 905 portum
1575 873 1635 904 pro
1648 872 1733 904 pace
1749 867 1802 895 at-

1154 923 1217 954 que
1229 912 1405 945 concordia
1416 914 1481 945 dici
1491 914 1674 945 existimat.

1153 965 1169 993 1
1197 963 1226 992 0
1247 962 1362 1002 Navis]
1384 963 1435 994 Ex
1448 961 1648 994 Quintiliani
1662 965 1799 992 senten-

1111 1012 1160 1043 tia
1185 1011 1295 1042 omnia
1318 1010 1360 1041 ad
1376 1010 1541 1050 Rempub.
1556 1013 1636 1040 sunt
1649 1008 1799 1040 referen-

1109 1060 1171 1101 de;
1192 1065 1229 1092 et
1253 1070 1327 1091 eam
1353 1060 1498 1101 quidem,
1520 1069 1594 1100 quae
1621 1056 1798 1089 exstinctis

1109 1110 1246 1142 tandem
1261 1110 1543 1150 Pompeianorum
1558 1107 1708 1148 partibus
1723 1116 1799 1148 spe-

1108 1159 1174 1190 rnri
1189 1159 1300 1200 aliqua
1315 1163 1462 1198 poterat,
1472 1157 1499 1188 si
1514 1157 1602 1187 inter
1614 1155 1798 1191 Antonium

1107 1211 1143 1238 et
1157 1207 1344 1247 Augustum
1361 1207 1582 1238 convenisset.
1627 1205 1802 1236 Caeteruus

1106 1266 1181 1287 cum
1191 1265 1249 1287 eos
1260 1265 1392 1298 quoque
1404 1257 1437 1287 in
1449 1254 1690 1286 dissensionem
1700 1263 1797 1286 ruere

1106 1305 1238 1336 videret
1259 1305 1431 1341 Horatius,
1446 1304 1535 1346 quod
1548 1309 1666 1344 aperte
1680 1303 1799 1335 dicere

1105 1352 1294 1392 nolebat‚id
1306 1353 1530 1392 pulcherrima
1541 1351 1714 1392 Anegoria
1723 1356 1798 1384 tox-

1103 1399 1141 1439 it,
1156 1401 1344 1440 periturum
1359 1400 1510 1431 funditus
1531 1400 1707 1440 imperinm
1730 1401 1798 1440 sig-

1103 1449 1255 1489 nificans,
1276 1450 1340 1481 nisi
1358 1454 1423 1480 tam
1438 1449 1596 1480 diuturna
1610 1447 1700 1479 bena
1713 1449 1796 1480 civi-

1103 1499 1148 1530 lia
1167 1499 1280 1530 stabili
1301 1499 1410 1540 aliqua
1432 1507 1516 1539 pace
1539 1502 1793 1538 componuntnr.

1105 1548 1247 1579 Torrent-
1290 1548 1398 1578 Faber
1412 1547 1521 1588 Epist.
1543 1546 1700 1577 Criticar.
1722 1555 1797 1579 ιιν.

1103 1595 1232 1628 Probat
1244 1596 1332 1631 hanc
1358 1596 1491 1627 Horatii
1508 1595 1608 1626 Oden
1631 1604 1696 1627 non
1719 1604 1793 1626 esse

1103 1644 1319 1684 allegoricam
1334 1655 1347 1683 ς
1369 1644 1427 1675 sed
1442 1645 1530 1675 bunc
1545 1653 1619 1674 esse
1635 1653 1767 1674 sensum
1781 1654 1791 1675 ε

1104 1692 1135 1723 Ο
1162 1693 1269 1732 navis,
1290 1702 1364 1734 quae
1389 1692 1469 1723 mihi
1485 1695 1538 1723 tot
1551 1691 1794 1732 solicitudines‚

1104 1746 1156 1773 tot
1168 1743 1269 1774 taedis
1284 1743 1429 1775 attulisti
1444 1753 1562 1784 nuper,
1576 1743 1654 1775 dum
1670 1749 1703 1776 te
1718 1749 1792 1776 ute-

1102 1790 1175 1830 bar,
1194 1795 1231 1822 et
1255 1800 1315 1832 per
1337 1792 1464 1822 medios
1487 1792 1598 1822 hostes
1608 1795 1700 1823 metu
1716 1801 1791 1833 per-

1103 1844 1206 1879 petuo
1234 1841 1349 1871 auxius
1377 1840 1530 1880 ferebam
1564 1849 1653 1872 nunc
1677 1846 1792 1873 autem

1099 1888 1181 1920 mihi
1203 1890 1404 1921 desiderium
1426 1899 1474 1926 es,
1489 1894 1630 1930 propter
1645 1894 1696 1922 tot
1710 1892 1792 1922 ami-

1102 1946 1169 1973 cos,
1185 1947 1325 1978 qnorum
1341 1939 1433 1970 abitu
1447 1949 1619 1978 macerem
1639 1949 1715 1982 quae
1730 1942 1792 1972 mi-

1100 1985 1132 2015 bi
1149 1991 1314 2025 praeterea
1329 1997 1409 2018 cura
1421 1997 1487 2018 non
1502 1988 1583 2019 levis
1597 1997 1646 2024 es,
1659 1998 1702 2020 ne
1717 1990 1792 2021 scii.

1099 2033 1133 2062 in
1171 2039 1374 2072 potestatem
1403 2035 1546 2065 bostium
1584 2035 1763 2067 deveniant
1775 2047 1787 2068 ε

1099 2081 1179 2120 quid
1197 2081 1257 2112 tibi
1272 2082 1361 2112 aliud
1387 2091 1561 2121 apprecer,
1586 2082 1650 2113 nisi
1671 2087 1709 2114 ut
1735 2087 1787 2116 tot

1095 2128 1293 2160 instantium
1323 2130 1544 2170 periculorum
1573 2140 1669 2162 casus
1704 2131 1787 2165 effu-

1099 2177 1181 2217 gias,
1195 2183 1230 2208 et
1247 2180 1391 2220 quaejam
1406 2184 1642 2219 tempestatum
1656 2183 1786 2215 saevitia

1097 2227 1139 2256 ad
1155 2227 1347 2258 Palinurum
1369 2237 1467 2267 paene
1488 2238 1651 2269 oppressa
1670 2239 1722 2270 es,
1743 2241 1784 2263 eo

1097 2277 1232 2308 taudem
1255 2277 1462 2316 pei-veharis,
1488 2277 1541 2308 ubi
1556 2278 1664 2309 nullus
1677 2285 1785 2311 metu-

1097 2326 1176 2357 endi
1195 2327 1286 2357 locus
1313 2327 1370 2365 sit,
1391 2331 1426 2358 et
1453 2327 1548 2358 amici
1566 2332 1639 2359 tuto
1655 2330 1786 2369 possint

1097 2375 1301 2407 consistere?
1316 2376 1426 2407 Faber.
1470 2376 1511 2406 In
1524 2376 1624 2417 more]
1639 2377 1680 2408 Iu
1694 2378 1787 2419 peri-

1092 2425 1219 2456 culum.

1138 2477 1158 2505 2
1181 2474 1329 2505 Fluctus.-
1350 2473 1383 2514 o]
1405 2474 1535 2505 Bellum
1561 2475 1660 2506 civile
1672 2475 1788 2508 redinv·
1805 2510 1810 2516 ,

1097 2527 1276 2562 tegratum.
1293 2523 1376 2559 Quid
1384 2523 1469 2563 agis]
1482 2523 1589 2555 Quam
1600 2524 1687 2555 male
1694 2524 1787 2565 aglu?

1096 2571 1236 2603 Fortiter
1246 2573 1372 2612 nempe]
1397 2573 1500 2604 Nullo
1517 2572 1577 2604 tibi
1589 2573 1704 2605 salutis
1715 2574 1780 2605 alio

1095 2630 1197 2661 scopo
1212 2622 1382 2662 proposito
1398 2626 1524 2661 praeter
1538 2626 1684 2661 portum.
1716 2622 1779 2653 're-

1095 2674 1183 2700 rent.
1197 2670 1207 2687 ‘
1218 2670 1291 2710 Ego
1306 2671 1340 2701 in
1353 2674 1449 2710 portu
1465 2669 1606 2710 navigo!
1629 2671 1724 2710 cmq·

1136 2721 1156 2749 3
1178 2718 1322 2759 Portum]
1343 2719 1468 2751 Pacem
1491 2723 1531 2751 et
1555 2717 1775 2759 tranquillita-

1094 2772 1174 2799 tem.
