1982 3230
540 311 889 342 uris‘roimuum
927 312 1022 342 mu.
1057 312 1108 343 ιι.
1143 303 1183 342 1.
1482 305 1595 347 1209

180 408 293 440 Multo
315 407 423 440 minus
439 415 493 437 res
508 406 612 438 cessit
623 405 658 436 in
670 406 866 447 Comoediis,
879 408 1070 448 praesertim
1085 417 1161 440 cum
1175 407 1319 448 populus
1335 408 1441 448 magis
1459 415 1593 448 specta-

178 461 276 498 culis,
300 461 466 501 rebusque
488 468 563 500 quae
589 458 705 490 oculos
721 458 861 496 feriunt,
886 468 986 500 quam
1010 459 1098 491 ludis
1124 460 1268 491 scenicis
1293 460 1539 498 delectaretur,
1557 470 1594 494 et

178 514 265 546 adeo
280 513 390 556 poetae
408 511 450 544 ab
473 512 535 543 hoc
562 520 687 552 genere
712 512 855 554 poe'seos
876 502 1145 545 deterrerentur.
1191 513 1317 545 Verum
1341 522 1385 545 ne
1412 513 1486 555 quis
1503 513 1593 546 forte

178 571 289 608 putet,
303 576 358 598 me
377 564 628 607 reprehendere
644 575 720 607 quae
743 566 818 607 ipse
840 565 954 598 facere
978 575 1047 597 non
1063 559 1230 605 audeam3
1256 565 1428 607 confirmo,
1443 576 1496 598 me
1512 567 1594 608 poe*-

176 626 246 653 tam
269 620 436 653 comicum
461 620 699 661 tragicumque
726 619 852 652 bouum
877 618 1016 651 maximi
1043 618 1171 651 facere.
1218 619 1270 651 Ut
1284 628 1366 651 vero
1393 625 1428 651 et
1451 620 1593 652 aliorum

176 673 362 705 carminum
375 673 526 705 existant
541 672 655 705 idonei
672 676 846 714 auctores,
859 673 977 705 horum
994 672 1140 715 aliquam
1157 672 1281 704 habeas
1299 673 1399 704 velim
1415 673 1594 706 rationem.

176 725 258 766 Sed,
276 725 402 767 fateor,
414 735 475 758 uos
493 725 605 767 poetae
624 735 718 768 saepe
745 725 844 758 nobis
859 735 1033 765 nocemus,
1048 735 1124 757 cum
1141 725 1292 757 carmina
1311 725 1374 757 tibi
1397 726 1592 767 importune

175 778 353 821 tradimus,
369 778 636 820 reprehensione
659 778 759 810 unius
780 787 896 825 versus
919 777 1136 819 offendimur,
1149 777 1274 810 nostris
1292 778 1498 810 carminibus
1516 779 1592 820 plus

174 831 355 864 tribuimus
381 841 481 874 quam
509 841 571 873 par
598 836 664 870 est,
693 836 730 863 et
755 831 871 863 statim
901 831 1040 873 praemia
1069 837 1303 872 expectamus.
1347 831 1592 863 Verumtamen

173 883 280 924 probe
309 883 493 917 videndum
520 888 586 925 est,
603 888 642 915 ut
659 893 726 915 non
748 883 890 925 indigno
917 883 1030 925 poetae
1062 892 1117 916 res
1145 890 1251 925 gestae
1277 884 1535 916 committantur
1556 890 1593 918 et

173 946 316 969 munera
341 937 478 978 dentur,
504 936 788 978 quemadmodum
813 936 962 969 Choerilo
987 936 1186 968 Alexander
1201 937 1252 968 M.
1271 947 1291 968 a
1318 937 1415 978 cujus
1442 938 1593 970 stultitia

172 990 272 1031 longe
295 989 401 1022 distat
426 989 608 1031 prudentia
637 995 697 1022 tua
720 989 763 1021 de
778 989 922 1030 Virgilio
938 989 1112 1032 Varioque
1138 990 1262 1031 poetis,
1278 1000 1362 1032 quos
1388 994 1423 1022 et
1439 990 1591 1022 dilexisti

173 1047 208 1074 et
223 1043 364 1075 ornasti.
410 1043 501 1075 Nam
525 1051 589 1074 non
616 1042 726 1083 magis
748 1051 810 1083 per
832 1046 965 1074 statuas
990 1049 1160 1084 apparent
1177 1044 1291 1075 vultus
1309 1044 1457 1075 virorum
1484 1044 1591 1075 claro-

171 1105 260 1135 rum,
273 1106 374 1138 quam
387 1105 499 1128 mores
511 1095 682 1137 animique
698 1105 814 1127 eorum
830 1105 894 1137 per
909 1105 1059 1129 carmen.
1105 1097 1274 1139 Equidem
1290 1097 1425 1128 mallem
1443 1101 1517 1127 tuas
1536 1106 1591 1128 res

170 1149 320 1182 carmine
344 1149 523 1182 celebrare
548 1159 588 1181 ac
614 1149 773 1186 virtutes,
797 1158 899 1190 quam
925 1149 1058 1181 Satiras
1082 1149 1235 1182 scribere
1260 1155 1320 1181 aut
1346 1149 1532 1190 Epistolas,
1561 1149 1591 1180 si

171 1201 272 1234 modo
282 1202 393 1244 pudor
405 1212 500 1234 meus
510 1206 547 1234 et
561 1201 691 1243 ingenii
706 1201 856 1233 tenuitas
874 1211 985 1233 rerum
999 1206 1133 1234 tuarum
1146 1207 1290 1243 caperet
1306 1202 1590 1243 magnitudinem.

172 1255 300 1287 Verum
317 1260 354 1287 ut
369 1255 481 1297 imago
501 1255 591 1287 male
605 1263 767 1296 expressa
787 1259 839 1286 est
862 1254 1036 1295 dedecori,
1053 1255 1100 1287 ita
1116 1265 1253 1287 carmen
1274 1256 1397 1287 malum
1413 1255 1520 1296 magis
1538 1260 1592 1290 est

171 1309 375 1349 turpitudini
391 1318 492 1350 quam
507 1308 638 1340 honori.

126 1381 238 1424 Cum
261 1387 329 1424 tot
349 1383 570 1424 sustineas
591 1385 636 1422 et
654 1383 780 1421 tanta
801 1381 978 1434 negotia
997 1381 1134 1430 solus,

126 1449 220 1491 Res
236 1449 378 1491 Italas
400 1448 534 1490 armis
555 1447 728 1497 tuteris,
746 1448 942 1504 moribus
963 1460 1106 1498 ornes,

125 1517 321 1570 Legibus
343 1515 575 1567 emendes3
606 1515 652 1556 in
674 1515 854 1569 publica
876 1515 1110 1556 commoda
1130 1527 1330 1569 peccem,
1375 1553 1378 1555 Α

168 1622 440 1664 Quandoquidem,
463 1633 481 1654 ο
498 1623 653 1663 Auguste,
675 1626 782 1663 portas
803 1631 884 1653 imus
903 1623 1011 1654 molem
1032 1625 1078 1654 tot
1093 1626 1311 1663 tantm-umque
1325 1633 1442 1662 rerum,
1459 1623 1588 1656 Italiam

123 1665 220 1698 armis
227 1666 383 1708 definitis,
397 1665 555 1698 institutis
569 1675 714 1706 exornas,
727 1664 850 1704 legibus
865 1665 1013 1706 corrigis,
1028 1675 1084 1706 ego
1099 1675 1176 1697 sane
1188 1676 1347 1706 peccarem
1362 1668 1511 1698 adversus
1526 1668 1590 1698 uti-

736 1759 890 1772 oeooaeeeae
895 1760 911 1772 O
915 1760 975 1772 000

167 1824 326 1865 Epistola
350 1824 496 1865 septima
523 1823 618 1854 Libri
642 1822 784 1854 secundi
812 1824 844 1854 in
874 1823 939 1856 Ed.
963 1823 1151 1855 Sanad.—1
1178 1824 1265 1855 Dum
1289 1827 1335 1855 tot
1359 1824 1538 1856 Barberin.
1555 1827 1586 1856 l.

123 1869 275 1898 mmm
289 1866 437 1906 Cuning.
455 1871 493 1896 ut
509 1875 615 1905 supra
633 1874 659 1896 1.
675 1865 786 1906 Epist.
803 1868 854 1897 18.
870 1868 990 1896 54.—2
1015 1865 1199 1905 Bamberg.
1217 1867 1314 1897 Vatt.
1331 1869 1360 1896 l.
1377 1870 1409 1898 9.
1427 1870 1478 1898 19.
1508 1867 1586 1898 Vat.

125 1909 227 1941 Rom.
243 1911 275 1940 ³.
297 1908 446 1940 Cliisian.
463 1911 495 1939 5.
517 1908 572 1939 alii
598 1917 654 1948 ap.
679 1907 799 1938 Lamb.
821 1908 954 1940 tuearis.
1000 1908 1114 1940 Bentl.
1137 1908 1226 1948 conj.
1245 1909 1395 1940 moenibus
1408 1918 1510 1948 ornes,
1527 1909 1590 1940 im-

125 1951 295 1992 probante
311 1951 462 1983 Cbisliul.
482 1950 646 1992 Inscript.
666 1950 737 1991 Sig.
761 1960 796 1992 p.
813 1953 953 1982 185.-3
976 1951 1058 1982 Vat.
1075 1953 1106 1982 1.
1142 1951 1294 1983 Florent.
1313 1954 1408 1983 1482.
1443 1952 1586 1984 Venett.

778 2035 924 2068 NOTAE

167 2105 182 2134 1
209 2102 288 2133 Cum
317 2101 381 2142 tot]
406 2101 597 2142 Epistolam
625 2101 714 2132 hanc
744 2110 825 2132 sane

121 2152 281 2184 eximiam
299 2151 472 2193 expressit
486 2150 662 2191 Augustus
685 2150 729 2183 ab
752 2151 823 2183 Ho-

122 2202 223 2243 ratio,
250 2211 327 2235 cum
357 2201 400 2234 ad
429 2211 509 2234 eum
543 2201 740 2242 scripsisset
770 2202 823 2232 liis

123 2252 254 2285 verbis:
281 2257 290 2272 ⁸
305 2252 436 2284 Iratum
455 2260 510 2283 me
525 2251 590 2283 tibi
613 2252 714 2288 scito.
731 2251 823 2293 quod

119 2311 188 2335 non
217 2302 253 2334 in
285 2302 458 2343 plerisque
488 2301 653 2343 ejusmodi
683 2302 822 2342 scriptis

120 2363 252 2386 mecum
269 2353 479 2395 potissimum
495 2353 659 2394 loquaris.
693 2352 748 2384 An
766 2362 823 2384 ve-

121 2404 206 2436 reris
231 2413 274 2436 ne
302 2404 394 2445 apud
427 2408 580 2444 posteros
607 2402 732 2437 infame
759 2404 822 2435 tibi

123 2453 180 2493 sit,
207 2454 299 2494 quod
333 2453 481 2486 videaris
516 2452 690 2486 familiaris
724 2454 821 2486 nobis

122 2503 238 2535 esse?
262 2503 397 2544 Nempe
412 2505 545 2545 legerat
560 2514 734 2537 sermones
751 2505 822 2536 Ho-

122 2553 200 2586 ratii
215 2554 345 2593 Caesar,
361 2554 479 2595 suique
494 2555 621 2586 nullam
636 2555 670 2587 in
685 2556 735 2587 eis
751 2554 821 2587 fac-

123 2609 191 2635 tam
217 2603 425 2635 mentionem
450 2613 542 2644 aegre
562 2604 707 2638 ferebat.
751 2605 822 2644 An·

119 2659 176 2687 tea
192 2663 273 2686 vero
276 2653 350 2695 jam
367 2653 539 2685 Saeculare
554 2654 701 2686 Carmen
715 2655 822 2696 impe-

119 2708 261 2736 raverat
289 2703 456 2743 scribere,
488 2703 570 2734 item
604 2703 822 2735 vindelicam

118 2754 297 2786 victoriam
314 2753 545 2794 privignorum
561 2762 700 2784 suorum
720 2754 823 2786 Tibe·

121 2804 162 2835 rii
187 2813 228 2835 ac
251 2803 355 2835 Drusi
378 2804 574 2835 Neronum:
598 2803 822 2845 Odarumque

119 2853 242 2886 librum
256 2862 308 2886 ιν.
344 2853 486 2886 Sueten.
501 2853 535 2885 in
550 2852 632 2886 Vita
647 2853 793 2886 Horatii.

923 2099 1103 2141 Sustineas]
1125 2100 1282 2132 Summus
1305 2099 1476 2141 Princeps
1503 2101 1587 2133 alios

880 2151 1018 2193 quidem
1035 2151 1176 2183 adhibet
1201 2152 1234 2182 in
1258 2151 1451 2191 consilium,
1479 2156 1514 2183 at
1531 2162 1586 2184 so-

878 2202 931 2233 lus
945 2201 1080 2242 imperii
1096 2202 1218 2232 molem
1234 2201 1390 2232 sustinet.
1422 2201 1515 2233 Talis
1532 2205 1586 2234 est

878 2251 1111 2292 orbisjudicio
1128 2252 1340 2283 Lunovicus
1357 2251 1527 2283 MAGNUS.

919 2301 1025 2343 Solus]
1061 2301 1233 2333 Discussis
1257 2301 1331 2342 jam
1365 2299 1585 2338 factionibus,

879 2352 968 2384 victo
986 2351 1129 2392 Lepido,
1144 2351 1295 2383 Antonio
1311 2349 1504 2391 profligato.

919 2408 939 2436 2
966 2404 1028 2436 Res
1043 2402 1160 2443 Italas]
1188 2404 1283 2435 Rom.
1300 2402 1443 2443 Imperii
1468 2404 1583 2444 splen-

876 2455 1010 2487 dorem.

918 2504 1080 2545 Moribus]
1110 2503 1261 2546 Optimis
1279 2503 1460 2540 institutis,
1475 2508 1584 2535 recta-

877 2565 943 2597 que
967 2554 1164 2596 disciplina,
1185 2553 1308 2596 quibus
1335 2563 1447 2584 mores
1462 2554 1583 2593 optimi

876 2605 1080 2637 formantur.

919 2658 939 2686 3
963 2654 1102 2695 Legibus
1125 2651 1280 2691 emendes]
1305 2652 1378 2683 Cic.
1406 2651 1534 2693 Philip.
1558 2662 1584 2684 r.

876 2706 885 2722 ‘
903 2705 976 2736 Lex
993 2708 1047 2736 est
1065 2707 1160 2734 recta
1185 2707 1221 2733 et
1237 2711 1256 2732 a
1274 2701 1412 2732 numine
1430 2702 1582 2733 Deorum

877 2759 990 2786 tracta
1005 2754 1108 2791 ratio,
1133 2752 1306 2793 imperans
1332 2752 1486 2790 honesta,
1501 2762 1581 2793 pro-

875 2804 995 2835 hibens
1017 2801 1214 2834 contraria:
1249 2802 1430 2833 Suetonius
1454 2802 1581 2835 Octav.

875 2856 928 2886 32.
945 2856 999 2885 34.
1015 2855 1080 2885 διο.
1098 2851 1230 2885 utiliter
1247 2852 1288 2883 ab
1305 2861 1345 2883 eo
1360 2853 1491 2884 sancita
1508 2854 1580 2894 ple-
