1930 3204
400 286 504 326 1564

396 389 503 423 tentam
540 391 576 418 ut
604 388 774 419 Juvenalis
803 387 845 419 de
874 388 1077 420 Messalina:

393 436 404 452 ⁸
417 435 522 466 adhuc
544 436 663 466 ardens
684 435 802 474 rigidae
827 437 992 477 tentigine
1007 438 1078 468 vul-

393 486 468 514 vae.'
490 485 638 522 Rutgers.
682 483 839 523 Subando]
873 486 993 517 Clunes
1009 487 1076 526 agi-

390 533 509 572 tando,
524 533 698 564 translatio
714 539 766 564 est
782 543 801 564 a
816 535 940 566 suibus.

438 585 479 613 12
504 582 616 621 Teuta]
649 583 742 613 Male
763 584 883 615 iterum
902 594 974 616 meo
985 585 1078 625 judi-

393 630 447 660 cio
463 630 576 660 Lami).
589 635 625 661 et
638 631 754 662 melius
767 637 1007 664 commentator
1020 643 1077 664 an-

393 678 526 717 tiquus:
559 678 655 709 Teuta
677 680 799 718 cubilia,
823 682 928 712 lectus
943 681 1077 712 funibus

394 726 448 756 vel
461 725 604 757 fasciolis
621 733 756 758 tentus:
787 732 868 760 tecta
889 739 981 770 vero,
994 735 1079 760 stra-

394 775 484 814 gula,
506 775 625 815 quibus
647 777 775 816 tegitur
797 778 916 808 lectus.
974 778 1078 809 Tecta-

395 834 452 864 que
466 826 595 866 rumpit]
616 826 712 858 Lecti
729 827 876 866 stragula
898 827 998 858 nimio
1014 837 1080 858 mo-

394 877 433 903 tu
471 874 606 914 rumpit.
662 874 775 913 [Tenea
795 875 907 906 cubilia
933 875 1081 906 Schoen-

394 920 488 952 born.
504 923 551 962 2.]

437 973 477 1000 13
505 971 560 1002 Vel
575 980 640 1001 meu
654 971 736 1010 cum]
751 971 814 1001 Vel
825 980 899 1002 cum
910 972 983 1003 haec
999 981 1079 1003 anns

396 1020 564 1051 iracundis
591 1020 689 1051 dictis
711 1030 787 1051 mea
809 1022 859 1051 sui
882 1021 1017 1052 fastidia
1033 1023 1082 1052 in-

396 1072 533 1107 crepat:
550 1069 599 1099 sic
615 1069 769 1108 loquitur,
782 1069 813 1099 O
827 1070 961 1110 Horati,
974 1075 1010 1101 tu
1023 1071 1082 1101 mi-

394 1125 457 1147 nus
473 1117 609 1156 langues
623 1118 768 1148 Inaehiae
791 1119 970 1158 complexu
986 1129 1082 1160 quam

396 1174 484 1205 meo,
501 1166 534 1197 id
561 1171 624 1206 est,
638 1166 779 1197 validior
793 1176 828 1198 es
851 1168 883 1197 in
907 1168 963 1198 illa
985 1178 1083 1209 quam

395 1222 429 1243 in
443 1223 507 1245 me.

440 1264 478 1293 15
506 1262 611 1302 Potes]
633 1263 736 1294 Potes
752 1263 918 1303 subigere.

440 1314 481 1342 16
503 1312 610 1342 Mollis
628 1311 717 1351 opus]
751 1312 879 1343 Debilis
901 1321 936 1342 es
956 1315 991 1343 et
1005 1311 1083 1343 mihi

397 1368 530 1399 semper
549 1361 723 1399 languidus
747 1361 788 1391 ad
813 1370 912 1391 unum
927 1371 1011 1401 opus
1026 1370 1082 1392 ve-

398 1417 546 1439 nereum.
590 1409 702 1440 Pereat
717 1410 804 1449 male,
814 1419 881 1449 quoe
895 1409 942 1449 te]
957 1410 1084 1441 Pereat

398 1457 483 1486 male
500 1457 621 1487 Lesbia
635 1458 720 1495 lena,
737 1467 809 1497 quae
825 1458 903 1488 mihi
917 1459 1083 1498 quaerenti

396 1509 539 1542 taurum,
550 1504 583 1534 id
598 1505 830 1544 est,juvenem
843 1505 874 1535 in
891 1515 926 1536 re
939 1515 1084 1537 venerea.

400 1552 585 1591 robustum,
606 1553 803 1583 monstravit
824 1557 857 1584 te
882 1554 1036 1593 inertem,
1050 1554 1083 1584 id

399 1608 462 1639 est,
478 1601 631 1639 ignavum
646 1605 680 1631 et
698 1602 840 1641 pigrum.

442 1651 482 1678 17
507 1649 682 1689 Qum-enti]
708 1650 823 1679 Solent
838 1650 1087 1682 vetulaelibidi-

399 1706 504 1735 nosae,
521 1706 560 1727 ac
582 1696 716 1727 feminae
743 1698 860 1728 virosae
880 1708 1006 1738 omnes,
1021 1700 1085 1730 sibi

399 1746 606 1776 conditiones
623 1755 797 1786 quaerere;
832 1751 868 1778 et
892 1748 980 1778 ultro
996 1748 1087 1778 adul-

401 1799 491 1825 teros
507 1794 657 1824 lenarum
681 1803 795 1834 opera,
819 1796 871 1826 vel
893 1796 994 1826 etiam
1017 1805 1088 1827 mn-

401 1842 552 1882 neribus‚
564 1843 755 1874 sollicitare.
797 1843 936 1884 Antiqui
949 1845 1088 1876 concilia-

399 1891 494 1922 trices
518 1891 682 1922 vocabant
710 1901 779 1931 eas,
805 1902 881 1932 quae
904 1893 1089 1924 istiusmodi

401 1939 610 1971 conditiones
631 1940 853 1981 inquirerent,
875 1941 1089 1981 quemadmo-

402 1989 480 2020 dum
503 1994 538 2020 et
558 1999 661 2029 sagus,
687 1991 736 2020 uti
759 1996 795 2021 et
816 2000 915 2022 canes
941 2001 1089 2034 sagaces,

404 2038 492 2077 quod
510 2039 587 2077 illae,
603 2038 753 2068 homines
768 2038 810 2069 ad
826 2039 999 2070 mulierum
1017 2040 1088 2071 libi-

403 2085 527 2118 dinem,
555 2090 593 2115 ut
620 2094 721 2115 canes
750 2085 852 2124 feras,
881 2087 1088 2126 indagarent.

406 2131 554 2171 Taurum]
587 2132 627 2163 Id
657 2137 720 2168 est,
749 2134 896 2164 validum
923 2135 1088 2166 maritum.

408 2179 546 2210 Torrent.

446 2231 486 2259 18
509 2229 676 2269 Amyntas]
709 2229 850 2261 Juvenis
872 2229 1027 2261 robustus
1047 2241 1088 2261 ex

404 2277 497 2308 Choo
519 2278 670 2317 civitate,
687 2279 778 2318 cujus
801 2280 957 2310 mentulae
973 2279 1089 2310 nimie-

404 2328 456 2356 tas
470 2330 522 2356 est
538 2326 647 2357 arbori
663 2326 896 2366 comparanda.

447 2376 488 2404 19
519 2373 657 2414 Nervus]
695 2374 807 2405 Penis.
850 2375 1091 2415 [Schoenborn.

404 2426 438 2454 2.
450 2424 581 2464 nervis-J

445 2475 486 2503 21
503 2472 692 2512 Mum'cibus]
706 2472 859 2511 Purpura
869 2471 971 2512 Tyria
982 2477 1092 2504 vestes

405 2521 457 2552 bis
473 2522 608 2561 tinctas,
623 2530 705 2562 quas
720 2521 894 2561 Dibaphas
910 2522 1091 2555 nominant.

448 2573 490 2602 22
515 2571 575 2601 Cui
593 2569 847 2610 properabuntur]
869 2571 964 2601 Unus
983 2571 1091 2602 codex

407 2620 528 2651 Bland.
552 2619 605 2651 liic
630 2619 743 2658 liabet,
764 2619 813 2650 cm·
833 2619 1092 2660 properabuntur?

407 2669 441 2698 iu
456 2668 571 2700 futuro
594 2668 814 2709 promissivo:
845 2669 917 2700 haec
942 2669 1043 2701 lectio
1064 2670 1092 2700 si

409 2716 554 2756 placeat,
567 2717 708 2748 habebit
722 2717 965 2758 subjectionem
985 2717 1091 2749 Ironi-

411 2772 507 2795 cam:
542 2765 652 2797 solent
680 2765 767 2797 euim
790 2766 946 2799 mulieres
971 2767 1092 2799 habere

849 298 987 327 NO'I'AE
1023 297 1281 328 VAIMORUM
1315 300 1364 328 IN

1131 390 1244 421 nescio
1275 391 1352 431 quid
1384 400 1476 422 vanae
1505 392 1754 431 pollicitationis
1777 395 1812 426 iu

1130 439 1315 479 hujusmodi
1347 439 1524 480 amoribus,
1551 445 1589 472 ut
1613 440 1757 473 invitent
1777 449 1813 475 et

1130 486 1269 518 incitent
1297 493 1445 518 amantes
1474 489 1516 519 ad
1546 490 1655 520 acrius
1685 490 1814 523 deside-

1131 535 1227 566 rium.
1253 538 1347 576 Cruq.
1393 538 1452 567 Cui
1463 537 1716 579 properabatur]
1739 540 1813 580 Cui,

1130 582 1170 612 ad
1188 583 1283 622 cujus
1298 593 1403 622 usum,
1427 585 1629 616 texebantur
1644 595 1664 616 a
1678 595 1732 618 me
1747 587 1816 618 vel—

1130 631 1211 670 lera,
1235 631 1268 662 id
1291 638 1358 672 est,
1374 638 1482 665 vestes
1507 634 1688 674 pretiosae?
1746 635 1816 666 Tibi

1129 679 1248 719 nempe]
1269 681 1342 711 'ribi
1358 690 1479 722 nempe
1495 682 1642 715 invalido
1657 687 1759 725 atque
1772 684 1815 715 ud

1131 728 1299 758 Venerem
1314 729 1440 768 inepto.

1171 777 1212 806 23
1235 776 1491 816 AEquuleeinter]
1514 779 1608 810 Inter
1623 787 1755 811 coaevos
1781 783 1818 811 et

1132 825 1399 856 contubernales.

1173 875 1215 902 24
1237 873 1356 904 Mulier
1379 873 1451 913 m]
1487 874 1596 907 Quem
1624 884 1685 906 sua
1707 875 1816 907 amica

1133 920 1238 960 magis
1253 920 1420 960 diligeret,
1436 930 1532 962 quam
1545 931 1612 963 ego
1626 929 1672 955 te.

1174 972 1214 1000 25
1241 970 1271 999 0
1284 978 1341 1007 ego
1355 978 1415 999 non
1427 969 1524 1008 felix,
1543 971 1635 1010 quam
1659 975 1693 1003 tu
1708 971 1816 1012 fugis]

1133 1018 1280 1058 Vulgata
1307 1017 1424 1056 lectio,
1445 1026 1532 1056 quem
1545 1019 1694 1058 aufigit,
1717 1020 1817 1051 male.

1134 1066 1234 1099 Quod
1259 1074 1341 1097 vero
1366 1066 1532 1097 canterus
1552 1065 1694 1098 affirmat
1708 1067 1742 1097 iu
1757 1074 1819 1098 sno

1135 1115 1210 1146 eod.
1234 1114 1320 1154 legi:
1360 1115 1390 1145 Ο
1406 1124 1461 1154 ego
1475 1115 1599 1154 infelix,
1613 1115 1647 1146 id
1667 1123 1726 1147 uos
1739 1125 1820 1157 quo—

1137 1172 1201 1204 que
1215 1164 1247 1194 in
1258 1163 1386 1195 duobus
1399 1164 1472 1196 aliis
1485 1165 1681 1197 invenimus.
1704 1164 1820 1206 Atque

1137 1213 1186 1244 ita
1199 1213 1323 1244 citatur
1338 1222 1357 1243 a
1371 1213 1499 1244 Carioio
1512 1211 1752 1245 Grammatico.
1791 1214 1821 1243 0

1136 1271 1193 1300 ego
1217 1271 1277 1293 non
1294 1261 1394 1302 felix]
1432 1262 1640 1293 Exclamutio
1669 1261 1821 1293 Poetica.

1142 1312 1187 1341 Ut
1195 1314 1286 1351 pavet
1299 1310 1399 1350 acres]
1421 1311 1530 1344 Quam
1543 1315 1579 1343 tu
1587 1310 1676 1352 fugis
1687 1315 1726 1342 ut
1735 1318 1822 1350 agna

1136 1361 1263 1400 lupum,
1278 1363 1314 1392 et
1333 1363 1371 1390 ut
1390 1369 1522 1400 capreae
1539 1361 1677 1392 horrent
1699 1359 1823 1391 leones.

1134 1408 1280 1448 [Jamque
1290 1417 1356 1447 ego,
1364 1407 1512 1446 nonfelia:
1519 1408 1617 1440 codd.
1625 1417 1678 1449 ap.
1686 1407 1824 1446 saec-k]

1135 1457 1248 1487 1⁴:120».
1276 1465 1358 1487 xm.
1394 1455 1452 1487 An
1479 1456 1618 1488 Amicos
1648 1456 1822 1492 Conmos,

1178 1512 1223 1534 υτ
1252 1512 1413 1535 nmmum
1450 1501 1649 1535 mum-rm
1683 1510 1820 1535 'numi-

1179 1561 1287 1584 ceum.

1179 1602 1255 1632 Hoc
1272 1611 1403 1642 quoque
1420 1602 1562 1633 Carmen
1578 1611 1667 1632 nunc
1691 1601 1823 1642 (quum-

1137 1650 1188 1680 vis
1212 1650 1339 1688 antiqui
1359 1650 1581 1681 Grammatici
1604 1650 1752 1681 Dicolon
1774 1650 1824 1680 fe-

1139 1697 1224 1728 cisse
1240 1697 1599 1737 videantur->hiemen
1610 1704 1684 1728 csse
1695 1699 1824 1737 volunt,

1140 1745 1255 1785 quales
1283 1754 1357 1776 esse
1394 1745 1503 1785 Epodi
1531 1745 1668 1776 debent.
1725 1746 1823 1778 Quod

1142 1798 1251 1825 autem
1263 1794 1296 1824 iu
1307 1793 1449 1824 vetustis
1459 1793 1629 1824 codicibus
1640 1795 1824 1826 nonnullis:

1141 1842 1192 1873 Aa
1205 1843 1316 1873 amicos
1329 1843 1478 1881 Comicus,
1488 1841 1688 1879 inscribitur,
1698 1843 1731 1873 id
1744 1843 1824 1883 quid

1142 1890 1206 1922 sibi
1223 1892 1304 1922 velit
1317 1891 1441 1922 nescio.
1467 1891 1618 1931 Mallem,
1631 1896 1668 1922 ut
1683 1891 1717 1922 in
1733 1892 1824 1923 aliis:

1142 1939 1194 1971 Ad
1207 1939 1445 1970 contubernales,
1461 1943 1499 1970 ut
1519 1939 1554 1969 iu
1570 1939 1716 1970 hibernie
1737 1939 1826 1971 forte

1140 1997 1243 2027 agenn
1262 1987 1366 2018 Poeta
1378 1986 1459 2017 illud
1475 1987 1750 2027 scripserit,'cnm
1764 1989 1826 2019 sub

1142 2036 1251 2066 Bruto
1268 2035 1376 2066 adhuc
1391 2035 1568 2066 militabat.
1589 2037 1729 2068 vor-rat.

1184 2087 1201 2114 1
1226 2084 1365 2114 Horrida
1376 2083 1554 2123 tempestas]
1577 2084 1743 2124 Cruquius
1754 2092 1827 2116 cre-

1140 2133 1206 2171 dit,
1221 2142 1281 2172 per
1302 2133 1469 2164 horridam
1491 2136 1738 2173 tempestatem,
1755 2133 1827 2164 Ho-

1141 2180 1261 2210 ratium
1274 2189 1334 2210 suo
1348 2189 1438 2211 more
1449 2180 1635 2220 siguificare
1647 2182 1824 2214 tumultum

1141 2227 1283 2268 aliquem
1299 2228 1445 2267 civilem,
1459 2233 1516 2259 aut
1539 2229 1680 2270 alicujus
1702 2230 1826 2269 priuci-

1142 2276 1194 2315 pis
1223 2284 1342 2315 graves
1372 2276 1450 2307 iras.
1512 2277 1628 2308 Coelum
1654 2278 1825 2318 contraxit]

1141 2324 1222 2354 Tale
1237 2324 1319 2354 illud
1334 2324 1487 2363 Virgilii:
1511 2325 1572 2356 'In
1593 2325 1715 2357 nubem
1736 2327 1828 2367 cog-i-

1144 2376 1200 2403 tur
1224 2371 1305 2403 ae'r!
1348 2373 1521 2413 Coguntur
1545 2374 1632 2405 enim
1659 2375 1767 2415 primo
1794 2376 1828 2406 in

1143 2421 1228 2453 coelo
1251 2421 1367 2456 nubes,
1389 2421 1510 2462 quibus
1540 2423 1712 2454 summotis
1738 2423 1829 2454 solu-

1143 2470 1254 2510 tisque
1292 2470 1452 2502 decidunt
1493 2470 1613 2502 imbres
1652 2471 1828 2513 niveque.

1146 2519 1262 2550 Coelum
1287 2519 1459 2559 contraxit]
1498 2520 1692 2561 Tempestas
1717 2521 1830 2562 coiigit

1143 2569 1248 2599 nubes
1264 2569 1298 2599 in
1313 2577 1413 2599 unum
1428 2569 1547 2601 locum.

1184 2620 1205 2649 2
1228 2618 1392 2649 Deducunt
1404 2617 1528 2659 Jovem]
1551 2618 1650 2652 Quod
1662 2628 1686 2650 1.
1697 2618 1829 2651 Od.84.

1143 2668 1341 2708 monuimus,
1356 2670 1485 2699 veteres
1509 2668 1572 2699 hoc
1595 2669 1739 2700 maxime
1761 2673 1827 2699 ter-

1145 2718 1259 2759 ruisse,
1274 2718 1364 2759 quod
1379 2718 1545 2750 vindicem
1560 2718 1623 2750 sibi
1641 2725 1742 2760 supra
1752 2725 1827 2748 ver-

1145 2767 1248 2799 ticem
1274 2767 1446 2800 imminere
1473 2768 1594 2801 Jovem
1622 2764 1826 2799 arbitraban-
