1916 3262
370 296 478 338 1246
827 311 870 346 ρ.
901 308 1102 338 HoRA'rii
1138 310 1306 341 useel

875 505 1179 548 EPISTOLA
1210 507 1271 548 ΙΙ.

817 623 883 655 ΑΒ
913 623 1100 654 JULIUM
1134 623 1348 655 FLORUM.

369 710 524 741 Suaviter
538 709 642 749 garrit
666 718 739 740 cum
757 708 874 748 amico,
888 714 924 740 et
938 708 1086 739 ostendit
1100 717 1134 738 se
1151 712 1285 739 nactum
1299 709 1386 749 quod
1401 710 1522 742 avebat
1539 710 1681 752 poeticae
1697 719 1779 743 nun-

414 761 494 791 tium
521 761 701 796 remittere,
716 765 750 790 et
765 760 807 790 ad
830 759 1004 799 pristinum
1028 759 1250 799 Philosopbiae
1275 761 1418 792 studium
1440 771 1476 793 se
1500 764 1662 803 recipere.
1677 763 1778 794 Raxt-

412 812 556 842 Excusat
580 821 613 841 se
628 811 719 843 Julio
741 811 850 850 Floro,
866 811 920 850 qui
941 815 1088 850 questus,
1112 810 1199 850 quod
1221 819 1282 841 nec
1300 811 1482 852 Epistulam
1505 814 1616 851 ullam,
1631 823 1692 844 nec
1707 822 1780 844 car-

411 863 500 893 mina
516 863 675 902 promissa
697 862 851 901 misisset,
865 863 951 893 hunc
967 862 998 892 in
1023 861 1174 892 modum:
1209 863 1257 893 Ut
1280 872 1409 902 mango,
1424 865 1451 895 si
1464 865 1546 896 vitia
1569 866 1669 903 servi,
1683 873 1778 906 quem

414 914 539 950 vendit,
555 914 696 953 ingenue
723 913 897 951 indicavit,
913 914 953 944 ad
981 914 1219 944 redhibendum
1243 914 1392 946 damnari
1407 917 1542 957 nequit;
1564 918 1612 948 sic
1630 926 1692 948 nec
1707 925 1783 956 ego,

412 974 487 995 cum
505 965 564 996 tibi
583 965 807 1005 proficiscenti
834 965 1056 1004 praedixerim,
1073 974 1125 995 me
1140 965 1325 1005 Epistulam
1340 975 1406 997 non
1428 976 1500 998 esse
1515 967 1700 1005 missurum,
1715 960 1821 997 mas

412 1017 452 1047 1ae
467 1016 544 1047 fidei
568 1016 717 1047 accusari
742 1021 870 1056 potero.
914 1017 1010 1048 Quod
1026 1025 1104 1047 vero
1125 1017 1273 1047 carmina
1294 1017 1436 1049 miserim
1458 1019 1560 1056 nulla,
1574 1019 1622 1049 sic
1637 1018 1781 1050 habt-to:

413 1068 462 1099 Ut
477 1068 605 1099 Luculli
622 1069 714 1098 miles
730 1068 874 1109 quidam,
890 1077 972 1099 zona
995 1068 1139 1109 perdita,
1155 1068 1196 1098 ad
1221 1068 1365 1108 praedam
1387 1068 1572 1101 faciendam
1587 1069 1801 1101 fortissimae*

412 1119 538 1159 extitit,
552 1120 608 1150 sed
625 1119 712 1150 idem
728 1120 949 1159 locupletatus
966 1121 1147 1160 periculum
1163 1120 1257 1151 adire
1278 1121 1462 1159 recusavit;
1485 1122 1532 1152 ita
1546 1126 1580 1152 et
1595 1131 1671 1161 ego.
1687 1129 1783 1161 quem

414 1170 490 1200 olim
521 1175 594 1209 post
625 1171 777 1210 praelium
804 1171 1023 1210 Philippense
1050 1175 1188 1213 paterno
1213 1170 1316 1202 fundo
1341 1172 1506 1211 privatum
1533 1176 1726 1212 paupertas,
1749 1175 1785 1202 ut

413 1231 527 1252 versus
552 1222 710 1261 facerem,
731 1223 872 1263 impulit,
888 1231 990 1261 nunc,
1011 1232 1086 1253 curn
1114 1223 1195 1254 satis
1218 1223 1262 1254 sit
1278 1223 1364 1253 unde
1390 1223 1509 1261 vivam,
1525 1224 1611 1254 malo
1626 1222 1783 1261 dormire,

413 1283 510 1313 quam
522 1274 667 1305 scribere
686 1284 808 1310 versus,
819 1284 838 1304 a
850 1274 968 1314 quibus
984 1279 1104 1305 avocat
1116 1284 1167 1305 me
1182 1274 1361 1314 non-modo
1371 1279 1453 1305 aetas
1468 1274 1714 1314 ingravescens,
1725 1273 1785 1304 sed

412 1329 448 1354 et
463 1325 638 1355 morositas
649 1325 802 1364 quoedam
817 1325 996 1362 bominum,
1011 1334 1147 1365 quorum
1159 1326 1216 1356 alii
1228 1326 1292 1356 alio
1308 1325 1464 1356 carminis
1479 1334 1602 1365 genere
1618 1325 1787 1356 delectan-

413 1379 467 1405 tur
481 1385 490 1412 ς
517 1380 585 1406 tum
597 1375 663 1405 vita
679 1375 793 1406 Romae
809 1375 981 1414 negotiosa
995 1379 1030 1405 et
1045 1375 1247 1414 turbulenta,
1260 1375 1413 1416 quoniam
1433 1376 1473 1406 ad
1490 1385 1602 1407 versus
1614 1375 1786 1407 faciendos

413 1426 594 1465 requiritur
617 1434 782 1465 secessus,
798 1425 954 1464 solitudo,
977 1429 1012 1456 et
1034 1426 1159 1463 otium;
1181 1425 1323 1466 denique
1344 1426 1432 1456 mala
1454 1425 1626 1465 poetarum
1649 1436 1787 1457 consue-

415 1478 507 1512 tudo,
520 1478 574 1518 qui
588 1478 743 1508 certatim
759 1486 794 1508 se
810 1478 951 1508 invicem
968 1481 1094 1508 temere
1118 1477 1254 1508 laudant
1267 1481 1301 1508 et
1316 1477 1504 1508 irascuntur
1517 1487 1611 1508 secus
1633 1477 1788 1509 facienti-

413 1530 485 1560 bus.
528 1529 580 1560 Ad
598 1529 717 1569 poetna
738 1535 848 1560 autem
867 1528 1052 1568 legitimum
1075 1528 1352 1569 diligentissimus
1372 1528 1547 1561 verborum
1567 1529 1719 1560 delectus
1733 1533 1788 1560 est

413 1581 596 1619 habendus,
613 1591 763 1622 opusque
778 1585 827 1612 est
849 1581 952 1611 multo
974 1580 1098 1612 labore.
1142 1581 1243 1620 Ergo,
1258 1579 1350 1610 dicet
1371 1579 1504 1619 aliquis,
1519 1579 1722 1611 commodius
1735 1584 1788 1611 est

414 1634 535 1664 malum
552 1632 655 1664 videri
684 1632 1018 1673 poetam,dummodo
1041 1631 1207 1662 nobismet
1229 1630 1308 1670 ipsis
1331 1630 1519 1670 placeamus
1541 1634 1578 1662 et
1598 1631 1712 1661 beatos
1726 1639 1788 1661 nos

416 1688 583 1723 putemus,
597 1689 635 1714 ut
659 1684 715 1715 ille
740 1683 884 1723 Argivus
911 1684 1047 1714 delirus.
1091 1683 1138 1714 At
1162 1691 1243 1713 vero
1263 1682 1395 1713 omnino
1417 1687 1557 1722 praestat
1583 1682 1751 1714 abstinere
1767 1692 1786 1712 a

415 1735 511 1773 nugis
535 1734 690 1774 poeticis,
705 1738 741 1764 et
762 1743 850 1764 verae
873 1734 1047 1774 sapientiae
1071 1743 1204 1774 operam
1226 1733 1319 1774 dare,
1334 1739 1369 1765 et
1383 1733 1464 1765 vitia
1486 1734 1586 1765 animi
1602 1742 1786 1775 pravasque

415 1785 532 1826 fugere
547 1786 750 1826 cupiditates
765 1795 892 1817 omnes.

372 1869 564 1919 Fnoass,
585 1871 698 1910 bono
719 1869 923 1921 claroque
945 1868 1085 1909 fidelis
1104 1870 1241 1910 amice
1261 1868 1438 1918 Neroni,

379 1935 427 1975 Si
453 1936 549 1986 quis
565 1935 674 1974 forte
693 1935 795 1974 velit
815 1946 991 1986 puerum
1010 1934 1090 1974 tibi
1109 1934 1288 1974 vendere
1307 1939 1454 1975 natum

426 2050 455 2078 Ο
475 2049 576 2089 Flore,
589 2049 684 2079 amice
696 2049 804 2089 fidelis
815 2048 906 2088 probo
920 2051 949 2078 et
963 2048 1076 2078 illustri
1093 2049 1220 2084 Neroni,
1234 2048 1261 2078 si
1275 2048 1361 2085 sorte
1373 2049 1483 2088 aliquis
1497 2051 1586 2081 vellet
1598 2050 1656 2081 tibi
1668 2060 1788 2082 oenum-

962 2139 1156 2154 oueeaeoeoe
1161 2141 1175 2152 e
1179 2140 1198 2151 ο

421 2203 573 2245 Epistola
595 2213 682 2235 nona
705 2203 797 2235 Libri
824 2204 919 2244 primi
950 2205 983 2235 in
1008 2205 1069 2237 Ed.
1089 2204 1273 2236 Sanam—1
1299 2203 1458 2235 Nonnulli
1481 2203 1578 2236 codd.
1608 2213 1787 2244 caroque.—

1011 2306 1150 2339 NOTAE

423 2383 439 2410 l
465 2380 555 2411 Flore
582 2380 666 2415 bono,
692 2381 762 2421 ξω]
795 2380 905 2413 Julius
931 2380 1060 2418 Florus,
1110 2379 1308 2410 documenta
1335 2379 1524 2421 perscribit.
1567 2379 1621 2410 Ad
1641 2378 1790 2420 huncip·

380 2429 421 2460 ad
447 2429 567 2460 bellum
593 2429 818 2460 Pannonicum
844 2428 1059 2469 proficiscens
1110 2437 1179 2459 sum
1195 2428 1328 2459 Florum
1351 2429 1544 2469 inscriptam
1559 2428 1698 2459 vidimus
1717 2428 1786 2469 jam

380 2487 455 2508 cum
470 2477 603 2508 Tiberio
619 2478 765 2516 Nerone,
780 2477 924 2517 petierat
940 2478 981 2508 ab
993 2477 1061 2509 Ho-
1111 2486 1136 2508 ι.
1150 2477 1255 2517 Epist.
1267 2479 1298 2508 3.

381 2526 466 2557 ratio
494 2530 532 2556 ut
559 2526 723 2566 quaepiam
747 2526 787 2556 ad
815 2534 851 2556 se
878 2525 1059 2556 scriberet:
1153 2525 1259 2556 Amice
1275 2524 1406 2564 Neroni]
1433 2524 1468 2555 Is
1483 2524 1554 2564 ipse
1569 2529 1621 2555 est
1634 2524 1788 2555 Tiberius

381 2578 566 2604 cessantem
579 2583 657 2604 vero
669 2582 857 2614 quanquam
871 2574 949 2604 nihil
965 2573 1060 2614 polli-
1114 2573 1270 2604 Claudius
1288 2573 1390 2611 Nero,
1404 2573 1460 2613 qui
1474 2572 1624 2612 Augusto
1637 2573 1670 2604 in
1685 2573 1787 2613 impe-

383 2621 483 2651 citum
513 2621 654 2652 subinde
692 2622 891 2662 increpavit.
932 2622 993 2652 Cui
1026 2630 1061 2652 se
1114 2623 1196 2653 rium
1213 2622 1385 2653 successit.
1425 2622 1476 2652 De
1490 2630 1530 2652 eo
1539 2621 1610 2662 jam
1626 2626 1714 2652 ante.

383 2668 545 2699 Horatius
571 2674 711 2700 excusat
732 2670 794 2700 hac
820 2669 992 2709 Epistola3
1028 2669 1061 2700 in
1154 2673 1174 2701 2
1197 2669 1404 2711 Siquisforee
1415 2668 1576 2710 namq-a]
1590 2667 1788 2707 Similitudo,

384 2724 448 2754 qua
465 2721 497 2744 et
513 2717 635 2747 eximia
649 2717 800 2758 quaedam
821 2718 864 2748 ad
886 2718 1013 2758 polisin,
1029 2722 1064 2749 et
1114 2728 1176 2759 qna
1204 2727 1240 2750 se
1269 2717 1356 2759 apud
1379 2718 1510 2749 Florum
1535 2721 1655 2758 purgat
1679 2715 1786 2747 Hora-

384 2763 424 2794 ad
440 2764 524 2795 bene
542 2764 704 2806 beateque
718 2766 892 2798 vivendum
906 2767 1062 2807 pleraque
1114 2767 1191 2798 tius.
