1916 3262
558 300 912 332 nrisromnuu
947 300 1041 331 ms.
1075 300 1129 331 ιι.
1159 290 1200 331 l.
1489 289 1602 332 12:31

149 398 380 441 Describi:
411 401 579 438 vertere
600 396 794 447 modum,
816 395 1047 437 formidine
1067 394 1200 437 fustis

148 465 221 507 Ad
241 466 350 506 bene
371 464 606 506 dicendum
625 463 1023 516 delectandumque
1042 461 1226 503 redacti.
1519 461 1602 503 155

148 533 328 575 Graecia
347 535 483 585 capta
501 531 639 572 ferum
657 532 870 572 victorem
891 529 1026 582 cepit,
1046 532 1088 569 et
1107 532 1224 570 artes

150 599 308 640 Intulit
326 597 488 651 agresti
508 596 664 638 Latio:
697 597 762 638 sic
783 595 982 638 horridus
1001 595 1078 636 ille

149 665 351 708 Defluxit
371 677 575 706 numerus
597 665 842 713 Saturnius,
859 669 902 705 et
919 675 1048 717 grave
1069 663 1190 704 virus

152 731 388 774 Munditiae
407 732 637 786 pepulere:
668 733 750 773 sed
770 732 816 773 in
835 731 1015 784 longum
1037 734 1185 771 tamen
1206 742 1353 771 aevum

145 869 367 899 mmmm
378 868 423 899 ad
432 868 620 899 laudandum
635 869 666 898 et
680 865 890 897 oblectandum
903 863 1052 896 reuocati.
1068 863 1208 896 Subinde
1222 865 1306 896 victu
1316 865 1444 896 Groecia
1455 865 1605 896 victorem

147 907 325 941 seui-mm
338 910 494 946 devinxit,
504 910 684 949 invent-itque
698 908 879 948 disciptinas
891 907 924 938 iu
933 907 1010 938 rude
1020 906 1162 939 Latium.
1191 907 1245 938 Sic
1255 918 1366 948 aspera
1376 908 1476 947 poesis
1490 907 1605 938 Satur-

147 950 202 982 nia
221 952 336 984 desiit.-
356 956 388 984 et
401 954 505 984 cultus
518 952 624 992 abegit
644 951 788 992 putidum
801 950 958 989 soetorem.
1001 949 1148 982 Attamen
1164 951 1219 982 diu
1242 950 1396 992 superfuit
1418 954 1448 982 et
1466 954 1606 990 superest

759 1067 998 1080 eeeeeeeeeeee

150 1157 259 1193 -166
280 1154 391 1188 Codd.
415 1165 472 1197 ap.
494 1154 621 1195 Jaeck,
644 1157 736 1196 capta
756 1155 979 1186 serium—158
1002 1152 1185 1184 Barberin.
1211 1153 1358 1184 numeris.
1396 1152 1545 1185 Auratu-
1569 1157 1606 1185 et

815 1271 846 1303 N
854 1270 960 1303 0¹1*AE

148 1345 234 1378 trab.
256 1349 350 1378 erut:
374 1346 384 1363 ‘
399 1346 437 1378 Si
454 1347 528 1387 quis
550 1345 762 1378 occentassit
782 1354 852 1375 ma-

148 1397 218 1428 lunt
246 1405 397 1434 carmen,
426 1396 499 1426 sive
526 1394 729 1426 condidissit
758 1392 851 1435 qnod

148 1444 319 1478 infamiam
331 1443 419 1476 fsxit
430 1443 642 1485 flagitiumve
658 1444 779 1484 alteri;
795 1453 850 1475 ca·

148 1495 237 1537 pital
258 1494 356 1527 esto-¹
388 1494 462 1527 Cic.
484 1495 585 1526 Tunc.
609 1503 662 1526 ιν.
699 1493 790 1525 Item
805 1494 848 1525 de

148 1545 237 1587 Rep.
248 1553 296 1577 tv,
314 1543 469 1586 ejusdem
484 1544 642 1576 meminit
657 1553 665 1574 ε
685 1543 696 1562 ⁴
710 1544 850 1575 Nostrae

151 1603 221 1627 xu.
243 1594 384 1626 'rabide
406 1603 483 1626 cum
506 1602 696 1635 perpaucas
719 1603 774 1625 res
795 1602 850 1625 cs-

148 1645 226 1686 pite
247 1644 453 1684 sanxissent,
475 1645 511 1676 in
533 1644 581 1676 luis
603 1645 691 1676 hanc
717 1652 851 1686 quoque

148 1695 368 1728 sanciendam
391 1699 613 1736 putaverunt,
626 1695 653 1726 si
669 1694 745 1736 quis
768 1693 852 1726 acti-

149 1745 292 1777 tavisset
303 1745 376 1776 sive
389 1754 524 1776 carmen
535 1744 747 1776 condidisset
761 1743 851 1785 quod

150 1794 323 1827 infamiam
346 1794 485 1827 afferret
501 1793 711 1834 flagitiumve
729 1792 854 1825 alteri.'

153 1843 284 1876 Amol).
297 1845 356 1876 lib.
373 1852 423 1876 lv.
445 1845 455 1862 ‘
469 1844 614 1875 Carmen
631 1844 755 1874 malum
772 1851 852 1874 con—

150 1893 302 1925 scribere
317 1902 384 1935 quo
395 1893 488 1924 fama
499 1893 639 1923 alterius
654 1892 854 1933 coinquine-

151 1947 210 1974 tur
247 1947 284 1974 et
313 1943 394 1983 vitu,
423 1942 722 1975 Decemviralibus
758 1942 853 1973 scitis

150 1991 301 2024 evadere
323 1993 480 2024 noluistis
505 1991 666 2034 impune!
702 1992 793 2024 Vide
816 1992 852 2024 S.

153 2042 301 2084 August.
315 2042 359 2074 de
374 2042 447 2075 Civ.
465 2041 528 2073 Dei
541 2051 584 2074 ιι.
596 2045 629 2074 9.
641 2046 678 2073 et
690 2050 795 2082 supra
811 2049 854 2073 n.

150 2091 224 2123 Sat.
241 2094 278 2123 1«
298 2092 310 2109 ‘
323 2092 362 2123 Si
384 2091 474 2123 mala
493 2091 686 2123 condiderit
701 2091 735 2122 in
752 2099 853 2132 quem

152 2140 229 2182 quis
243 2140 406 2180 carmina,
417 2140 476 2181 jus
492 2145 544 2171 est
559 2138 825 2181 judiciumque?

196 2193 258 2222 154
277 2190 407 2223 Vertere
420 2190 556 2231 modum]
579 2190 766 2222 Desierunt
779 2199 853 2222 car·

152 2241 245 2273 nina
268 2239 420 2273 scribere
449 2240 673 2282 Fescennina,
689 2245 724 2272 et
747 2241 852 2272 nomi·

151 2292 259 2324 nstim
268 2291 351 2323 vitiu
363 2298 482 2323 notare
494 2302 502 2323 ε
519 2292 648 2323 Satiras
657 2301 737 2323 vero
745 2293 854 2333 scrip-

152 2346 270 2374 serunt
292 2351 359 2373 non
383 2346 453 2373 tam
473 2347 592 2382 aperte
614 2342 668 2373 vel
688 2341 854 2374 dicaciter

155 2396 336 2430 urguentes
353 2392 505 2424 vitiosos.

198 2441 380 2474 Formidine
394 2442 513 2483 fustis]
561 2443 671 2474 Poena
695 2442 852 2475 fustuarii

155 2489 298 2521 decreta
308 2489 426 2522 fuerat
447 2492 482 2523 in
505 2499 678 2524 auctorem
698 2493 854 2525 carminis

154 2539 330 2571 maledici:
347 2541 403 2580 qni
418 2541 554 2582 quidem
570 2543 612 2573 ad
629 2552 748 2575 necem
765 2544 854 2575 caedi

149 2588 339 2631 jubebatur
353 2587 511 2630 fustibus,
527 2599 586 2621 sen
602 2591 703 2632 virgis
718 2593 796 2632 illis,
810 2602 854 2624 ex

157 2639 279 2681 quibus
295 2639 390 2670 simul
407 2643 442 2670 et
458 2640 631 2671 securibus
649 2642 854 2675 constabant

155 2689 268 2721 fasces
298 2689 572 2729 magistratuum.
629 2691 720 2722 Vide
751 2701 855 2733 snpra

157 2741 218 2772 cit.
232 2739 305 2771 Cic.
322 2740 365 2771 de
382 2739 470 2781 Rep.
483 2749 536 2772 ιν.

200 2793 262 2821 155
286 2791 339 2821 Ad
360 2790 434 2821 bene
451 2789 614 2822 dicendum
626 2792 854 2823 delectandum-

157 2849 214 2881 que
227 2839 363 2879 redacti]
386 2839 441 2872 Ad
455 2840 529 2872 haec
545 2845 640 2874 certe
654 2842 759 2883 magis
775 2846 856 2874 nata

903 1342 1016 1384 poesis
1031 1343 1182 1373 videtur.

947 1394 1010 1422 156
1025 1391 1156 1422 Graecia
1164 1393 1268 1432 capta,
1282 1391 1354 1432 ssa]
1372 1390 1606 1434 Posteaquam

904 1441 1049 1473 Romani
1065 1440 1264 1472 Graecornm
1281 1441 1426 1482 imperio
1441 1442 1608 1475 subverso

904 1491 1076 1523 Graeciam
1093 1490 1127 1521 in
1150 1490 1361 1531 provinciam
1386 1491 1608 1532 redegerunt.

905 1546 997 1573 artes
1025 1541 1183 1572 liberales
1206 1550 1227 1572 a
1245 1541 1378 1573 Graecis
1400 1542 1506 1574 illatae
1526 1549 1609 1575 sunt

905 1593 941 1624 iu
959 1592 1096 1624 Italiam
1114 1591 1223 1623 adhuc
1240 1591 1359 1624 rudem
1372 1597 1408 1624 et
1420 1593 1608 1634 disciplinis

902 1643 1052 1674 nondum
1076 1643 1271 1674 excultam:
1305 1652 1448 1684 quarum
1471 1646 1609 1676 amoeni-

905 1697 980 1725 tate
994 1692 1088 1732 capti
1105 1697 1184 1724 sunt
1199 1693 1353 1725 Romani.

950 1746 1012 1774 158
1028 1743 1185 1774 Numerus
1200 1742 1382 1785 Saturnius]
1398 1744 1521 1776 Prisca
1529 1744 1608 1776 bar-

906 1793 1032 1830 baries,
1053 1794 1149 1824 rudis
1169 1798 1205 1825 et
1227 1794 1384 1833 impolita
1406 1795 1609 1835 compositio

909 1851 1078 1881 versuum,
1103 1851 1179 1882 quae
1209 1841 1322 1873 fuerat
1340 1844 1386 1874 in
1413 1843 1519 1874 Italia
1545 1845 1608 1876 sub

908 1891 1056 1923 Saturno
1072 1901 1166 1932 rege,
1181 1901 1220 1923 ac
1237 1891 1294 1923 diu
1311 1893 1413 1924 etiam
1429 1898 1508 1934 post
1521 1903 1610 1925 eum.

908 1941 1035 1973 Ascon.
1045 1942 1079 1972 in
1093 1951 1135 1973 11.
1151 1942 1250 1976 Verr.
1266 1942 1276 1959 ‘
1290 1942 1420 1974 Versus
1431 1943 1610 1981 Saturnii‚'

904 1992 1019 2031 inquit
1034 1991 1168 2029 Festus,
1185 1996 1195 2009 ¹
1213 1992 1434 2032 appellantur
1452 1993 1502 2024 illi
1522 1995 1610 2025 anti-

906 2041 1070 2083 quissimi,
1086 2041 1209 2082 quibus
1226 2042 1363 2073 Faunus
1378 2040 1453 2074 fata
1467 2043 1609 2075 homini-

906 2092 969 2124 bus
986 2091 1140 2124 creditur
1165 2092 1356 2132 cecinisse;
1376 2093 1499 2134 quibus
1525 2099 1562 2126 et
1589 2105 1609 2126 a

906 2143 1029 2176 Noevio
1044 2144 1171 2175 bellum
1182 2142 1353 2175 Punicum
1365 2145 1528 2186 scriptum
1546 2152 1612 2186 est,

907 2198 943 2225 et
955 2203 977 2225 a
987 2193 1100 2225 multis
1112 2193 1185 2225 aliis
1197 2194 1297 2234 plura
1305 2195 1495 2235 composita
1506 2196 1612 2228 sunt?

907 2244 1038 2276 Ennius
1069 2243 1113 2275 de
1144 2243 1288 2275 iisdem:
1324 2244 1334 2261 ‘
1350 2244 1520 2285 scripsere
1552 2246 1610 2277 alii

907 2303 980 2326 rem
995 2293 1168 2332 Versibu’‚
1183 2303 1268 2335 quos
1283 2293 1362 2325 olim
1378 2294 1482 2326 Fauni
1496 2301 1609 2327 vates-

907 2353 973 2385 que
988 2343 1180 2383 canebant3
1205 2344 1290 2376 Cum
1303 2353 1414 2385 neque
1431 2345 1608 2376 Musarum

905 2394 1063 2434 scopulos
1076 2394 1254 2435 quisquam
1270 2393 1476 2434 superarat?
1498 2394 1609 2425 Porro

905 2443 928 2474 ii
942 2453 1060 2474 versus
1074 2453 1190 2475 omnes
1203 2450 1303 2475 erant
1315 2444 1458 2475 Iambici
1473 2444 1609 2485 Hyper·

906 2494 1089 2532 catalecti3
1112 2494 1223 2534 qualis
1251 2494 1337 2525 iste:
1365 2495 1376 2511 ‘
1392 2494 1523 2525 Malum
1550 2494 1609 2524 da-

908 2543 995 2574 bunt
1009 2543 1144 2574 Metelli
1160 2543 1282 2575 Naevio
1298 2542 1436 2584 poiitae!

951 2595 1014 2623 159
1037 2592 1146 2623 Grave
1158 2593 1247 2624 virus
1261 2593 1435 2623 Munditioe
1451 2591 1611 2634 pepulere]

906 2642 1078 2673 Venustas
1099 2641 1303 2674 Graecornm
1325 2641 1460 2682 expulit
1475 2642 1608 2674 rustici-

907 2696 1014 2722 tatem
1037 2695 1075 2722 et
1099 2690 1400 2723 inconcinnitatem
1417 2701 1437 2722 a
1452 2700 1607 2724 sermone

906 2745 943 2772 et
956 2740 1094 2781 scriptis
1105 2741 1342 2772 Romanorum.
1391 2741 1497 2782 Virus]
1513 2741 1607 2773 Doc-

907 2795 960 2822 tas
988 2799 1089 2822 aures
1116 2791 1212 2822 velut
1239 2800 1386 2823 enecans
1410 2801 1420 2830 ;
1461 2791 1607 2824 barbara

908 2841 1042 2874 scilicet
1057 2843 1183 2883 oratio,
1201 2845 1306 2884 atque
1328 2841 1340 2860 ⁴
1352 2842 1607 2876 reconditorum
