1930 3204
419 265 530 306 1606

421 365 513 398 Meua
525 369 571 397 eet
585 374 680 403 amor,
691 366 743 402 ⁸5⁶·
787 363 933 395 Omnino
948 363 1035 395 enim
1051 372 1105 395 ve-

418 414 557 445 risimile
582 418 634 445 est
659 414 759 452 vulgo
789 413 856 443 tale
885 412 1010 453 aliquid
1038 412 1104 443 dici

419 464 554 501 solere?
583 469 618 493 et
640 467 648 480 ‘
670 462 808 494 canere’
836 467 893 494 aut
921 463 930 479 ‘
947 462 1104 494 cantare’

419 521 485 545 non
501 521 632 552 semper
654 511 697 542 de
720 511 887 543 modulata
903 512 1015 551 aliqua
1030 521 1105 543 can-

421 560 547 591 tatione
578 560 713 599 dicitur,
738 560 797 590 sed
820 560 1017 599 simpliciter
1044 569 1105 600 pro

421 608 591 638 celebrare
606 608 720 643 etiam,
732 613 790 638 aut
803 607 972 639 inculcare
981 608 1104 647 aliquid

419 658 544 696 saepius
569 656 773 696 repetend03
797 661 834 687 ut
861 666 936 687 cum
961 657 1010 687 ait
1030 657 1105 687 Vir·

417 705 540 744 gilius:
557 706 566 720 ‘
580 705 681 741 Ibant
697 706 816 746 aequali
833 715 968 736 numero
980 715 1106 744 regem—

422 764 486 793 que
502 754 689 785 canebunt.'
732 755 775 785 Et
793 755 991 785 Terentius:
1013 755 1023 772 ‘
1039 755 1106 787 Qui

419 803 536 834 harum
551 812 661 834 mores
675 803 835 835 cantabat
850 803 952 836 mihi)
967 805 1106 836 Tor-rent.

421 851 567 891 Leporem
591 856 715 883 venator
739 856 774 883 ut
796 852 875 891 alta]
900 853 984 884 Haec
1007 853 1107 883 verba

420 905 499 931 sunt
514 902 691 932 sectatoris
705 907 940 932 matronarum.
974 902 1107 933 Venator

420 950 456 979 itt
471 949 551 988 aaa]
571 950 739 989 Crnquius
756 949 804 980 sic
821 950 978 988 exponit:
995 950 1108 980 Vena-

423 1000 476 1026 tor
492 1003 528 1027 ut
544 997 628 1027 nolit
642 1002 781 1036 tangere
797 998 1014 1037 leporem‚sic
1030 999 1107 1028 δεικ-

420 1046 524 1083 τικῶς,
536 1045 755 1081 ostendendo,
766 1045 880 1086 (puta,
894 1050 1037 1086 togatam
1050 1047 1108 1077 do-

422 1093 467 1123 mi
483 1094 532 1124 sui
549 1095 733 1132 expositam
748 1094 878 1124 cunctis
891 1094 1109 1134 amatoribus)

423 1142 564 1180 positum
583 1145 616 1172 in
633 1142 736 1172 cubili
752 1151 822 1177 suo,
846 1142 906 1172 sed
922 1148 1049 1182 cantat,
1074 1144 1107 1174 id

422 1194 488 1228 est,
503 1197 604 1221 cautu
625 1191 772 1221 buccinae
797 1191 878 1229 ciet,
901 1196 936 1222 ut
959 1196 1109 1222 sectetur

422 1248 482 1279 per
499 1239 583 1270 altas
599 1240 691 1270 nives
711 1238 908 1280 fugientem,
923 1246 956 1271 et
971 1242 1111 1280 apponit

421 1289 485 1319 sibi
500 1294 648 1329 captum,
663 1288 1021 1330 fruiturquejucunde,
1043 1300 1109 1322 me-

421 1346 459 1367 us
475 1342 528 1368 est
544 1347 636 1369 amor
659 1338 735 1369 huic
759 1338 884 1377 similis,
907 1341 970 1369 &c.
1014 1338 1110 1379 Lepo-

421 1395 486 1416 rem
513 1390 639 1417 venator
663 1387 696 1418 in
721 1387 800 1426 ulla]
829 1387 885 1418 Sic
910 1388 1024 1418 Lamb.
1049 1389 1108 1419 sed

421 1435 625 1475 legendum:
659 1436 807 1476 Leporem
830 1441 956 1467 venator
983 1441 1018 1468 ut
1044 1439 1108 1468 alta

422 1483 463 1514 In
478 1484 547 1516 nive
560 1487 696 1515 secratur
711 1485 844 1524 positum
858 1486 902 1515 sic
916 1489 1041 1523 tangere
1054 1496 1109 1517 no-

422 1532 461 1567 tit
471 1544 484 1570 ,·
510 1535 638 1573 Cantat,
651 1537 682 1565 et
694 1535 837 1574 apponit:
861 1545 944 1566 meus
963 1539 1009 1566 est
1023 1545 1109 1566 umor

422 1582 493 1613 huie
515 1582 644 1612 similis:
667 1592 737 1613 nam
755 1583 935 1614 Trana-alat
958 1585 991 1615 ιή
1012 1586 1109 1616 medio

420 1631 533 1671 posita,
548 1635 579 1662 et
590 1631 751 1669 fugientia
764 1636 879 1671 captat.
921 1633 1045 1664 Sensus
1057 1638 1110 1664 est

423 1679 519 1709 talis:
544 1679 576 1708 Si
601 1688 676 1708 cum
693 1684 841 1710 amatore
856 1681 966 1720 aliquo
979 1690 1021 1711 ex
1038 1682 1110 1712 istis

423 1737 503 1767 agas
517 1727 570 1768 qui
585 1733 752 1758 matronas
763 1728 962 1768 depereunt,
974 1734 1008 1760 et
1020 1741 1110 1771 quae·

423 1785 488 1815 rus,
504 1782 614 1807 utrum
631 1777 756 1816 imponi
773 1778 836 1808 sibi
854 1779 947 1817 velit,
966 1783 1002 1809 et
1025 1779 1112 1810 redi-

423 1834 516 1856 mere
531 1834 605 1856 eam
621 1835 776 1864 mercem,
793 1836 891 1867 quam
908 1837 950 1858 ne
966 1837 1110 1867 unquam

423 1874 558 1915 quidem
576 1875 719 1913 viderit3
741 1875 812 1905 illos
829 1876 1022 1907 Callimachi
1040 1886 1111 1907 ver-

423 1932 479 1954 sus
503 1923 674 1954 cantabit:
699 1925 708 1940 ‘
724 1924 876 1955 Venator
899 1925 1111 1965 quemadmo-

422 1973 502 2003 dum
513 1972 837 2013 leporem,sifugiat‚
846 1983 906 2013 per
916 1975 1005 2014 ipsas
1017 1976 1110 2006 nives

425 2022 548 2052 sectari
577 2021 723 2060 gaudeat
737 2031 747 2059 3
780 2022 829 2052 ita
857 2024 1002 2063 positum
1032 2029 1111 2054 ante

424 2079 460 2099 se
484 2069 517 2100 in
542 2069 733 2106 venatione,
750 2074 785 2100 et
809 2070 851 2100 ab
873 2072 939 2101 alio
962 2076 1110 2110 captum,

424 2118 510 2148 nolit
525 2117 688 2157 tangere!
721 2118 853 2148 Deinde
869 2118 973 2154 addit,
989 2119 1108 2158 inquit,

425 2165 587 2196 Flaccus:
611 2167 620 2183 ‘
639 2165 715 2196 talis
731 2174 825 2195 amor
839 2174 932 2196 meus
948 2171 1017 2197 est:
1034 2176 1107 2206 quae

425 2218 545 2253 parata
560 2213 647 2244 enim
671 2217 705 2243 et
727 2213 760 2243 in
784 2213 893 2244 medio
909 2219 983 2244 sum
1001 2214 1110 2254 posita

424 2262 590 2302 praeterit,
622 2260 790 2301 fugientia
827 2266 938 2292 auten·
967 2267 1002 2292 et
1031 2271 1109 2294 con·

419 2312 540 2351 juncta
564 2320 640 2341 cum
663 2310 816 2340 molestia
842 2310 982 2349 captat!
1025 2311 1111 2342 Sunt

424 2365 536 2392 autem
562 2365 597 2390 et
621 2360 678 2390 illa
702 2359 908 2390 Callimachi.
951 2359 1034 2392 Quae
1059 2369 1109 2391 se·

425 2414 586 2451 quuntur,
601 2413 680 2440 sunt
692 2408 824 2439 Horatii
838 2419 846 2439 ι
869 2409 1002 2440 Hiseine
1015 2410 1111 2441 veni—

424 2459 503 2490 culis
514 2468 618 2498 speras
632 2458 702 2496 tihi,
714 2459 767 2498 851:-
792 2457 961 2489 Heinsius.

469 2511 531 2538 106
547 2507 586 2538 In
599 2509 668 2538 nive
681 2510 826 2546 sectatur,
839 2507 973 2547 positum
985 2508 1029 2538 sic
1043 2511 1111 2539 tem-

422 2566 497 2596 gere
509 2557 599 2597 nolit,
612 2556 682 2596 ⁸50]
706 2556 792 2587 Vide
806 2557 951 2588 Turneb.
968 2557 1111 2588 Advers.

427 2615 479 2637 xx.
493 2608 547 2637 23.
591 2606 634 2636 Et
649 2608 793 2640 sectetur,
816 2614 880 2635 uon
895 2608 1042 2644 sectatur,
1065 2605 1110 2635 le-

426 2655 582 2694 gendum.
619 2652 776 2692 Positum]
791 2652 845 2684 Ad
862 2663 960 2694 quem
977 2662 1111 2693 percoc-

427 2708 496 2733 tum
513 2703 629 2742 probe,
645 2707 747 2743 atque
763 2702 853 2733 ultro
869 2702 933 2733 sibi
948 2702 982 2733 in
999 2711 1112 2733 mensa

429 2756 463 2782 et
489 2751 635 2782 lancibus
650 2753 840 2792 appositum
857 2761 1014 2793 peraeque
1030 2761 1111 2782 nau·

874 272 1012 302 No'rAE
1045 272 1304 303 VARIORUM
1339 273 1396 302 ΙΝ

1153 367 1262 403 seent,
1284 373 1323 394 ac
1345 362 1529 403 fastidiant,
1543 371 1642 404 quum
1657 363 1684 394 ui
1702 364 1780 404 piet
1798 366 1833 398 in

1153 421 1256 442 cavea
1284 415 1415 442 mortua
1447 410 1500 452 (ut
1526 411 1616 452 apud
1645 411 1834 446 Martinu-

1154 459 1222 501 est)
1250 461 1283 491 in
1314 460 1424 491 cibum
1453 459 1517 490 sibi
1546 460 1700 492 exhibita
1733 460 1834 494 feret.

1155 508 1210 539 Ita
1224 509 1310 539 enim
1335 508 1372 538 τὸ
1392 509 1523 548 positum
1538 509 1751 549 interpretari
1766 516 1836 542 ma·

1154 557 1198 596 lo,
1225 567 1321 598 quam
1345 557 1376 587 in
1399 557 1550 596 latibulo,
1573 562 1630 589 ant
1652 558 1753 590 cubili
1777 568 1837 590 suo

1155 605 1415 637 delitescentem.
1445 605 1567 637 Doum-
1624 605 1766 638 Pon-‘m
1791 606 1840 638 sic

1153 657 1279 693 tangere
1291 653 1385 693 nolit]
1401 655 1562 694 Leporem
1575 653 1624 686 sie
1635 655 1839 695 appositum,

1155 703 1187 733 id
1203 709 1265 738 est,
1281 704 1352 734 sine
1367 703 1482 735 labore
1498 703 1686 735 venationis
1699 703 1763 735 sibi
1778 713 1837 744 ap-

1155 751 1312 791 positum.

1197 803 1256 831 107
1283 802 1324 831 Et
1338 801 1463 840 apponit
1474 811 1484 831 .-
1502 809 1584 832 meus
1595 804 1641 832 est
1655 810 1740 832 amor
1753 800 1839 841 huic]

1154 849 1200 881 Et
1221 850 1370 889 leporem
1394 850 1442 880 sic
1469 856 1605 891 captum
1627 849 1690 883 sibi
1714 849 1841 890 apponi

1148 900 1260 939 jubet.
1610 931 1614 937 ,

1199 950 1260 977 108
1284 947 1463 978 Transvolat
1483 949 1517 978 in
1536 949 1632 980 medio
1654 949 1770 990 penita]
1795 948 1841 980 Α·

1156 1005 1229 1026 mor
1257 1005 1349 1027 meus
1373 995 1504 1028 fastidit
1527 998 1735 1036 meretrices,
1759 1007 1841 1038 quas

1156 1043 1254 1074 facile
1280 1049 1333 1075 est
1358 1043 1491 1076 habere.
1535 1045 1578 1075 Et
1594 1045 1755 1084 fugientia
1771 1055 1841 1085 eup-

1155 1091 1220 1130 ιαι]
1244 1092 1288 1122 Et
1310 1096 1478 1123 matronas
1495 1093 1594 1132 petit,
1609 1102 1692 1134 quas
1708 1092 1842 1124 difficile

1158 1145 1210 1172 est
1224 1141 1367 1181 assequi.

1204 1192 1263 1221 109
1298 1189 1442 1230 Hiecine]
1480 1189 1611 1230 Optimi
1637 1189 1704 1222 duo
1741 1190 1842 1222 codd.

1158 1238 1299 1270 Hiscine.
1330 1239 1524 1278 Interrogat
1536 1243 1647 1270 alitem
1660 1243 1842 1270 amatorem

1160 1286 1281 1326 Poeta,
1297 1296 1338 1318 an
1354 1291 1422 1317 tam
1437 1287 1596 1328 iusipiens
1611 1287 1667 1323 sit,
1680 1291 1718 1319 ut
1732 1288 1842 1320 istius-

1159 1335 1248 1367 modi
1265 1336 1306 1366 de
1320 1336 1486 1367 venatoris
1505 1336 1754 1376 comparatione
1770 1345 1844 1367 ver-

1159 1386 1269 1416 siculis
1285 1389 1397 1424 speret
1419 1385 1566 1416 morbum
1589 1385 1697 1416 curari
1722 1385 1844 1426 posse?

1160 1433 1272 1474 Atque
1293 1434 1355 1465 hoc
1375 1434 1467 1465 nullo
1483 1434 1579 1465 modo
1594 1433 1743 1465 futurum
1759 1433 1846 1464 indi-

1157 1492 1249 1522 cans,
1265 1483 1436 1514 meliorem
1452 1482 1650 1514 medicinam
1666 1481 1808 1522 prabet,
1824 1491 1844 1511 a

1157 1537 1287 1563 naturae
1315 1533 1541 1563 moderatione
1571 1530 1734 1572 petitam:
1768 1539 1842 1571 quae

1158 1590 1232 1611 cum
1249 1581 1451 1621 cupiditates
1469 1579 1566 1610 nobis
1586 1580 1762 1619 ingeneret
1783 1579 1843 1610 mi-

1158 1631 1246 1660 nime
1286 1630 1559 1661 indeterminatas
1588 1634 1647 1660 aut
1684 1628 1844 1668 infinitus,

1160 1678 1301 1717 idipsum
1332 1683 1500 1718 tamquam
1529 1678 1670 1708 solidum
1695 1682 1843 1709 coutem-

1162 1727 1247 1766 plari
1271 1726 1315 1756 sit
1339 1726 1457 1764 satius,
1471 1735 1569 1766 quam
1590 1725 1706 1756 inanes
1720 1725 1845 1765 aliquus

1161 1775 1308 1806 rationes
1321 1774 1612 1816 persequi,quibu⁸
1623 1774 1713 1806 vitiis
1723 1774 1846 1804 uostris

1162 1825 1402 1864 indulgeamus.
1447 1823 1574 1855 Notum
1601 1822 1696 1861 illud,
1719 1822 1846 1853 Natum

1157 1873 1263 1912 paucis
1276 1875 1429 1904 contenta.
1445 1873 1602 1903 Tol-rent.
1630 1870 1764 1902 Hacine
1777 1879 1846 1901 ver·

1161 1922 1266 1953 siculis
1285 1921 1406 1961 sperae]
1427 1921 1589 1952 Horatius
1605 1921 1760 1960 loquitur.

1205 1973 1265 2001 110
1286 1971 1409 2010 AEstus,
1431 1970 1594 2010 curasque]
1619 1968 1757 2000 Amores
1778 1977 1847 2000 ma·

1160 2021 1344 2049 tronarum.

1192 2069 1261 2098 v111
1290 2066 1402 2106 Quem]
1423 2067 1532 2100 Quem
1547 2065 1680 2097 modum
1695 2074 1846 2107 quaerere

1160 2116 1236 2155 plus
1253 2115 1400 2154 prodest.

1203 2165 1263 2194 113
1287 2163 1367 2193 Plus
1387 2163 1525 2202 prodest]
1548 2163 1655 2195 Quam
1679 2163 1846 2202 cupidita-

1162 2216 1212 2243 tes
1227 2211 1351 2243 habere
1367 2221 1431 2242 non
1447 2212 1662 2242 necessarias.
1697 2211 1743 2242 Et
1755 2211 1847 2243 inane

1159 2261 1351 2300 abscindere]
1382 2260 1574 2300 Allegorice
1607 2265 1707 2292 vocat
1742 2260 1846 2300 inavae,

1161 2318 1228 2349 quo
1249 2308 1350 2339 facile
1373 2318 1489 2339 carere
1517 2308 1639 2339 liceat:
1666 2313 1703 2340 et
1717 2309 1845 2340 solidum

1161 2358 1248 2399 quod
1264 2366 1395 2398 semper
1417 2357 1642 2388 necessarium
1662 2362 1726 2388 ent.
1747 2359 1847 2389 Aure·

1161 2407 1231 2438 linw-
1276 2407 1319 2438 Et
1345 2407 1434 2438 inane
1455 2405 1645 2446 abscindere]
1669 2406 1714 2437 Et
1733 2415 1848 2446 super-

1162 2465 1321 2487 vacaneas
1359 2455 1563 2496 cupiditates
1595 2466 1616 2487 a
1651 2456 1848 2486 necessariis

1163 2513 1327 2535 resecare.
1370 2503 1540 2544 [vallicel.
1565 2505 1598 2535 Β.
1617 2503 1791 2540 abncidem
1811 2507 1850 2535 et

1162 2554 1210 2584 sic
1226 2553 1291 2585 duo
1308 2553 1363 2584 alii
1379 2552 1480 2584 codd.
1505 2562 1560 2591 ap.
1586 2551 1698 2584 Pulm.
1713 2561 1848 2593 recepe·

1163 2609 1241 2636 runt
1257 2605 1333 2640 Fen,
1356 2603 1476 2643 Bothe,
1495 2608 1532 2634 et
1544 2602 1664 2635 Jaeck.
1677 2603 1848 2635 obteindere

1161 2653 1360 2694 Bamberg]

1205 2706 1266 2734 114
1290 2703 1386 2738 Num,
1401 2701 1461 2733 tibi
1473 2710 1540 2732 eum
1552 2699 1679 2740 fauces]
1699 2700 1847 2732 Demon-

1162 2755 1248 2783 strat
1272 2755 1471 2791 argumento
1491 2749 1679 2785 inductivo.
1699 2749 1845 2780 uecessi-
