1930 3204
382 274 493 327 1512

423 377 479 416 [44
507 375 592 408 Votis
605 377 687 407 orati
701 376 799 409 codd.
817 386 871 418 ap.
884 378 1020 417 Jaeck]

384 425 468 458 One
485 433 551 456 vn.
586 425 794 465 Παραινετικὴ.
837 426 893 458 An
909 428 946 458 L.
960 428 1061 458 MAN-

423 482 515 505 ιιυΜ
528 473 765 508 Tonounum.
795 476 892 506 Veris
904 475 1062 512 adventu,

423 526 460 553 et
475 532 570 563 aequa
590 523 741 554 omnibus
767 523 925 554 moriendi
947 523 1062 554 condi-

424 570 526 606 tione,
551 571 621 601 sine
649 580 709 610 spe
739 571 972 607 reviviscendi,
994 581 1062 602 om-

423 618 578 658 niumque
596 627 704 649 rerum
720 619 902 650 mutatione
918 623 953 650 et
968 619 1062 649 vicis·

423 665 569 696 situdine
585 666 767 706 proposita,
791 667 912 698 invitat
926 667 968 698 ad
983 668 1062 698 hila-

424 714 507 744 riter
523 714 737 755 jucundeque
752 716 938 747 vivendum.

424 762 515 792 Libri
530 767 660 793 veteres
676 763 731 794 alii
746 765 889 795 Mallium
903 765 957 795 alii
969 765 1063 795 Man-

382 811 457 842 lium
474 811 658 851 Torquatum
671 819 792 843 vocant
808 822 896 850 eum,
919 813 971 843 cui
992 821 1063 842 car-

382 868 458 890 men
469 860 558 891 istud
571 861 704 899 scripsit
718 860 888 892 Horatius.
900 860 1063 900 Cruquius

381 907 478 948 hujus
506 908 623 938 Manlii
651 909 826 939 consulatu
854 914 966 939 natum
991 916 1064 939 esse

382 956 558 987 Horatium
574 957 696 995 credit,
718 957 774 996 qui
799 956 991 988 manifestus
1012 966 1064 987 er-

382 1014 439 1035 ror
462 1009 524 1035 est.
554 1004 692 1035 Torrent-
745 1005 956 1045 [Bamberg..
971 1005 1065 1036 Verm'

381 1053 523 1092 temporie
534 1053 710 1092 descriptio,
722 1056 752 1083 et
765 1055 801 1083 de
815 1054 1003 1084 mortalitate
1016 1063 1063 1084 re-

372 1100 442 1139 fert
460 1100 566 1140 euim]

425 1154 441 1182 1
465 1149 631 1190 Diffugere
656 1149 753 1190 nives]
789 1150 888 1180 Veris
918 1150 1064 1182 adventu

380 1199 497 1240 hyems
524 1199 557 1230 in
583 1198 695 1239 fugam
720 1199 872 1230 vertitur.
925 1200 1066 1231 Redeunt

372 1248 440 1286 jam
450 1248 593 1287 gramina
603 1247 731 1288 campis]
754 1248 874 1287 Virgil.
886 1248 896 1266 ‘
907 1249 1015 1279 Viridi
1030 1258 1067 1280 se

382 1297 530 1336 gramine
559 1297 661 1327 vestit
688 1297 826 1328 Tenus:
881 1298 926 1328 Et
962 1298 1068 1330 Mart.

381 1349 390 1362 ¹
404 1346 557 1376 Vestitur
573 1346 701 1386 humus,
722 1345 864 1376 vestitur
888 1351 923 1376 et
946 1345 1065 1376 arbor!

384 1394 552 1434 Gramina]
576 1394 712 1425 Herbae.

422 1445 442 1474 2
467 1443 583 1482 Comoe]
611 1443 771 1474 Frondes.

423 1494 443 1522 3
459 1491 565 1522 Mutat
581 1494 665 1522 terra
678 1491 771 1531 vices]
788 1491 876 1522 Ante
890 1493 1001 1523 clausa
1014 1496 1064 1523 at—

381 1549 448 1580 que
471 1540 571 1579 iners,
596 1549 683 1571 nuuc
707 1545 824 1580 aperta
845 1545 881 1571 et
903 1541 1063 1571 exercita.

382 1590 427 1620 Et
439 1589 640 1620 decrescentia
653 1589 736 1629 ripas
751 1590 910 1630 Flumina]
939 1590 1064 1621 Salma-

381 1638 448 1668 sius
473 1639 649 1677 legendum
665 1644 790 1678 censet,
810 1639 1007 1669 recrescentia
1021 1639 1065 1669 ri-

378 1694 444 1724 pas,
455 1687 508 1725 ἆγε.
550 1686 641 1716 Dicit
655 1687 756 1721 enim,
779 1695 870 1724 vere,
887 1687 1002 1717 solutis
1017 1687 1065 1717 ni-

383 1733 490 1772 vibus,
506 1738 700 1765 recrescunt
716 1743 754 1765 ac
769 1734 938 1766 abundant
958 1733 1064 1766 flumi-

381 1791 436 1822 na,
453 1782 607 1822 ripasque
622 1791 697 1813 suas
713 1781 940 1822 superfluunt:
963 1792 1067 1823 nugas

383 1834 499 1870 agunt,
526 1831 581 1870 qni
608 1831 814 1861 decrescentia
847 1831 982 1870 vulgata
1011 1840 1068 1862 no-

384 1879 476 1909 tione
493 1878 538 1910 ibi
550 1879 738 1919 accipiunt:
753 1889 828 1909 nam
840 1880 850 1896 ‘
859 1879 1066 1911 decrescere’

382 1927 435 1957 hic
446 1927 471 1957 si
476 1926 612 1967 gnificat
627 1927 723 1958 valde
734 1937 900 1964 crescere,
913 1929 1067 1968 ripasque

383 1976 635 2008 transcendere.
673 1977 780 2006 Mutat
796 1977 897 2016 terra]
912 1978 1067 2008 Mutatur

383 2024 459 2054 anni
475 2028 620 2064 tempus.
663 2024 786 2063 [Codd.
802 2035 856 2064 ap.
873 2025 993 2064 Jaeck,
1013 2035 1067 2056 ru·

380 2071 431 2111 pis
446 2081 506 2111 pro
522 2073 606 2110 ripas
619 2073 634 2112 ]

423 2121 443 2149 4
468 2119 612 2150 Flumina
626 2122 830 2161 praetereunt]
857 2122 1007 2151 Flumina
1021 2122 1066 2151 in·

383 2171 437 2198 tra
452 2177 528 2198 suas
542 2167 631 2206 ripas
644 2167 763 2207 fluunt,
774 2178 878 2208 neque
894 2179 949 2199 eas
966 2175 1068 2200 trans-

386 2217 496 2254 iliunt,
518 2221 556 2247 ut
570 2217 708 2247 hiberno
723 2221 886 2257 tempore.

424 2269 443 2296 5
469 2266 583 2296 Gratia
597 2274 664 2296 cum
679 2266 845 2306 Nymphis]
879 2267 1008 2298 Gratiae
1031 2271 1067 2298 et

384 2315 552 2356 Nymphae
566 2314 655 2345 veris
672 2315 863 2346 amoenitate
887 2316 929 2346 all
952 2315 1065 2346 ludum

384 2368 622 2404 provocantur.
663 2363 749 2393 Sunt
770 2364 898 2395 Gratia».
925 2369 1005 2404 tres,
1020 2364 1067 2395 A-

384 2414 484 2453 glaia,
507 2412 638 2451 'rhalia‚
662 2412 890 2454 Euphrosyne.
934 2414 1020 2446 Vide
1041 2423 1065 2445 1.

383 2461 452 2493 Od.
479 2465 531 2493 30.
573 2461 675 2492 Audet
690 2461 808 2492 Ducere
831 2464 929 2503 nuda]
963 2463 1018 2494 Sic
1040 2472 1064 2494 ι.

385 2511 453 2542 Od.
467 2514 498 2542 4.
521 2510 530 2527 ‘
541 2509 742 2549 Junctaeqne
758 2510 921 2550 Nymphis
937 2511 1066 2542 Grauae

383 2559 569 2599 decentes‚'
593 2561 654 2590 διε.
697 2558 846 2589 Verbum
867 2560 954 2591 enim
975 2561 1065 2592 audet

383 2609 445 2639 hoc
462 2609 534 2640 loco
549 2609 725 2647 eleganter
750 2608 906 2647 positum,
927 2609 997 2640 sive
1021 2609 1064 2640 oh

385 2655 516 2693 frigoris
534 2656 770 2695 remissionem,
786 2656 855 2687 sive
872 2657 960 2698 qnod
975 2657 1064 2688 nuda

384 2703 438 2734 sit.
463 2704 602 2734 Torreat.

428 2753 448 2781 6
470 2751 589 2782 Ducere
610 2751 706 2791 nuda]
729 2752 858 2784 Gratiae
883 2754 1066 2795 pinguntur

835 286 974 317 NOTA-3
1007 272 1265 316 vAmole
1298 286 1346 316 ιΝ

1113 376 1224 414 nudae,
1247 377 1324 416 quia
1350 375 1516 408 beneficia
1539 376 1628 407 omni
1655 376 1736 408 fuco·
1755 382 1794 410 et

1113 424 1275 455 velamine
1291 434 1406 455 carere
1421 425 1558 456 debent.
1601 425 1725 456 Manus
1745 427 1795 467 ip·

1112 481 1221 504 sarum
1237 473 1326 510 inter
1349 483 1384 504 se
1407 482 1568 504 connexae
1583 477 1796 514 notantpoe-

1114 527 1251 561 potuum
1267 522 1422 553 amicitiae
1447 521 1568 561 foedus,
1589 521 1795 562 gratiamque

1113 580 1133 600 a
1154 571 1262 610 gratia
1285 570 1428 610 disjungi
1454 580 1520 601 non
1545 579 1655 610 posse.
1697 571 1796 602 Stant

1113 618 1210 649 hilari
1227 619 1331 658 vultu,
1356 624 1391 650 ut
1416 619 1796 659 intelligamus,>par⁸ta

1114 671 1151 698 et
1173 673 1330 708 prompta
1354 667 1477 699 debere
1493 677 1567 698 esse
1581 671 1697 698 nostra
1711 667 1746 698 in
1761 677 1797 698 ι-

1113 716 1217 747 micos
1241 716 1418 757 obsequia:
1442 717 1625 756 pinguntur
1641 717 1798 756 juvenes,

1115 764 1201 804 quod
1219 766 1351 806 accepti
1367 765 1474 805 gratia
1489 764 1644 796 beneficii
1659 774 1724 796 non
1740 764 1798 795 de-

1115 813 1194 844 beat
1209 822 1459 845 consenescere.
1495 813 1798 852 Circumjacinntur

1114 863 1277 893 velamine
1317 861 1494 902 pellucido,
1528 861 1796 902 qundoquidem

1115 919 1192 940 vera
1207 910 1355 940 amicitia
1374 911 1406 941 in
1432 910 1532 940 rebus
1555 910 1703 941 honestis
1719 919 1797 941 cou-

1114 957 1231 987 sistere
1268 957 1382 988 debet.
1440 958 1563 988 Earum
1593 962 1702 989 autem
1731 967 1799 990 una

1116 1015 1234 1036 aversa
1248 1006 1407 1045 pingitur,
1419 1005 1492 1036 dnoe
1505 1014 1586 1036 vero
1598 1005 1640 1036 ad
1650 1015 1710 1036 nos
1721 1016 1799 1038 eon-

1115 1064 1233 1094 versae,
1260 1055 1338 1095 quia
1365 1054 1407 1085 ab
1437 1054 1627 1094 accipiente
1656 1055 1798 1095 gratiam

1115 1103 1282 1143 duplicem
1298 1104 1421 1135 reverti
1442 1104 1552 1136 decet.
1567 1104 1674 1143 ‘0⁶¹9-
1719 1104 1800 1135 cuo-

1114 1151 1179 1192 roe]
1196 1153 1264 1183 Cur
1279 1153 1396 1191 gratiae
1413 1151 1582 1192 fingantur
1596 1151 1707 1191 nudae,
1722 1151 1799 1183 vide

1115 1209 1171 1231 ιιι.
1191 1200 1258 1232 od.
1283 1203 1333 1232 19.
1377 1201 1444 1232 Sed
1470 1201 1523 1231 hic
1541 1199 1684 1231 fortasse
1699 1200 1799 1231 nudae

1115 1249 1285 1281 ducebant
1309 1250 1426 1281 choros
1449 1253 1588 1290 propter
1603 1250 1690 1280 veris
1711 1250 1799 1281 calo-

1114 1309 1205 1330 rem:
1229 1309 1304 1331 nam
1320 1299 1447 1340 frigora
1462 1299 1645 1331 mitescunt
1667 1299 1800 1339 Zephy-

1117 1358 1174 1379 ris.

1154 1399 1173 1427 7
1188 1396 1378 1426 Immortalia
1391 1405 1428 1427 ne
1439 1395 1555 1436 speres]
1570 1394 1700 1434 Annus,
1709 1395 1796 1435 ojus-

1112 1454 1176 1485 que
1193 1445 1371 1475 varietates
1387 1444 1512 1475 docent
1523 1453 1595 1480 nos,
1607 1453 1647 1474 ne
1663 1443 1798 1474 immor·

1113 1493 1192 1523 talia
1208 1501 1400 1532 speremus:
1417 1501 1492 1523 nam
1508 1501 1582 1523 cum
1599 1497 1730 1532 tempus
1746 1493 1796 1533 ip-

1112 1550 1183 1571 sum
1213 1549 1343 1580 semper
1370 1540 1413 1571 sit
1443 1541 1477 1572 in
1502 1539 1607 1580 fluxu,
1630 1541 1709 1571 nihil
1735 1541 1797 1572 snb

1110 1594 1260 1629 ternpore
1277 1594 1389 1629 potest
1405 1593 1568 1629 perpetuo
1582 1590 1717 1621 durare.
1751 1591 1796 1622 Et

1111 1640 1222 1670 alneum
1234 1639 1331 1678 diem]
1365 1639 1476 1669 vocat
1489 1639 1614 1677 almum,
1628 1638 1716 1679 quod
1735 1639 1798 1678 sol,

1113 1688 1170 1728 qui
1196 1687 1262 1718 diei
1284 1691 1421 1727 preest,
1452 1687 1561 1717 omnia
1582 1687 1650 1718 alat
1670 1696 1709 1718 ac
1737 1695 1798 1717 nu·
1832 1715 1835 1718 ,

1115 1737 1206 1767 triat.
1250 1736 1324 1766 Duo
1349 1735 1568 1774 exemplaria,
1597 1739 1634 1766 et
1662 1735 1796 1775 quidem

1114 1783 1180 1815 fide
1201 1784 1311 1824 digna,
1328 1783 1428 1814 album
1442 1782 1582 1822 habent,
1596 1792 1658 1823 pro
1671 1783 1798 1815 dmum.

1114 1834 1268 1864 Torrent.

1157 1883 1178 1911 9
1198 1881 1369 1912 Miteseunt
1384 1879 1554 1921 Zephyris]
1586 1879 1727 1920 Frigora
1739 1880 1800 1912 mi.-

1116 1931 1266 1971 tigantur
1281 1940 1300 1961 a
1313 1939 1402 1969 vere,
1414 1930 1506 1970 cujus
1521 1929 1628 1960 nuntii
1644 1933 1722 1960 sunt
1737 1929 1800 1960 Ze-

1116 1979 1226 2018 phyri,
1238 1979 1326 2008 venti
1343 1978 1448 2017 tepidi
1464 1981 1499 2009 et
1513 1978 1605 2015 sicci,
1620 1977 1664 2008 ah
1675 1987 1798 2008 occasu

1115 2026 1351 2066 AEquinoctiali
1362 2025 1481 2056 flantes
1493 2025 1650 2056 adversus
1663 2026 1799 2055 Eurum.

1122 2073 1184 2104 Ver
1190 2075 1322 2112 proterit
1331 2071 1437 2110 aeatas]
1455 2073 1523 2103 Ver
1534 2073 1685 2112 sequitur
1698 2076 1797 2102 aestas

1116 2125 1152 2151 et
1167 2121 1342 2150 consumit.
1387 2119 1511 2159 [Codd.
1525 2129 1578 2158 ap.
1600 2119 1721 2158 Jaeck,
1744 2127 1799 2150 ver

1113 2169 1290 2208 protrahit;
1306 2168 1451 2207 Gnelph.
1463 2166 1631 2206 praeterit.]

1159 2219 1198 2246 10
1221 2217 1334 2255 Simul]
1358 2217 1483 2247 Postea
1494 2225 1603 2256 quani.

1158 2267 1198 2294 12
1221 2265 1340 2295 Bruma
1352 2263 1499 2303 recurrit]
1514 2264 1638 2294 Bruma
1652 2262 1733 2294 facit
1749 2263 1798 2303 pi-

1115 2321 1191 2352 gros
1214 2318 1248 2343 et
1274 2313 1409 2342 inertes.
1460 2310 1583 2350 [Codd.
1610 2319 1664 2351 ap.
1688 2311 1795 2343 Jaeck

1117 2362 1243 2399 Pramo,
1261 2362 1311 2391 vel
1329 2361 1452 2391 Pruina
1464 2358 1623 2399 recurrit]

1158 2412 1198 2440 13
1221 2409 1344 2440 Damna
1367 2406 1482 2446 tamen]
1511 2407 1616 2439 Quasi
1643 2406 1794 2438 diceret:

1114 2458 1284 2497 Tempora
1310 2457 1443 2488 assiduo
1473 2457 1567 2496 lapsu
1595 2453 1717 2493 fluunt,
1746 2463 1798 2486 re-

1115 2507 1219 2538 deunt
1239 2512 1348 2538 tamen
1358 2517 1367 2544 ς
1389 2506 1449 2537 sed
1466 2514 1525 2536 nos
1539 2505 1643 2536 semel
1657 2503 1797 2535 extincti

1114 2564 1280 2596 nunquam
1304 2554 1519 2585 renascimur.
1564 2554 1683 2584 Celeres
1709 2561 1798 2592 repa-

1113 2603 1276 2643 rant‚85c.]
1301 2604 1423 2634 Celeres
1444 2602 1592 2642 appellat
1605 2602 1716 2632 Lunae
1727 2613 1738 2640 ;
1759 2604 1798 2631 ut

1114 2655 1123 2670 ‘
1137 2653 1288 2684 Celerem
1301 2661 1422 2692 pronos
1435 2651 1568 2682 volvere
1579 2659 1707 2681 menses
1715 2648 1797 2680 Din-

1114 2701 1208 2733 nam’
1233 2701 1319 2731 dixit
1344 2700 1419 2731 oda
1446 2698 1672 2739 praecedente.
1702 2696 1794 2728 -Jnm

1116 2760 1193 2782 vero
1209 2751 1285 2791 qnia
1299 2754 1483 2790 temporum
1499 2747 1588 2787 fugae
1605 2746 1702 2777 vitam
1723 2752 1797 2774 nos·
