1930 3204
371 296 480 338 1614

370 399 426 440 qui
440 397 538 430 codd.
547 397 639 435 Feae,
647 404 783 426 sermone
792 395 971 436 modesta]

409 450 452 479 66
473 446 576 485 Eheu]
598 443 808 476 Exclamatio
829 444 1026 483 pathetica’
1018 453 1051 474 in

369 497 531 528 malitiam
547 498 673 525 naturae
691 500 860 532 perversae
876 497 911 523 et
937 492 1053 532 insipia

369 547 466 583 entis,
482 554 567 586 quae,
581 543 660 574 dum
675 547 772 573 nocet
789 542 859 572 aliis
880 546 914 573 et
934 541 1052 581 injuri-

367 603 420 625 am
437 594 532 631 facit,
543 601 607 623 non
620 590 793 631 cognoscit
808 590 918 621 eidem
934 599 970 621 se
986 600 1054 621 ma-

370 646 403 674 lo
419 643 609 680 obnoxiam,
625 647 660 673 et
677 643 786 682 perire
801 651 836 672 se
850 642 940 681 prius
955 650 1052 681 opor-

369 697 456 730 tere,
472 701 572 732 quam
595 691 693 722 alium
714 690 870 730 perdere,
884 690 972 730 quod
988 699 1053 720 ma-

369 741 453 772 litiae
469 746 522 771 est
540 741 724 781 proprium.
748 741 844 779 Cruq.

410 793 452 820 67
482 789 640 829 Iniquum]
672 788 912 819 Gravissimum
946 787 1052 826 legem

366 837 461 869 nobis
477 838 687 877 imponimus.

409 886 451 917 68
475 886 560 917 Nam
581 885 682 926 titiis]
708 885 846 916 Relatus
876 894 894 915 a
916 883 1053 914 Stobaeo

373 935 520 966 senarius
536 934 732 965 Simonidis:
749 932 881 971 Πάμπαν
894 932 919 962 δ’
934 930 1055 969 ἄμωμος

366 983 462 1023 οὔτις,
481 983 544 1013 οὔτ’
563 981 693 1022 ἀκήριος.
730 981 770 1012 Id
789 986 858 1012 est:
884 982 955 1012 Non
976 980 1055 1011 ullus

366 1041 475 1071 expers
493 1030 643 1071 criminis,
665 1039 724 1060 non
747 1030 857 1060 mortis
885 1033 942 1061 est.
970 1029 1053 1060 Tor-

367 1085 455 1112 rent.

409 1131 453 1160 69
478 1128 630 1168 Urgetur]
653 1128 834 1160 Gravatur.

409 1181 452 1210 70
477 1179 555 1210 Cum
575 1187 642 1209 mea
663 1181 832 1217 compenset
853 1177 941 1208 vitiis
962 1177 1053 1217 bona]

367 1228 436 1260 Qui
459 1227 573 1258 amicis
598 1226 730 1257 dulcem
757 1236 796 1257 ac
814 1226 1002 1266 jucundum
1018 1235 1054 1257 se

367 1278 522 1318 praebere
538 1277 629 1316 velit,
652 1277 678 1308 is
702 1286 777 1308 cum
794 1276 881 1307 vitiis
897 1285 1054 1316 compen-

367 1331 420 1358 set
432 1327 538 1357 bona:
563 1335 636 1367 quae
652 1326 678 1356 si
696 1325 968 1366 praeponderent,
982 1326 1054 1365 ipse

368 1384 500 1415 quoque
515 1375 633 1405 eodem
650 1374 802 1412 inclinet,
822 1378 856 1404 et
881 1383 941 1414 par
956 1374 1053 1404 amici

367 1423 411 1454 de
437 1432 473 1453 se
489 1422 655 1462 judicium
680 1425 861 1461 expectet3
885 1425 934 1457 ut,
958 1422 1054 1452 dissi·

366 1472 502 1503 mulatis
518 1471 735 1511 nolentisque
758 1471 924 1511 utrimque
950 1470 1053 1509 vitiis,

367 1520 466 1552 ambo
493 1521 527 1551 in
556 1529 669 1551 amore
697 1518 887 1558 persistant.
911 1519 1052 1550 Torrent.

367 1569 482 1610 Hisce]
517 1569 619 1600 Hisce
646 1568 728 1598 meis
757 1567 950 1607 virtutibus,
978 1577 1052 1599 cum

368 1618 436 1649 sint
465 1618 555 1649 vitiis
584 1617 711 1656 plures,
738 1615 891 1654 inclinet,
923 1616 957 1647 id
989 1621 1054 1657 est,

366 1665 492 1696 faveat.
547 1664 652 1703 [Bad.
679 1664 819 1695 Ascens.
843 1665 893 1694 his
925 1667 956 1695 te
993 1674 1053 1705 pro

365 1713 458 1744 hisce.
462 1714 477 1754 ]

409 1765 450 1794 72
474 1762 514 1793 In
534 1761 669 1801 trutina]
689 1745 907 1792 ‘Trutinam'
930 1769 991 1801 pro
1017 1761 1055 1792 li-

366 1811 426 1842 bra
442 1811 564 1851 posuit,
581 1810 628 1841 uti
640 1815 676 1841 et
689 1810 847 1841 Persius:
871 1810 1056 1841 &Examen

368 1869 409 1891 ve
430 1860 617 1900 improbum
645 1860 677 1890 in
706 1860 761 1890 illa
776 1859 931 1899 Castiges
958 1859 1056 1890 truti-

369 1908 435 1939 na.’
479 1909 562 1940 Cum
600 1907 738 1948 proprie
767 1917 845 1947 pars
875 1907 970 1938 iibrae
999 1908 1056 1938 sit.

367 1957 488 1989 Graece
499 1955 645 1997 τρυτάνη,
656 1965 777 1997 nempe
789 1965 927 1986 examen
939 1956 1058 1995 ipsum,

368 2007 440 2037 sive
456 2007 582 2046 lingula
598 2005 708 2036 medio
724 2006 756 2036 in
767 2005 867 2045 jugo,
883 2004 971 2036 unde
987 2005 1056 2035 lan-

367 2063 424 2085 ces
439 2054 645 2093 dependent,
665 2058 803 2091 erecta3
827 2064 901 2094 quae
926 2054 952 2084 si
977 2063 1056 2084 neu-

368 2107 454 2134 tram
483 2103 515 2132 in
538 2106 667 2142 partem
698 2102 851 2139 inclinet,
879 2101 936 2131 sed
961 2101 1056 2140 scapi

367 2154 438 2185 sive
454 2163 554 2189 ansae,
570 2162 630 2192 per
644 2161 742 2192 quam
757 2151 915 2189 volvitur,
929 2155 1055 2190 puncto

368 2204 580 2244 respondeat,
595 2201 805 2242 cognoscitur
826 2200 1000 2241 aequalitas
1014 2200 1055 2230 si-

369 2261 408 2284 ve
425 2251 646 2293 aequilibrium
668 2254 726 2280 aut
748 2254 1005 2288 aequamentum,
1028 2249 1055 2279 si

369 2302 414 2332 ita
432 2301 498 2331 dici
514 2299 630 2330 mavis.
678 2298 791 2328 Graeci
813 2296 984 2336 ἰσοῤῥοπίαν
999 2306 1056 2328 vo·

368 2354 458 2382 cant.
483 2349 625 2380 Tor-rent.
671 2347 710 2377 In
732 2346 851 2377 trutina
862 2349 994 2386 ponetur
1006 2354 1055 2376 ea-

367 2399 452 2439 dem]
485 2397 525 2428 In
550 2397 667 2428 eadem
691 2395 775 2426 libra
802 2394 1057 2434 ponderabitur,

367 2448 402 2479 id
414 2451 479 2486 est,
493 2445 635 2477 eandem
649 2444 842 2484 aequitatem
854 2443 1013 2474 inveniet.

410 2499 450 2527 73
475 2494 617 2535 Propriis
635 2493 786 2534 offendat]
808 2492 882 2524 Suis
905 2491 1054 2534 peccatis

370 2546 578 2587 gravioribus
596 2556 602 2574 :
627 2543 797 2583 Allegoria
812 2549 875 2574 est.

411 2599 453 2627 74
472 2594 724 2634 Verrucisillius]
749 2591 944 2624 Levioribus
958 2591 1054 2622 amici

370 2644 472 2675 vitiis.

412 2694 454 2722 76
477 2693 617 2732 Denique
645 2693 792 2730 quatenus
815 2689 932 2730 excidi]
962 2688 1054 2720 Libri

371 2739 477 2770 nostri
513 2749 625 2770 omnes
661 2739 813 2780 quatinus.
857 2737 1055 2770 Necessaria

371 2793 482 2819 autem
499 2787 640 2827 ratione,
657 2789 744 2819 sicut
762 2792 839 2819 ante
852 2787 952 2828 dixit,
966 2789 1055 2819 inter

822 303 960 333 NOTAE
992 302 1210 334 VARIORU
1220 303 1249 332 Μ
1283 303 1334 333 IN

1101 397 1224 427 amicos
1253 396 1432 428 vivendum
1467 405 1540 428 esse
1575 397 1785 430 demonstrat·

1102 445 1273 476 Horatius.
1317 445 1414 479 Quod
1439 447 1527 477 enim
1555 447 1625 477 tolli
1650 446 1787 479 omnino

1101 503 1165 525 non
1185 500 1308 535 potest,
1333 494 1506 526 ferendum
1531 500 1604 527 est:
1627 496 1717 536 quod·
1736 496 1786 527 fe·

1101 542 1241 574 rendum
1270 548 1394 583 nutem,
1420 544 1566 584 expendi
1592 543 1696 575 debet
1718 553 1784 585 quo

1101 591 1199 622 modo
1213 601 1320 632 quave
1335 593 1462 624 ratione
1475 592 1606 623 feratur
1616 597 1718 633 atque
1734 593 1783 624 in-

1103 640 1233 671 terdum
1256 641 1356 672 etiam
1379 642 1576 681 corrigatur,
1601 640 1690 682 quod
1710 640 1784 672 fieri

1102 693 1259 730 nequeat,
1275 690 1300 720 si
1317 695 1468 729 peccata,
1484 694 1520 721 ut
1535 689 1640 720 Stoici
1656 690 1784 725 volunt,

1101 738 1168 768 sint
1184 739 1336 779 aequalia.
1361 739 1502 770 Torrent.
1535 737 1692 778 Denique]
1706 738 1786 770 Dis-

1103 792 1199 826 putat
1229 792 1346 819 contra
1371 788 1558 819 Stoicorum
1582 787 1715 827 dogma,
1727 787 1787 828 qui

1102 834 1229 875 dicunt,
1257 836 1380 868 Omnia
1407 841 1548 876 peccata
1576 845 1650 867 esse
1679 836 1786 876 paria.

1105 884 1276 924 Quatenus]
1289 886 1464 917 Quoniam.
1479 885 1661 926 [Codd.ap.
1671 885 1786 917 Lamb-

1101 933 1237 971 excindi,
1253 934 1303 963 vel
1319 933 1465 964 exscindi.
1499 933 1579 964 Vid.
1593 933 1689 973 Epod
1705 941 1784 966 ΧΠ.

1102 983 1155 1011 25.
1176 989 1200 1011 1.
1216 980 1284 1011 Sat.
1295 983 1326 1012 2.
1343 983 1415 1011 113.
1431 989 1470 1012 ιι.
1486 981 1557 1012 Sat.
1568 985 1600 1013 3.
1614 983 1708 1023 3⁰8]

1144 1032 1185 1060 ’17
1209 1029 1323 1061 stultis
1331 1029 1496 1069 hoerentia]
1517 1029 1705 1061 Stoicorum
1719 1039 1786 1062 mo-

1103 1087 1140 1109 re
1155 1079 1315 1119 loquitur,
1330 1079 1398 1118 qni.
1417 1082 1561 1119 excepto
1574 1079 1643 1110 solo
1655 1079 1787 1120 sapien-

1103 1131 1151 1168 te,
1179 1131 1318 1158 caeteros
1348 1137 1464 1158 omnes
1493 1127 1612 1158 stultos
1640 1136 1715 1159 esse
1747 1137 1789 1160 ac

1103 1175 1245 1216 proinde
1273 1175 1418 1207 insanire
1442 1175 1617 1207 definiunt.
1645 1177 1786 1208 Tor-rent.

1106 1225 1170 1255 Cur
1184 1234 1243 1256 non
1261 1225 1466 1265 Ponderibus]
1489 1225 1572 1256 Vult
1587 1224 1667 1255 nihil
1682 1230 1789 1256 teme-

1104 1283 1140 1304 re
1163 1274 1298 1305 decerni
1323 1274 1365 1305 de
1392 1274 1492 1312 vitiis,
1505 1273 1564 1304 sed
1580 1282 1619 1304 ea
1635 1272 1787 1304 modera-

1103 1321 1192 1352 mine
1207 1322 1344 1353 rationis
1358 1322 1526 1360 aestimari,
1541 1320 1765 1362 castigarique
1778 1331 1787 1351 ε

1104 1381 1170 1412 qua
1183 1372 1366 1403 monitione
1382 1371 1501 1412 partim
1518 1370 1650 1402 reducit
1665 1370 1698 1400 in
1719 1379 1788 1402 me-

1103 1420 1240 1451 moriam
1257 1421 1288 1451 in
1305 1429 1344 1451 eo
1360 1429 1501 1460 peccare
1515 1419 1691 1459 philautus,
1704 1427 1787 1460 quos

1103 1469 1136 1499 in
1149 1470 1329 1500 amicorum
1345 1469 1435 1499 vitiis
1452 1466 1660 1508 corrigendis
1675 1471 1786 1498 osten-

1102 1517 1242 1558 dit-plus
1259 1528 1355 1559 aequo
1375 1518 1541 1549 duriores:
1567 1516 1686 1557 partim
1701 1525 1788 1556 prae-

1102 1567 1199 1604 ludit,
1226 1567 1260 1597 in
1285 1577 1325 1598 eo
1349 1576 1471 1607 genere
1498 1575 1564 1597 non
1587 1575 1659 1596 esse
1682 1566 1786 1597 multo

1103 1616 1267 1655 aequiores
1281 1616 1424 1647 Stoicos.
1450 1616 1546 1655 (Ἰν-εις.

1145 1665 1186 1693 78
1201 1663 1401 1702 Ponderibus,
1413 1664 1600 1703 modulisque
1613 1662 1678 1693 suis
1690 1662 1786 1702 ratio]

1104 1711 1210 1751 AEquo
1226 1712 1357 1751 judicio
1382 1715 1417 1742 et
1440 1712 1661 1742 conveniente
1675 1710 1773 1742 mode

1104 1760 1246 1790 ratione.

1145 1810 1187 1838 79
1211 1807 1354 1848 Co'e'rcet]
1379 1807 1447 1838 Cur
1461 1815 1526 1838 non
1544 1805 1590 1837 ita
1604 1804 1739 1837 cohibet
1748 1811 1789 1838 et

1105 1855 1227 1896 punit?

1146 1908 1185 1936 81
1211 1905 1412 1945 Tepidumque
1437 1903 1612 1944 ligurrierit
1628 1902 1702 1943 jus]
1730 1903 1787 1935 Sic

1104 1963 1159 1986 ιιι.
1186 1955 1256 1986 Sat.
1270 1957 1303 1986 4.
1322 1955 1332 1972 ‘
1345 1955 1411 1985 Seu
1430 1963 1512 1994 puer
1527 1954 1636 1984 unctis
1650 1953 1786 1984 Tracta-

1103 2005 1151 2036 vit
1163 2006 1303 2036 calicem
1321 2005 1484 2043 manibus,
1494 2004 1571 2035 dum
1584 2003 1676 2035 furta
1685 2004 1789 2044 ligur-

1103 2052 1170 2084 rit.’
1212 2053 1268 2084 Sic
1288 2054 1376 2084 enim
1401 2053 1447 2083 ibi
1463 2057 1657 2084 constanter
1672 2051 1788 2083 scribi-

1104 2106 1159 2131 tur
1174 2101 1207 2131 in
1221 2101 1372 2132 omnibus
1393 2102 1516 2132 nostris
1531 2101 1786 2140 exemplaribus.

1105 2149 1171 2179 Hic
1201 2154 1312 2179 tamen
1343 2149 1485 2187 variant,
1512 2153 1547 2179 et
1576 2150 1609 2179 in
1637 2148 1786 2187 pluribus

1102 2197 1244 2237 simplici
1265 2207 1282 2226 r
1297 2197 1458 2237 scriptum
1482 2196 1629 2236 repperi.
1671 2197 1787 2228 Dona-

1104 2251 1156 2276 tus
1186 2246 1218 2276 in
1242 2246 1321 2276 illud
1350 2246 1504 2276 Terentii
1526 2245 1677 2278 Eunuch.
1699 2245 1787 2277 ‘Pa-

1103 2297 1170 2326 tria
1185 2296 1241 2336 qui
1259 2295 1495 2335 abligurrierat
1513 2295 1624 2326 bona!
1663 2296 1674 2312 ⁸
1687 2295 1786 2335 Ligu-

1105 2345 1171 2374 rire
1184 2343 1193 2356 ’
1230 2344 1290 2374 ἀπὸ
1320 2344 1376 2375 τοῦ
1401 2344 1538 2384 λιγυροῦ,
1577 2343 1667 2384 quod
1695 2352 1788 2375 suave

1104 2391 1283 2432 significat,
1299 2392 1366 2423 dici
1377 2392 1530 2430 tradidit,
1542 2400 1602 2432 pro
1614 2391 1787 2431 eleganter

1103 2447 1138 2474 et
1154 2451 1244 2473 more
1260 2451 1388 2481 senum,
1402 2444 1440 2472 ut
1454 2441 1574 2481 inquit,
1591 2439 1697 2471 multo
1711 2449 1788 2471 cum

1101 2490 1237 2522 fastidio
1263 2491 1418 2522 suaviora
1439 2499 1579 2532 quaeque
1598 2489 1788 2528 degustare.

1102 2540 1201 2572 Unde
1227 2544 1236 2558 ‘
1250 2539 1448 2580 abligurire’
1471 2539 1568 2578 bona,
1595 2547 1656 2579 pro
1679 2539 1788 2570 suavi-

1103 2589 1164 2620 bus
1194 2589 1280 2620 escis
1305 2596 1514 2619 consumere.
1556 2586 1623 2618 Sed
1639 2591 1674 2619 et
1689 2587 1789 2627 servi,-

1103 2638 1145 2669 de
1161 2638 1278 2679 quibus
1304 2637 1425 2670 Horat.
1444 2636 1581 2678 proprie
1595 2636 1788 2677 ligur-rium,

1103 2697 1177 2718 cum
1207 2686 1322 2718 furtim
1346 2686 1393 2725 id,
1418 2685 1505 2727 quod
1527 2690 1666 2726 sperant
1679 2685 1787 2717 latere

1105 2747 1216 2778 posse,
1230 2736 1273 2768 de
1286 2735 1410 2776 patinis
1427 2735 1591 2767 delibant.
1610 2734 1688 2766 Vid.
1703 2734 1784 2764 Ταπ-

1104 2787 1179 2819 neb.
1195 2795 1236 2819 ιι.
1259 2789 1310 2817 15.
1334 2785 1476 2816 Torrent.
1518 2781 1782 2822 Ligna-ierimus]
