1890 3230
410 281 520 322 1746

451 387 469 414 7
496 384 610 423 Natat]
642 380 812 413 Instabilis
839 384 902 418 est,
925 381 990 411 linc
1013 380 1092 411 illuc

409 430 583 462 fluctuans.
627 431 724 460 Recta
747 428 919 468 capessens]
940 428 1092 459 Virtutes

410 489 563 520 sequens.

449 531 469 558 8
494 526 607 556 Pravis
620 525 764 567 obnoxia]
789 525 888 556 Vitiis
904 525 1059 556 obnoxia.

449 579 470 605 9
493 575 569 607 Cum
583 574 683 605 tribue
694 574 816 614 anellis]
834 575 1015 605 Anulorum
1029 575 1091 605 ori-

409 634 463 664 go,
487 628 572 654 teste
588 624 711 664 Plinio,
727 633 746 654 e
762 623 896 667 Graecia
921 622 996 662 fuit,
1019 633 1092 653 sera

409 678 545 710 tamen;
569 672 731 713 siquidem
756 672 868 702 Iliacis
888 671 1093 711 temporibus

408 722 499 752 nulla
526 722 652 752 illorum
669 720 708 751 fit
723 721 860 759 mentio,
885 727 919 751 et
943 721 1093 760 signandi

408 769 542 811 quidem
554 779 668 801 caussa
682 771 833 801 inventos
845 769 948 800 fuisse
961 771 1093 800 Macro-

409 818 481 849 bius
504 818 606 854 tradit
624 827 689 848 vn.
708 821 759 849 13.
778 818 916 857 primum
933 817 1094 856 singulos,

408 877 531 908 eosque
567 867 717 898 ferreos:
762 876 859 906 quos,
894 870 1093 906 augescente

409 917 500 950 luxu,
515 916 570 955 qui
587 920 759 946 senatores
773 919 869 945 erant
884 920 940 945 aut
954 915 1096 955 equites,

409 965 539 995 libertis
561 964 739 1005 reliquere,
762 963 878 994 sumtis
895 963 957 1001 ipsi
974 963 1096 993 aureis.

408 1013 476 1045 Sed
502 1013 633 1044 Plinius
656 1012 696 1043 ad
713 1017 866 1043 ornatum
884 1010 1012 1042 referre
1027 1021 1095 1042 ma-

408 1062 494 1093 luit:
521 1066 723 1092 cunctanter
750 1061 845 1091 initio
870 1065 996 1091 sumtos
1019 1070 1095 1091 nar-

411 1120 500 1146 rans,
516 1119 554 1141 ac
580 1110 673 1140 laevis
698 1114 823 1140 tantum
850 1109 1015 1148 manibus,
1029 1118 1094 1149 quo

408 1160 515 1200 magis
531 1160 787 1197 occulerentur3
812 1167 1010 1199 quamquam
1027 1158 1095 1196 alii,

409 1218 475 1250 quo
491 1209 595 1240 minus
610 1208 825 1249 impedirent,
846 1207 879 1238 id
896 1207 1022 1238 factum
1038 1216 1094 1237 vo-

408 1259 521 1290 luere:
551 1258 682 1289 Gellius
709 1267 789 1288 vero
814 1265 851 1288 x.
878 1259 929 1287 10.
955 1265 996 1286 ex
1026 1256 1094 1296 Ap-

409 1306 522 1347 piane,
547 1306 622 1337 ideo
649 1306 790 1346 primum
814 1306 955 1336 sinistrae
980 1314 1095 1336 manns

409 1355 563 1394 digitum,
592 1355 646 1396 qui
675 1354 811 1386 minimo
841 1359 894 1385 est
917 1355 1096 1394 proximus,

411 1405 509 1435 anulo
525 1404 719 1436 decoratum
733 1405 792 1443 ait,
815 1404 900 1444 qnod
919 1404 961 1434 ab
977 1409 1094 1435 anato-

409 1453 503 1482 micis
518 1457 688 1492 repertum
703 1453 757 1491 sit,
769 1462 906 1483 nervum
919 1453 1093 1493 quemdam

409 1502 637 1532 tenuissimum
661 1502 702 1533 ab
728 1512 767 1532 eo
789 1502 896 1542 digito
913 1503 953 1533 ad
969 1512 1026 1532 cor
1041 1512 1092 1533 us-

411 1560 475 1590 que
487 1551 674 1590 pervenire.
699 1551 813 1580 Crevit
825 1555 934 1581 autem
944 1560 1008 1580 una
1019 1561 1094 1581 cum

408 1599 539 1628 luxuria
554 1607 719 1629 numerus.
757 1599 799 1628 Et
813 1603 879 1627 tres
891 1599 1023 1637 quidem
1036 1608 1094 1629 suo

410 1646 547 1684 soeculo,
563 1650 600 1676 ut
613 1646 732 1676 multos
750 1647 844 1685 ponit
862 1646 1040 1683 Horatius;
1061 1651 1096 1676 at

410 1693 555 1731 Plinius,
570 1693 681 1723 demto
698 1693 807 1723 medio
824 1693 967 1734 reliquos
983 1702 1098 1723 omnes

411 1742 533 1782 digitos
557 1742 604 1772 eis
631 1741 759 1772 onerari
782 1742 890 1771 solere
916 1751 974 1772 sua
998 1745 1099 1772 aetate

411 1791 570 1822 ostendit.
608 1790 694 1821 Vide
710 1790 808 1821 Alex.
825 1790 865 1820 ab
881 1789 979 1820 Alex.
993 1799 1032 1821 ιι.
1047 1793 1098 1821 19.

413 1841 550 1871 Torrent.
596 1840 673 1870 Cum
690 1839 790 1870 tribus
813 1839 957 1878 unneHIs]
982 1838 1096 1869 Annu-

410 1890 458 1919 los
476 1890 587 1929 plures
601 1882 763 1928 gestasse,
779 1893 877 1928 turpe
893 1887 970 1919 fuit.
1004 1889 1097 1918 Modo

409 1939 487 1968 loeva
499 1938 638 1977 Priscus]
653 1938 747 1968 Vixit
758 1938 935 1978 aliquando
945 1938 1015 1968 sine
1030 1938 1096 1968 ιιΙΙο

411 1987 543 2025 annulo,
568 1996 664 2026 quem
690 1987 724 2017 in
751 1987 887 2017 sinistra
911 1995 1008 2016 manu
1024 1996 1096 2025 ges-

413 2041 485 2066 tare
512 2045 580 2065 mos
606 2038 690 2075 erat,
716 2035 794 2074 quia
821 2044 937 2065 manus
964 2035 1098 2065 sinistra

412 2084 547 2114 otiosior
573 2088 636 2122 est,
668 2087 702 2114 et
726 2087 908 2123 propterea
933 2083 1038 2113 minus
1063 2083 1096 2112 in

410 2131 468 2161 illa
493 2133 604 2162 annuli
627 2135 830 2170 atteruntur,
853 2139 949 2171 quam
964 2131 997 2161 in
1015 2131 1096 2161 dex-

413 2182 476 2208 tra.

457 2230 497 2258 10
518 2226 696 2266 Inoequalis]
733 2225 806 2256 Sibi
835 2234 899 2255 non
929 2229 1096 2257 constans.

415 2275 543 2306 clavum
556 2274 704 2312 mutaret]
726 2275 825 2304 Nunc
837 2274 963 2303 scilicet
978 2283 1096 2313 angus-

414 2324 510 2362 tiore,
534 2331 621 2353 nunc
647 2323 764 2353 latiore
790 2327 907 2352 utens:
933 2321 1013 2352 illud
1030 2331 1098 2352 mo-

416 2371 548 2411 destiae,
559 2372 619 2402 lioc
634 2371 730 2401 luxus
743 2370 919 2401 indicium:
938 2376 974 2400 ut
989 2370 1099 2410 priore

414 2421 499 2452 libro
523 2421 594 2451 Sat.
607 2429 658 2451 vi.
674 2420 873 2452 notavimus.
896 2421 983 2450 Torr.
1029 2421 1100 2451 Cla-

414 2479 483 2499 vum
496 2470 545 2509 ut]
578 2469 730 2508 Clavum,
750 2471 807 2499 aut
829 2469 932 2499 latum
962 2472 1021 2498 aut
1042 2477 1099 2498 an-

414 2522 558 2557 gustum.
601 2516 689 2547 Vide
706 2525 729 2547 1.
747 2517 818 2548 Sat.
833 2519 865 2547 6.

461 2569 495 2596 ll
514 2565 646 2595 AEdibus
660 2575 699 2596 ex
714 2565 831 2604 magnis
840 2565 953 2605 subito]
974 2565 1024 2595 Ex
1038 2564 1097 2594 do-

417 2625 470 2646 mo
494 2615 591 2655 plena
617 2614 792 2654 dignitatis
815 2614 923 2644 subito
938 2614 1097 2654 migraret

416 2663 450 2693 in
467 2662 599 2693 domuin
615 2655 795 2702 abjactmn.

460 2714 499 2742 12
517 2711 665 2742 Mundior
678 2710 792 2750 exiret]
815 2711 923 2751 Unde,
939 2710 970 2742 id
982 2715 1044 2752 est,
1055 2720 1095 2743 ex

854 290 1004 320 NOTAE
1036 288 1295 319 VARIORUM
1331 290 1376 319 lN

1146 389 1209 420 qua
1225 381 1334 411 exiret
1349 381 1447 420 paulo
1461 380 1651 420 elegantior.
1675 380 1826 422 Honeste]

1144 429 1327 460 Decenter.

1188 479 1224 508 13
1246 478 1319 508 ιΙαηι
1334 478 1463 508 moechus
1478 477 1598 518 Roma]
1630 477 1824 517 Inconstan-

1144 525 1200 556 tiae
1228 531 1306 557 nota
1328 527 1371 557 ab
1396 527 1550 558 instituto
1572 530 1607 558 et
1623 526 1698 557 vitae
1714 527 1826 565 modo,

1145 584 1208 605 non
1235 575 1304 605 sine
1327 575 1458 615 obliquo
1484 575 1620 606 crimine
1644 575 1740 606 luxus
1762 575 1825 606 Ro-

1145 623 1251 664 mani,
1267 627 1302 654 et
1316 623 1605 654 commendatione
1620 622 1826 655 Athenaruin

1147 681 1166 702 a
1181 671 1362 711 disciplinis
1380 672 1582 703 liberalibus.
1607 673 1702 712 (ἶνας.
1744 673 1826 704 Doc-

1146 723 1197 750 tus
1212 719 1356 759 Athenis]
1389 721 1458 759 Sic,
1486 720 1599 752 demto
1622 730 1699 758 uno,
1721 722 1826 753 nostri

1146 778 1271 800 omnes.
1315 770 1488 801 Turnebus
1502 771 1608 800 doceor
1622 770 1751 809 maluit,
1765 779 1828 810 ego

1146 822 1262 848 contra
1289 819 1407 850 sentio.
1461 819 1610 850 Doctores
1638 820 1726 850 enim
1755 818 1828 850 fere

1147 865 1389 897 Grammaticos
1405 868 1579 900 vocabant.
1623 867 1670 900 At
1691 868 1828 899 Priscus

1146 913 1209 943 iste
1225 914 1392 944 Senatorii
1409 915 1535 946 ordinis
1547 921 1639 948 erat:
1655 917 1710 958 qui
1728 916 1826 948 modo

1147 963 1285 993 Romam
1301 961 1513 1002 praeferebat.
1537 963 1579 993 ob
1601 963 1826 996 adulterarum

1147 1011 1277 1051 copiam
1294 1010 1367 1050 ipse
1383 1012 1546 1050 moechum
1562 1011 1658 1042 modo
1670 1011 1831 1047 Athenas,

1147 1059 1203 1090 ubi
1220 1059 1419 1099 doctrinam,
1439 1070 1535 1100 quam
1550 1069 1619 1100 prm
1635 1069 1670 1091 se
1686 1059 1829 1100 ferebat,

1146 1108 1342 1139 disserendo
1377 1109 1466 1140 inter
1499 1109 1648 1141 eruditos
1688 1109 1830 1149 probare

1151 1162 1274 1196 posset.
1317 1157 1467 1189 Turneb.
1496 1166 1576 1189 xin-
1607 1161 1656 1190 17.
1690 1159 1828 1190 Torrent.

1149 1206 1266 1236 Doctus
1279 1206 1426 1246 Athenis]
1442 1206 1579 1238 Priscus
1592 1207 1719 1239 Orator
1729 1206 1828 1238 fuisse

1149 1254 1284 1286 dicitur.

1189 1306 1229 1335 14
1249 1303 1440 1344 Vertumnis]
1464 1305 1515 1336 Ex
1526 1304 1672 1336 Turnebi
1686 1313 1767 1335 xm.
1779 1306 1829 1335 17.

1147 1354 1327 1391 sententia.
1345 1355 1510 1386 Vertumnis
1521 1354 1626 1386 edidit
1640 1354 1832 1392 Lambinus,

1148 1407 1185 1433 ut
1200 1405 1209 1420 ‘
1224 1403 1440 1443 Portunnus,’
1463 1404 1472 1421 ‘
1484 1403 1660 1435 Autumnus
1672 1403 1693 1435 ε’
1714 1411 1830 1443 parum

1148 1450 1262 1483 refert.
1306 1452 1394 1482 Illud
1411 1460 1489 1483 vero
1511 1461 1576 1483 non
1602 1456 1706 1491 recte,
1732 1452 1832 1486 irato,

1148 1499 1218 1530 sive
1233 1501 1344 1540 iniquo
1366 1501 1530 1532 Vertumno
1545 1505 1657 1532 natum
1673 1500 1751 1540 dici,
1773 1500 1830 1540 qui

1149 1549 1261 1579 mobili
1277 1553 1365 1579 esset
1382 1549 1526 1588 ingenio,
1546 1549 1603 1589 qui
1617 1558 1730 1580 secum
1745 1558 1835 1588 pug-

1148 1601 1258 1633 naret,
1282 1596 1338 1636 qui
1353 1597 1553 1628 sententiam
1569 1602 1714 1628 mutaret
1729 1597 1761 1628 in
1777 1597 1832 1627 lio-

1150 1653 1219 1673 ras:
1244 1653 1318 1674 nam
1334 1645 1512 1675 Vertunno
1527 1645 1600 1684 ipso
1613 1645 1691 1675 nihil
1708 1645 1832 1676 varium

1150 1691 1255 1730 magis
1279 1695 1338 1722 aut
1360 1692 1542 1731 mutabile;
1564 1701 1639 1723 cum
1663 1694 1772 1724 omnia
1797 1694 1831 1724 in

1150 1750 1184 1770 se
1203 1744 1322 1778 vertat,
1338 1744 1375 1770 ut
1391 1740 1589 1780 pulcerrima
1601 1741 1741 1782 quadam
1758 1742 1834 1774 Ele-

1151 1791 1204 1830 gia
1221 1790 1419 1830 Propertius
1439 1791 1573 1830 cecinit,
1590 1796 1723 1823 servato
1748 1801 1834 1823 sem-

1151 1849 1212 1880 per
1235 1840 1382 1878 decoro;
1412 1840 1444 1870 in
1470 1849 1535 1880 quo
1560 1839 1674 1871 deficit
1698 1841 1834 1871 Priscus

1150 1889 1245 1920 homo
1271 1899 1374 1920 vanus
1401 1899 1438 1919 ac
1464 1889 1558 1920 levis.
1602 1889 1696 1920 Bene
1720 1890 1833 1930 itaque

1149 1938 1299 1969 Tibullus
1313 1948 1325 1966 :v
1336 1939 1345 1955 ‘
1358 1938 1447 1968 'raus
1463 1938 1496 1968 in
1507 1938 1644 1969 aetherio
1655 1937 1738 1968 felix
1749 1938 1834 1968 Ver-

1150 1990 1281 2016 tumnus
1296 1986 1441 2026 Olympo
1459 1986 1553 2016 Mille
1569 1986 1669 2016 babet
1685 1990 1833 2026 ornatus,

1149 2035 1239 2064 mille
1266 2034 1425 2064 decenter
1453 2033 1576 2064 liabet.’
1621 2035 1774 2066 Donatus
1799 2035 1832 2066 in

1150 2083 1320 2122 Adelphos
1336 2083 1376 2113 ad
1394 2092 1434 2113 ea
1450 2083 1574 2114 Comici
1591 2083 1710 2116 verba:
1727 2084 1736 2101 ‘
1748 2085 1833 2117 Quae

1152 2141 1204 2162 res
1232 2131 1291 2161 tibi
1317 2135 1427 2161 vertat
1452 2131 1537 2161 male
1552 2129 1573 2162 :’
1595 2136 1630 2162 et
1655 2140 1765 2162 rursus
1790 2131 1832 2162 ad

1149 2178 1221 2207 illa:
1237 2179 1246 2194 ‘
1261 2178 1318 2207 Dii
1335 2177 1419 2207 bene
1436 2183 1570 2207 vortant
1581 2178 1602 2208 :’
1616 2181 1626 2195 ‘
1638 2179 1727 2210 Quia
1741 2188 1832 2218 saepe
1887 2199 1890 2201 -

1150 2234 1203 2255 res
1220 2224 1315 2255 aliter
1327 2224 1497 2262 eveniunt,
1507 2234 1604 2265 quam
1617 2227 1667 2256 vel
1678 2231 1832 2266 optamus

1152 2274 1204 2304 vel
1221 2272 1408 2312 opinamur,
1421 2273 1513 2312 cujus
1526 2278 1664 2304 eventus
1676 2275 1769 2305 nobis
1781 2285 1833 2306 ra-

1151 2322 1198 2353 tio
1227 2331 1290 2352 non
1322 2325 1474 2360 constet;
1501 2323 1653 2354 vertendi
1681 2323 1770 2355 inam
1799 2326 1832 2356 in

1152 2375 1325 2410 utramque
1356 2373 1485 2408 partem
1520 2374 1719 2408 potestatem
1749 2372 1833 2404 Ver-

1153 2423 1266 2449 tumno
1291 2417 1428 2456 tribuit;
1451 2427 1548 2458 quem
1574 2419 1694 2451 Prisco
1719 2423 1833 2461 propi·

1152 2468 1233 2498 tium
1248 2466 1347 2497 fuisse
1364 2471 1466 2506 negat
1485 2466 1669 2499 Horatius!
1693 2469 1832 2502 Torreat.

1156 2517 1345 2558 Vertumnis]
1376 2517 1576 2548 Vertumnus
1590 2517 1681 2549 Deus
1697 2524 1749 2550 est
1764 2520 1833 2550 ani-

1151 2577 1237 2598 mum
1270 2571 1416 2604 vertens,
1440 2566 1481 2596 ad
1508 2574 1623 2598 omnes
1646 2566 1772 2607 figuras
1797 2574 1832 2600 et

1148 2615 1270 2647 formas
1282 2619 1505 2655 opportunus,
1517 2615 1604 2646 unde
1619 2615 1830 2648 multlformis

1149 2668 1185 2695 et
1212 2663 1383 2698 mutabilis
1408 2667 1560 2702 apparet-
1608 2663 1830 2696 Quamobrem

1149 2712 1205 2753 qui
1221 2712 1446 2744 inconstantes
1459 2715 1547 2751 sunt,
1564 2715 1600 2743 et
1614 2713 1725 2745 mobili
1740 2714 1831 2755 iuge·
