1982 3230
387 272 496 314 1210

851 285 893 322 Q.
926 281 1131 313 noRA'ru
1166 282 1335 315 remeet

388 376 437 418 Si
456 376 584 428 longo
605 388 802 416 sermone
821 389 959 416 morer
979 380 1055 417 tua
1074 380 1281 428 tempora,
1303 377 1467 418 Caesar.

388 440 617 490 Romulus,
637 446 681 481 et
702 441 832 481 Liber
851 445 991 493 pater,
1012 445 1054 481 et
1075 454 1173 481 oum
1194 439 1369 483 Castore
1392 443 1570 491 Pollux,
1714 438 1719 444 ’
1777 445 1806 484 5

387 505 498 547 Post
517 507 708 560 ingentia
727 506 846 547 facta
868 507 1057 547 Deorum
1077 508 1121 546 in
1141 508 1305 560 templa
1324 510 1499 561 recepti,

388 572 502 613 Dum
525 576 658 612 terras
677 571 980 625 hominumque
1002 572 1153 612 colunt
1171 585 1323 624 genus,
1345 585 1506 626 aspera
1525 573 1641 613 bella

387 636 679 688 Componunt‚
700 649 824 688 agros
845 638 1080 688 assignant,
1104 637 1268 689 oppida
1289 639 1507 689 condunt3

388 696 622 742 Plora'vere
640 703 732 742 suis
753 715 837 743 non
857 703 1116 755 respondere
1137 701 1326 744 favorem

388 767 614 820 Speratum
635 768 822 808 meritis:
862 768 997 808 diram
1017 769 1093 820 qui
1116 768 1317 808 contudit
1333 768 1544 821 Hydram,

1754 769 1809 810 10

389 832 598 885 Notaque
620 833 742 874 fatali
762 837 961 886 portenta
980 834 1126 874 labore
1147 834 1334 886 subegit,

388 896 612 949 Comperit
630 898 839 939 invidiam
859 912 1055 952 supremo
1075 899 1158 939 fine
1180 899 1358 939 domari.

388 961 489 1004 Urit
509 963 624 1003 enim
645 963 813 1014 fulgore
834 968 931 1013 suo,
951 964 1026 1017 qui
1049 967 1290 1017 praegravat
1309 967 1421 1005 artes

390 1084 510 1119 litatem
523 1089 684 1128 publicam,
700 1092 728 1123 si
740 1093 862 1131 prolixa
877 1093 1004 1131 epistola
1026 1092 1215 1132 interpellem
1229 1092 1436 1132 occupationes
1451 1096 1519 1123 trias
1530 1092 1700 1131 graviores.
1746 1092 1812 1123 Ro-

387 1130 499 1167 mulus,
520 1134 550 1160 et
567 1132 719 1171 Bacchus,
737 1135 847 1164 Castor
867 1137 957 1172 atque
972 1134 1100 1170 Pollux,
1119 1138 1186 1173 post
1201 1144 1312 1172 magna
1324 1135 1467 1172 facinora
1482 1134 1607 1165 admissi
1621 1134 1655 1164 in
1677 1132 1813 1164 Deorum

378 1167 471 1207 fana,
486 1171 558 1201 dum
571 1172 604 1203 in
618 1174 711 1204 terris
724 1178 887 1205 versantur
897 1185 963 1205 eum
979 1175 1158 1213 hominibus,
1167 1175 1200 1206 di

1191 1176 1304 1223 fficilia
1315 1176 1392 1206 bella
1404 1175 1580 1216 conficiunt,
1593 1183 1685 1212 agros
1705 1174 1813 1222 distri-

388 1208 493 1250 haunt,
517 1213 606 1244 urbes
626 1215 806 1256 oedfieant;
827 1217 990 1246 doluerunt
1007 1219 1132 1254 gratum
1146 1225 1283 1247 animum
1303 1226 1363 1247 non
1384 1217 1523 1247 exhiberi
1542 1217 1662 1247 mer-itia
1680 1223 1747 1246 sm
1758 1224 1814 1255 pa·

390 1260 469 1298 rem..
496 1253 578 1300 ‘Qui
592 1265 703 1286 soeeam
717 1257 846 1296 hydram
863 1257 1006 1296 peremit,
1021 1257 1204 1296 famosaque
1225 1261 1362 1289 monstro
1376 1258 1502 1289 sustulit
1514 1258 1613 1288 labore
1620 1255 1730 1294 fatali,
1745 1265 1816 1294 eog-

390 1297 475 1324 novzt
489 1296 639 1326 invidiam
650 1299 713 1327 sola
728 1301 825 1328 morte
839 1298 931 1327 vinci.
975 1298 1058 1327 Nam
1071 1298 1229 1338 splendore
1239 1308 1291 1328 suo
1306 1300 1441 1329 accendit
1457 1299 1510 1338 qm*
1521 1298 1697 1335 inferiorem
1709 1298 1814 1329 indus·

973 1389 1110 1401 eeeeeee

1113 1389 1207 1401 eeeee

391 1468 486 1497 1483.
502 1467 596 1496 1486.
614 1465 706 1494 1490.
724 1465 818 1494 1514.
842 1467 877 1494 et
904 1462 995 1502 Lips.
1013 1466 1105 1495 1499.
1126 1465 1160 1495 in
1181 1465 1331 1495 commoda
1348 1464 1545 1503 publium—6
1568 1463 1652 1494 Exe.
1668 1463 1744 1494 Sax.
1766 1463 1814 1493 in-

387 1508 496 1546 gentia
508 1506 596 1544 sata,
619 1511 655 1535 ut
682 1505 770 1545 conj.
795 1505 908 1536 Bentl.
945 1505 978 1535 in
994 1507 1104 1545 templa
1122 1506 1236 1536 revecti
1257 1507 1335 1536 Vat.
1352 1506 1462 1535 Palat.
1477 1507 1508 1536 4.
1543 1505 1703 1544 intemplo
1715 1504 1816 1543 recepi

391 1547 617 1579 Schoenborn.
643 1549 740 1577 2.-8
764 1547 906 1585 Cuning.
929 1547 1038 1586 oppida
1060 1547 1299 1584 formant.—10
1322 1547 1401 1577 Vat.
1425 1546 1536 1578 Palm.
1564 1549 1595 1576 5.
1627 1546 1815 1585 Spectatum.

389 1590 470 1621 Vnt.
487 1591 515 1620 1.
537 1590 646 1619 duram
661 1588 724 1627 qui.
757 1588 836 1619 vid.
853 1596 908 1619 rn-
926 1588 992 1619 Od.
1007 1591 1038 1619 6.
1053 1591 1106 1620 36.
1131 1588 1261 1619 contulit
1274 1589 1353 1619 Vat.
1370 1591 1422 1619 14.
1437 1597 1512 1618 nm.
1527 1596 1596 1619 see.
1614 1591 1649 1618 et
1662 1586 1815 1626 Angene.

391 1634 423 1662 l.
453 1632 568 1662 Ydram
593 1629 859 1668 Bamberg.—13
881 1630 976 1660 Unus
1001 1630 1083 1660 Vat.
1112 1634 1147 1660 et
1174 1629 1401 1660 Schoenborn.
1423 1631 1455 1660 2.
1488 1629 1657 1669 splendore.
1702 1629 1816 1659 Zau-ot.

390 1672 530 1703 Venett.
558 1673 651 1702 1481.
677 1672 771 1701 1483.
799 1673 894 1702 1486.
924 1673 1018 1702 1495.
1055 1671 1205 1702 Florent.
1232 1673 1326 1702 1482.
1348 1677 1383 1702 et
1405 1670 1500 1711 Lips.
1525 1672 1618 1702 1499.
1638 1672 1817 1710 pergravat.

1046 1775 1078 1807 N
1084 1775 1184 1806 OTAE

391 1848 497 1880 reque
512 1843 769 1870 commemorat:
793 1843 827 1869 et
850 1847 924 1878 cap.
950 1840 1002 1868 27.
1018 1838 1080 1868 eti-

393 1898 446 1919 am
469 1889 502 1919 in
525 1888 751 1919 Triumviratu
781 1889 790 1905 ‘
811 1888 981 1927 recepisse
1011 1896 1081 1917 mo-

392 1946 464 1968 rum
480 1937 658 1976 legumque
675 1937 824 1975 regimen
840 1934 1065 1976 perpetuum:

434 1990 453 2017 5
477 1986 640 2025 Romulus]
662 1985 815 2017 Quatnor
841 1984 936 2024 primi
964 1993 1079 2014 versus

393 2038 501 2068 instar
529 2035 688 2066 Prooemii
715 2038 815 2065 sunt:
848 2033 918 2073 jam
947 2031 1079 2071 Augus-

393 2091 465 2118 tum
478 2084 613 2117 extollit
632 2092 734 2123 supra
757 2081 887 2113 Her-ees
903 2081 1080 2119 maximos,

393 2144 454 2176 per
468 2132 764 2174 comparationem.
784 2130 871 2161 Vide
888 2139 912 2162 ι.
928 2129 996 2160 Od.
1013 2132 1064 2160 12.

435 2182 532 2213 Liber
550 2179 656 2222 pater]
680 2179 839 2211 Indorum
863 2179 986 2217 victor,
1012 2178 1080 2209 ani-

393 2241 482 2264 mum
513 2231 602 2262 curis
631 2229 789 2268 liberans,
823 2230 884 2259 &c-
927 2228 983 2259 De
1015 2228 1078 2258 hoc

395 2282 485 2314 alibi.

438 2332 562 2370 Castor,
591 2328 720 2368 Pollux]
752 2328 804 2358 De
827 2326 875 2357 liis
899 2336 926 2358 ι.
953 2325 1028 2357 Ode
1049 2328 1080 2356 3.

393 2385 430 2411 et
444 2382 495 2411 12.

435 2433 456 2460 6
478 2429 614 2459 Deorum
623 2427 658 2457 in
669 2427 782 2466 templa
795 2423 923 2465 recepti]
939 2423 980 2455 In
989 2425 1080 2455 Deo-

394 2486 466 2508 rum
482 2483 654 2507 numernm
668 2473 776 2504 asciti.

436 2528 456 2557 7
480 2525 598 2564 Aspera
627 2523 703 2553 bella
734 2521 940 2562 Componunt]
972 2521 1082 2552 Multa

394 2575 428 2605 in
445 2574 593 2606 horwznes
612 2566 777 2602 beneficia
791 2570 1014 2601 conferentes.

415 2618 467 2653 ”8
480 2623 584 2660 Agros
597 2618 774 2658 assignant]
796 2619 951 2650 Colonias
978 2618 1081 2648 dedn-

396 2670 503 2703 cendo
529 2670 581 2699 vel
610 2667 787 2706 mittendog
814 2677 977 2708 agrosque
994 2667 1082 2698 urbi·

398 2721 459 2751 bus
476 2718 670 2757 adjacentes
685 2717 723 2746 iis
739 2717 984 2748 distribuendo.

426 2771 461 2799 ’9
485 2768 647 2799 Plorat-erc
672 2765 736 2795 suis
764 2775 822 2796 non
852 2767 988 2806 respond.
1020 2765 1085 2805 qe]

1135 1837 1254 1869 Questi
1283 1840 1360 1867 sunt
1384 1835 1471 1877 qnod
1496 1843 1613 1875 parum
1643 1834 1732 1874 grati
1758 1843 1817 1874 po-

1134 1886 1203 1924 puli
1220 1885 1306 1916 haud
1323 1894 1422 1925 pares
1442 1883 1510 1915 suis
1531 1883 1661 1914 meritis
1675 1884 1818 1915 bonores

1132 1932 1315 1964 deferrent.

1175 1984 1215 2012 1⁰
1251 1982 1366 2012 Diram
1396 1981 1450 2020 qui
1483 1980 1623 2011 contudit
1657 1979 1818 2020 Hydram]

1135 2029 1298 2060 Hercules
1320 2027 1496 2059 duodecim
1518 2027 1686 2058 laboribus
1700 2031 1818 2059 exant-

1132 2077 1206 2108 latis
1230 2077 1353 2114 clarus,
1367 2085 1450 2117 quos
1476 2075 1627 2106 celebrat
1640 2075 1818 2106 Lucreti-u

1132 2125 1228 2157 initio
1250 2125 1308 2156 lib.
1331 2134 1366 2156 v.
1403 2123 1490 2154 Vide
1514 2131 1540 2154 1.
1565 2123 1630 2153 Od.
1653 2125 1685 2153 3.
1710 2128 1746 2154 et
1768 2132 1817 2154 ιν.

1133 2174 1200 2206 Od.
1220 2176 1251 2205 Δ.
1297 2178 1306 2192 ‘
1325 2173 1400 2204 Non
1425 2171 1532 2212 hydra
1557 2175 1652 2202 secto
1675 2180 1817 2215 corpore

1132 2223 1256 2255 firmior
1269 2222 1369 2254 Vinci
1384 2221 1554 2252 dolentem
1570 2219 1678 2251 crevit
1688 2220 1720 2251 in
1731 2220 1818 2252 Her-

1133 2271 1266 2310 culem,’
1281 2274 1345 2303 διο.

1175 2325 1213 2353 11
1239 2319 1363 2359 Fatali]
1387 2319 1469 2350 Erat
1484 2318 1517 2348 in
1535 2317 1626 2356 fatis,
1641 2325 1706 2348 non
1721 2317 1819 2348 aliter

1133 2369 1346 2402 inserendum
1375 2368 1459 2398 coelo
1496 2366 1690 2402 Herculem,
1721 2374 1819 2407 quam

1133 2418 1311 2451 debellatis
1328 2415 1494 2448 monstris.

1177 2471 1216 2499 12
1249 2465 1404 2498 Invidiam
1434 2472 1571 2503 supremo
1593 2462 1664 2503 fine
1689 2462 1821 2502 amri]

1135 2517 1212 2549 Non
1230 2520 1307 2546 ante
1324 2517 1485 2545 mortem:
1511 2515 1546 2542 et
1565 2520 1642 2542 mox
1659 2512 1819 2542 rationem

1134 2567 1205 2607 ejus
1243 2565 1289 2596 rei
1323 2562 1447 2594 subdit.
1491 2560 1633 2593 Quintil.
1667 2560 1820 2592 Declam.

1134 2620 1143 2634 ‘
1159 2617 1226 2646 Res
1242 2615 1330 2646 inter
1343 2612 1439 2642 initia
1455 2614 1555 2640 urunt
1570 2619 1578 2638 :
1603 2614 1638 2639 at
1652 2608 1738 2640 livor
1751 2617 1820 2639 mo-

1137 2675 1171 2696 ra
1189 2661 1352 2694 solvitnr.'

1180 2716 1218 2744 13
1246 2711 1319 2741 Urit
1334 2709 1415 2739 enim
1429 2707 1566 2744 fulgore,
1586 2706 1654 2745 ἔγω]
1678 2705 1744 2736 Qui
1767 2714 1821 2735 ce.

1138 2763 1218 2794 teris
1247 2758 1411 2801 praecellit
1437 2754 1706 2796 horum-excitat
1737 2755 1820 2786 invi-
