1930 3204
646 310 860 342 HORATH
895 311 1036 342 BPOD.
1069 310 1122 342 n.

167 407 270 440 foco!
297 408 389 439 Torr.
434 406 566 439 Sacrum
583 404 715 437 vetustis
736 405 864 435 extruat

165 458 263 497 lignis
273 457 397 498 focum]
421 457 484 488 Est
511 455 706 497 Hypallage
722 464 730 483 t
752 453 789 485 Si
807 462 864 484 ex-

168 513 262 539 truat
277 509 369 549 ligna
384 516 486 548 super
513 505 636 542 focum,
661 503 786 535 laribus
814 513 865 535 sa-

169 567 278 589 crum.
322 554 631 598 [Markland.conj.
645 553 835 594 exstruens]

211 609 255 640 44
267 607 334 640 Sub
343 606 522 647 meatum]
533 605 639 637 Paulo
649 608 727 636 ante
739 604 781 636 ad
787 613 865 635 ven-

172 661 243 688 turu
259 657 385 689 mariti.

175 727 178 730 -
211 711 254 740 ⁴5
280 705 554 746 Tea-tisernit'bus]
576 705 704 745 Septis.

212 761 256 791 ⁴⁶
277 758 429 790 Distento:
450 758 545 789 effocet
569 755 682 796 ubera]
708 756 743 787 Si
766 755 868 796 plena

171 808 274 840 ubera
289 808 452 848 mulgeat.

175 883 178 885 Α
212 861 254 891 47
277 859 322 890 Et
335 858 450 899 horna]
473 857 606 898 Optimi
631 857 769 889 codices
796 857 868 888 sine

167 907 378 949 aspiratione
402 907 579 939 scribunt:
604 912 640 938 ut
659 916 715 939 ιιι.
728 907 797 939 od.
815 910 869 939 23.

169 959 310 991 dictum.
353 959 438 990 Tum
455 959 548 990 Plin.
564 967 640 989 xnv.
657 960 708 989 13.
730 958 872 999 apothe-

170 1018 228 1040 cas
245 1009 389 1049 primum
406 1007 513 1039 fuisse
530 1008 647 1038 Romae
666 1013 702 1039 et
724 1006 870 1039 diffundi

171 1065 289 1101 coepta
301 1061 392 1101 vina,
408 1069 495 1091 anuo
510 1060 613 1091 Urbis
634 1062 709 1092 633.
757 1060 871 1091 Antea

172 1110 215 1141 de
239 1110 332 1142 dolio
355 1111 426 1142 sive
444 1110 487 1141 de
503 1120 591 1151 cupa
607 1111 759 1141 haustum
776 1110 870 1142 bibe-

171 1160 269 1199 bant,
291 1161 472 1200 praeseutis
497 1170 620 1201 nempe
644 1161 735 1201 anui,
759 1165 795 1193 et
808 1170 871 1192 nec

172 1210 253 1241 dum
267 1210 309 1241 ad
327 1214 534 1241 vetustatem
552 1220 592 1242 ac
623 1211 736 1242 luxum
763 1211 796 1241 in
817 1220 873 1242 ca-

172 1259 234 1291 dos
269 1259 518 1300 amphorasque
554 1258 726 1291 diffusum.
781 1259 873 1291 Hinc

172 1311 182 1328 ⁴
199 1310 312 1341 vinum
337 1309 491 1347 doliare,'
511 1310 554 1341 ad
574 1310 699 1342 veteris
715 1309 874 1342 differen-

174 1361 256 1391 tiam
272 1359 437 1400 Ulpianus
458 1359 554 1391 dixit.
601 1360 714 1400 Atque
730 1360 794 1391 boc
809 1364 875 1399 est,

175 1409 267 1450 quod
281 1410 364 1440 dulci
379 1409 460 1440 dolio
475 1409 524 1439 ait
541 1408 704 1440 Horatius
719 1419 729 1447 ;
754 1414 875 1440 vetera

173 1459 263 1490 enim
278 1459 457 1490 amariora.
483 1459 571 1490 Torr.
610 1458 722 1490 Hor-na
734 1459 817 1490 dulci
828 1457 871 1489 ci·

174 1519 215 1542 Μ
233 1518 376 1549 promens
387 1509 484 1550 dolio]
508 1509 622 1549 Hujus
638 1509 715 1540 anni
730 1509 820 1540 vina.

217 1561 260 1590 48
286 1559 396 1599 Dapes
420 1558 588 1599 inemptus]
626 1559 753 1590 Notum
791 1557 873 1589 illud

177 1608 340 1640 catonis:
379 1609 388 1626 ‘
403 1609 543 1640 Patrem
573 1607 718 1639 familias
750 1607 875 1640 venda·

175 1668 262 1699 cem,
288 1663 323 1690 et
346 1668 412 1691 non
429 1668 583 1691 emacem
599 1668 673 1690 esse
693 1657 877 1699 oportere!

176 1708 318 1750 Optime
333 1709 436 1740 etiam
449 1709 544 1748 virg.
558 1708 684 1748 Georg.
695 1717 746 1740 ιν.
761 1708 878 1739 ‘Sera-

179 1768 245 1799 que
258 1763 434 1793 revertens
444 1759 559 1790 Nocte
569 1757 718 1795 domum,
733 1757 878 1797 dapibus

178 1817 312 1840 mensas
339 1807 505 1838 onerabat
528 1805 713 1846 inemptis!
757 1806 879 1846 Inemp·

179 1861 230 1892 tas
244 1857 388 1898 apparet]
406 1857 508 1887 Escas
523 1865 583 1886 suo
606 1855 722 1886 labore
741 1860 879 1896 paratas

180 1912 214 1937 et
227 1906 317 1942 domi
331 1911 440 1938 natas.
469 1906 667 1947 [Bamberg.
677 1906 784 1947 Dapes
795 1906 880 1947 inep-

182 1955 260 1996 tam]

225 2009 268 2038 49
291 2006 367 2037 Non
391 2015 440 2037 me
463 2005 616 2046 Lucrina]
644 2006 830 2047 Conchylia
848 2006 881 2038 in

185 2057 262 2087 lacu
279 2056 427 2088 Lucrino
441 2061 543 2096 capta
562 2056 656 2097 (quae
673 2061 752 2088 sunt
775 2058 882 2088 omni-

182 2115 237 2136 um
255 2105 553 2147 praestantissima)
567 2115 632 2137 uon
649 2107 756 2147 magis
769 2106 881 2138 delec-

184 2156 344 2196 taverint,
357 2159 416 2187 aut
439 2156 624 2191 Rhombus,
651 2157 719 2197 vel,
735 2159 801 2188 διο.
821 2157 881 2188 Lu-

184 2206 272 2238 m‘na
285 2205 461 2248 conchylia]
472 2206 657 2248 Postquam
674 2217 814 2247 genera,
823 2217 882 2238 uo-

185 2256 340 2298 minaque
356 2256 504 2289 edulium
521 2266 561 2288 ac
573 2256 725 2289 ciborum
742 2257 881 2289 domici-

185 2308 230 2339 lia
252 2308 423 2349 vestigare
450 2318 490 2340 ae
517 2309 728 2350 distinguere
744 2309 884 2350 profun-

185 2358 231 2390 da
253 2358 423 2390 homiuum
451 2359 616 2400 ingluvies
641 2369 708 2390 non
734 2361 884 2399 erubuit,

186 2408 313 2448 primm
326 2408 464 2448 Sergius
480 2407 590 2439 Orata
603 2408 769 2448 optimum
790 2418 886 2449 sapo-

190 2467 260 2490 rem
275 2458 398 2489 ostreis
414 2457 569 2488 Lucrinis
585 2457 806 2498 adjudicavit.
825 2459 886 2490 Vi-

191 2506 236 2539 de
261 2507 353 2538 Plin.
379 2515 434 2539 xx·
458 2509 512 2538 54.
537 2511 573 2539 et
602 2516 725 2540 xxxn.
750 2511 784 2541 6.
810 2509 887 2542 val.

193 2557 288 2589 Max.
304 2565 357 2588 1x.
366 2558 404 2589 ,1.
450 2556 563 2598 Atque
578 2557 640 2590 hoe
653 2564 718 2599 est,
741 2559 830 2601 quod
845 2569 888 2591 ex

194 2606 286 2639 Catii
307 2605 490 2647 disciplina
511 2607 622 2648 inquit
641 2607 765 2640 Horat.
797 2609 888 2641 ‘Sed

193 2666 260 2688 non
284 2665 384 2688 omne
406 2665 500 2688 mare
522 2660 574 2688 eat
587 2665 764 2697 generosae
778 2657 891 2691 fertile

193 2706 319 2740 testae?
363 2707 411 2739 Et
435 2706 478 2738 de
501 2707 707 2747 peritissimo
721 2709 808 2749 gule
823 2719 891 2741 ma·

194 2758 302 2800 gistro
313 2757 473 2790 Juvenal.
488 2756 559 2788 Sat.
575 2766 625 2789 iv.
641 2757 651 2775 ‘
667 2757 797 2790 Circeis
812 2763 893 2791 nata

192 2807 319 2847 forent,
336 2816 377 2839 an
393 2806 573 2838 Lucrinum
600 2807 643 2838 ad
669 2817 799 2847 saxum,
823 2807 892 2840 Ru-

198 2859 360 2899 tupinove
373 2855 467 2887 edita
481 2855 586 2887 fundo
597 2856 736 2900 Ostrea,
747 2858 895 2891 callebat

278 2910 396 2951 Delph·
407 2917 440 2946 et
459 2912 533 2943 Var.
549 2913 635 2945 Clas·

866 2913 985 2945 Horat.

1501 300 1615 345 1537

913 403 1022 444 primo
1047 401 1264 444 deprendere
1287 411 1416 443 morsu,
1441 403 1487 434 Et
1511 406 1616 436 semel

914 453 1048 493 aspecti
1072 452 1211 484 dicebat
1240 453 1339 484 littus
1362 453 1510 485 Echini.'
1540 455 1615 485 Tor-

911 507 994 534 rent-
1443 514 1445 517 ·
1475 506 1479 511 '

955 558 998 586 50
1018 554 1195 596 Rhombus]
1211 554 1327 587 Turbo
1342 560 1396 587 est
1409 555 1513 597 piscis
1525 565 1619 598 mag-

914 605 948 636 ni
962 605 1079 647 pretii,
1095 605 1144 636 sic
1157 605 1259 636 etiam
1276 606 1412 638 Scarus.

957 658 998 687 51
1009 655 1049 686 Si
1062 665 1138 696 quas
1151 655 1244 696 Eois]
1259 655 1314 687 Ad
1327 657 1448 688 Scaros
1463 657 1528 688 hoc
1542 666 1620 698 per-

915 707 1016 739 tinet.
1048 707 1172 739 Scarus
1192 707 1281 738 enim
1299 708 1404 749 piscis
1426 709 1537 740 Italia.-
1565 709 1623 741 lit-

916 757 1047 789 toribus
1072 757 1158 789 adeo
1181 758 1260 789 olim
1276 758 1410 799 ignotus
1426 758 1507 800 suit,
1523 764 1561 791 ut
1577 769 1621 791 ne

915 817 1038 840 nomeu
1077 808 1214 849 quidem
1247 808 1405 840 Latinum
1439 808 1620 840 invenerit.

917 858 1072 890 Macrob.
1095 867 1152 889 m.
1172 860 1225 889 16.
1252 858 1294 889 de
1321 868 1388 900 quo
1403 859 1505 890 etiam
1520 859 1622 890 Colu-

917 909 1018 940 mella
1033 917 1114 940 vin.
1128 910 1180 940 16.
1223 908 1409 950 Ingeniose
1425 908 1529 950 igitur
1551 909 1623 941 Ho—

918 960 1025 991 ratius
1053 959 1158 990 veluti
1181 964 1390 1000 tempestate
1413 969 1456 990 ex
1478 959 1624 992 Oriente

918 1011 951 1042 in
966 1010 1100 1042 Latium
1113 1010 1308 1051 compulsos
1325 1010 1385 1042 ait.
1421 1010 1550 1042 Mirum
1567 1020 1626 1042 au-

920 1063 989 1091 tem
1027 1061 1060 1091 in
1091 1060 1246 1092 omnibus
1276 1061 1422 1092 vetustis
1449 1060 1625 1092 codicibus

919 1120 1046 1142 scam-m
1067 1119 1131 1151 pro
1153 1110 1251 1141 scaris
1281 1110 1370 1150 legi:
1396 1110 1445 1141 uti
1474 1115 1510 1142 et
1534 1110 1626 1150 apud

921 1160 1158 1192 Columellam.
1185 1161 1274 1192 Torr.
1316 1160 1358 1197 ,Si
1384 1171 1459 1201 quos
1488 1160 1563 1191 Eois
1578 1160 1627 1191 in-

922 1211 1202 1254 tonalaflactibus]
1215 1212 1251 1243 Si
1267 1221 1352 1253 quos
1361 1211 1482 1243 Scaros
1496 1211 1628 1252 hyems,

923 1262 975 1304 (id
988 1266 1054 1300 est,
1078 1266 1268 1303 tempestas
1293 1260 1485 1302 concitata)
1515 1265 1628 1292 vertat

924 1311 966 1342 ad
983 1320 1076 1342 mare
1093 1311 1266 1343 Italicum.

966 1364 1007 1392 5³
1030 1362 1114 1400 Afra
1129 1362 1212 1402 avis]
1241 1362 1300 1393 Sic
1315 1362 1475 1394 Juvenal.
1492 1372 1629 1403 quoque

924 1409 993 1441 Sat.
1011 1418 1064 1441 xi.
1091 1410 1101 1427 ‘
1118 1411 1194 1442 Nec
1217 1409 1364 1442 frustum
1392 1420 1527 1451 capreae
1551 1410 1628 1442 sub-

925 1459 1063 1497 ducere,
1086 1469 1150 1491 nec
1179 1460 1268 1491 latus
1294 1459 1386 1492 Afroe
1419 1461 1528 1492 Novit
1558 1461 1630 1492 avis

924 1513 1041 1540 noster
1072 1509 1289 1541 tirunculus:
1349 1509 1478 1541 Eadem
1514 1515 1630 1541 autem

923 1559 1012 1591 haud
1029 1558 1132 1591 dubie
1144 1569 1220 1601 quoe
1235 1564 1271 1590 et
1286 1559 1513 1599 Numidica‚a
1530 1565 1630 1601 parte

925 1607 1054 1640 Africae
1080 1608 1257 1648 Numidia,
1283 1613 1321 1640 ut
1343 1609 1394 1641 ait
1418 1609 1510 1640 Pliu.
1527 1618 1563 1640 x.
1578 1612 1633 1642 48.

926 1658 1115 1690 Columella
1129 1668 1214 1690 vm.
1229 1662 1261 1691 2.
1284 1660 1311 1690 A
1310 1659 1368 1698 sm
1382 1659 1451 1690 avis
1465 1661 1631 1691 descendat

924 1708 960 1739 in
986 1711 1125 1739 ventrem
1145 1709 1261 1749 meum]
1299 1706 1439 1739 Gallina
1466 1707 1633 1739 Africana

927 1767 993 1788 non
1010 1762 1126 1798 potest
1141 1758 1220 1788 mihi
1234 1767 1311 1788 esse
1328 1757 1423 1788 cibus
1434 1757 1633 1798 jucundior.

928 1806 1175 1846 [Schoeuborn.
1189 1809 1220 1838 2.
1236 1807 1395 1838 descendit
1411 1808 1445 1837 in
1456 1809 1623 1849 ventrem-J

972 1859 1012 1888 54
1043 1857 1186 1896 Attagen
1214 1857 1352 1897 Ionicus]
1399 1857 1549 1898 Attagen
1580 1862 1635 1889 est

928 1907 1000 1937 avis
1026 1905 1178 1938 Asiatica
1207 1906 1298 1938 iuter
1327 1906 1551 1938 nobilissimas
1576 1908 1634 1938 ha-

930 1956 1014 1987 bita.
1059 1956 1171 1996 Ionia,
1195 1961 1249 1988 est
1273 1966 1350 1998 pars
1377 1956 1484 1996 Asiae,
1508 1958 1541 1988 in
1566 1967 1634 1999 qua

929 2005 996 2037 fuit
1011 2005 1090 2037 urbs
1105 2006 1273 2047 Ephesus.

973 2059 1014 2088 ⁵7
1037 2056 1148 2087 Herba
1168 2056 1306 2097 lapathi]
1327 2056 1477 2088 Λᾶπαθον
1499 2057 1636 2094 Graece,

931 2106 1052 2138 Latine
1062 2115 1184 2146 rumex,
1199 2107 1297 2147 plura
1312 2105 1415 2138 habet
1431 2116 1565 2148 genera.
1590 2108 1638 2139 Et

930 2166 1133 2198 quamquam
1175 2156 1323 2188 omnium
1359 2156 1504 2188 decocto
1543 2158 1637 2189 olere

930 2206 1083 2238 mollitur
1104 2206 1214 2247 alvus,
1231 2207 1404 2247 praecipue
1429 2211 1541 2238 tamen
1565 2208 1637 2238 lau-

932 2257 1031 2289 datur
1054 2257 1103 2296 id,
1133 2257 1225 2299 quod
1251 2268 1271 2289 a
1295 2258 1453 2289 foliorum
1481 2258 1638 2289 acumine

931 2305 1125 2347 ὄξνλάπαθον
1133 2308 1250 2339 vocari
1268 2307 1419 2339 tradunt.
1444 2307 1542 2340 Quod
1561 2317 1638 2339 cum

934 2358 1067 2389 Plinius
1083 2367 1151 2389 non
1167 2358 1230 2389 nisi
1246 2358 1280 2389 in
1297 2357 1509 2398 palustribus
1531 2358 1639 2397 nasci,

934 2411 970 2437 et
995 2407 1102 2437 sativo
1129 2406 1275 2439 similius
1301 2417 1376 2438 esse
1403 2407 1537 2445 scribit,
1559 2407 1640 2438 inde

934 2455 1253 2496 interpretabimur,
1273 2457 1365 2498 quod
1386 2460 1481 2497 prata
1502 2457 1642 2487 amantis

937 2505 1113 2546 epitheton
1136 2506 1308 2538 addiderit
1330 2507 1507 2538 Horatius.
1550 2505 1642 2536 Vide

937 2555 1127 2588 Victorium
1143 2555 1226 2588 Var.
1244 2557 1340 2588 Lect.
1352 2564 1465 2587 xxm.
1479 2557 1531 2586 13.
1550 2555 1642 2587 Torr-

938 2605 1077 2646 Lapatki
1100 2604 1211 2645 prata]
1233 2605 1424 2645 Lapatbum
1449 2606 1560 2636 Latini
1581 2614 1642 2640 an-

939 2656 1072 2697 pellant
1086 2655 1247 2694 ramittam,
1270 2655 1313 2686 de
1336 2655 1431 2695 cujus
1454 2655 1554 2686 variis
1578 2663 1644 2686 vlr-

940 2706 1072 2738 tutibus
1083 2705 1221 2736 consule
1235 2703 1489 2737 Dioscoridem.
1525 2703 1643 2744 Gravi]

942 2756 1085 2797 Corpori
1099 2755 1280 2796 aegrotanti
1298 2755 1386 2787 Plin.
1403 2763 1465 2787 xx.
1479 2757 1534 2787 21.

984 2810 1026 2838 69
1051 2805 1290 2847 Terminalibus]
1312 2806 1487 2837 Terminus
1503 2805 1584 2836 olim
1607 2805 1642 2836 in

941 2867 1073 2890 summa
1088 2855 1307 2889 veneratione
1319 2856 1424 2888 fuisse
1436 2865 1534 2888 nemo
1550 2856 1643 2896 igno-

1483 2909 1555 2940 513
