1890 3230
468 265 677 297 nonna
708 264 985 297 sannionum
1018 263 1116 296 mu.
1149 264 1202 295 11.
1231 253 1276 295 6.

144 357 274 388 lentem
289 365 471 397 nummum,
485 365 586 398 quam
601 355 759 394 fundum,
779 355 839 387 ad-

145 405 262 438 dicere
281 405 314 437 ei
335 404 475 437 fundum
498 406 656 446 pecunia.
701 406 838 437 Nunnio

144 458 177 487 te
189 454 348 495 addicere]
364 455 487 487 Placet
495 455 537 487 de
553 454 747 496 imaginaria
756 464 837 495 qua-

144 504 222 538 dam
245 505 397 537 emtione
426 505 537 536 locum
564 506 652 537 hune
678 503 838 545 intelligi,

143 564 221 595 qum
243 563 378 587 nummo
404 554 480 588 fieri
500 554 690 593 dicebatur,
710 563 747 586 re
762 554 838 595 ipsa

143 612 226 636 vero
239 603 380 636 donatio
404 609 491 637 erat.
532 603 686 636 Adaicere
700 613 835 644 nummo,

142 653 254 694 inquit
279 653 441 694 Budoeus,
466 658 521 685 est
549 652 637 694 quod
667 658 836 687 nostrates

141 703 272 744 dieunt,
299 702 411 736 frusto
439 703 536 744 panis
561 702 722 742 vendere,
745 702 836 744 quod

142 751 335 786 donationis
363 756 418 784 est
443 753 562 792 instar,
585 760 662 784 cum
689 752 836 784 obtentu

139 802 346 837 venditionis
368 812 440 836 rem
467 803 645 843 donantes,
672 802 834 836 invidiam

142 851 335 885 donationis
356 853 514 890 vitamus,
535 856 594 885 aut
610 852 732 893 pudori
747 853 835 886 acci·

139 901 268 942 pientis
304 901 523 935 consulimus.
563 902 662 942 (ἔνιαι.
730 903 834 935 Turn.

137 958 280 985 xxvnt.
301 954 335 984 3.
386 950 450 983 Sed
471 951 533 992 me]
552 951 693 984 Tiresiae
716 952 834 985 umbra

141 1000 232 1040 apud
251 999 376 1034 inferos
392 1001 464 1032 lioec
477 1002 588 1033 omnia
604 1001 763 1043 loquitur.

181 1051 197 1082 1
203 1052 243 1083 to
250 1049 422 1090 Impar-ioca
431 1049 530 1082 trahit
538 1050 742 1092 Proserpina]
750 1051 833 1085 Pro-

137 1098 274 1139 serpina
296 1099 415 1132 mortis
438 1099 580 1140 arbitra,
598 1106 636 1131 ut
653 1110 678 1133 ι.
697 1101 764 1134 Od.
779 1104 832 1134 28.

136 1147 294 1189 vidimus,
319 1149 579 1191 umbrarumque
594 1150 750 1183 domina:
776 1162 834 1184 cu-

132 1199 191 1239 jus
220 1205 326 1235 metu,
356 1210 399 1232 ne
428 1200 622 1243 Gorgonem
651 1201 831 1243 objiceret,

135 1250 235 1288 plura
258 1249 349 1291 apud
378 1248 507 1282 inferos
537 1251 682 1283 scrutari
708 1252 833 1285 desinit

66 1301 68 1304 '
135 1298 276 1340 Ulysses
306 1299 341 1332 in
379 1300 520 1333 Homeri
557 1302 830 1342 Necyomantia3

134 1348 416 1389 quemadmodum
431 1355 468 1382 et
484 1350 573 1391 apud
597 1351 696 1392 Virg.
725 1353 830 1385 immi-

134 1402 237 1431 nente
254 1409 386 1437 aurora.
400 1399 543 1441 Sibyllae
558 1401 701 1437 monitu.
711 1402 831 1434 umbra

134 1448 306 1489 Deiphobi
319 1449 456 1483 AEueam
467 1450 640 1492 relinquit.
652 1451 741 1484 Torr.
764 1451 829 1484 Im·

127 1499 266 1540 per-ioca]
301 1501 509 1543 Proserpina
544 1511 620 1543 quae
649 1502 828 1543 imperium

131 1547 236 1581 habet
250 1550 286 1582 in
304 1556 466 1583 mortuos.

130 1597 212 1630 Suu
225 1608 276 1631 vx.
296 1600 340 1640 Se
355 1604 552 1632 contentum
566 1601 607 1632 iis
621 1610 697 1642 quae
712 1601 828 1642 babet,

172 1648 301 1689 vivere,
324 1659 364 1682 ac
388 1649 489 1690 plura
509 1659 575 1681 non
591 1656 713 1690 optare
728 1651 825 1683 dicit.

173 1697 310 1731 Deinde
335 1698 397 1730 otii
421 1698 485 1737 sui,
506 1707 574 1738 quo
597 1699 667 1730 ruri
690 1698 827 1735 fruitur,

174 1747 351 1778 commoda
366 1756 444 1779 cum
459 1746 682 1780 incommodis
696 1747 828 1788 negoti·

171 1804 269 1829 orum
292 1801 330 1829 et
354 1796 596 1833 mole-tinum,
620 1806 699 1838 quae
724 1797 827 1831 vitam

172 1844 335 1878 urbanam
349 1846 570 1887 comitantur,
578 1852 766 1889 comparat.

174 1900 193 1930 1
217 1897 289 1930 Hoc
317 1902 385 1931 ενα
403 1899 437 1931 in
459 1900 556 1941 votis]
577 1900 752 1933 ‘Vovere'
774 1905 826 1935 est

128 1949 208 1980 Deo
223 1948 349 1990 aliquid
363 1953 482 1982 sancte
498 1949 715 1990 promittere:
735 1951 825 1993 quod

129 1997 286 2039 quoniam
307 1998 387 2031 ideo
401 1997 476 2032 fieri
491 2000 591 2039 solet,
607 2005 645 2032 ut
659 2000 749 2042 quod
765 2011 824 2042 op-

130 2051 255 2087 tamus,
267 2048 334 2081 Dei
361 2048 526 2082 beneficio
546 2048 679 2083 facilius
705 2059 825 2084 conse·

130 2107 284 2139 quamur,
299 2099 377 2132 binc
398 2099 408 2115 ⁸
425 2099 565 2132 vovere'
580 2109 673 2141 saepe
688 2110 751 2141 pro
762 2111 822 2143 op·

128 2152 203 2182 tare
217 2149 406 2191 accipitur:
422 2154 459 2182 et
474 2155 512 2183 ut
526 2150 537 2169 ‘
552 2159 675 2182 vovere
688 2150 698 2164 ’
720 2156 822 2194 atque

126 2198 137 2215 ⁴
148 2198 294 2238 optare-,¹
308 2199 359 2231 sie
372 2201 383 2218 ⁴
399 2209 519 2240 preces
530 2200 540 2214 '
553 2205 589 2232 et
604 2201 615 2218 ⁴
630 2201 732 2237 vota:
747 2201 820 2235 fere

127 2249 391 2290 conjunguntur.
429 2249 504 2281 Nec
520 2249 612 2283 aliud
627 2254 680 2283 est
695 2252 750 2282 ‘in
764 2261 820 2283 vo-

62 2337 73 2342 .
129 2297 173 2328 tis
186 2297 288 2336 esne:
308 2307 408 2338 qnam
422 2302 544 2338 optare
557 2299 685 2339 aliquid
696 2305 735 2331 nt
747 2300 820 2333 fiat.

128 2345 230 2380 Quod
259 2346 365 2386 igitur
390 2355 526 2386 semper
546 2351 726 2387 optaverat
749 2349 821 2383 Ho-

129 2398 198 2426 rat.
210 2393 245 2425 id
253 2395 453 2427 Macen-tis
462 2395 629 2429 beneficio
636 2396 711 2437 jam
718 2397 822 2439 adep·

130 2448 199 2483 tus,
210 2453 251 2476 ac
267 2453 327 2476 sua
336 2450 429 2477 sorte
444 2450 639 2487 contentus,
654 2447 733 2481 vitm
749 2457 822 2482 rus·

129 2494 210 2526 ticae
220 2494 340 2527 laudes
354 2496 690 2540 commoditatesque,
700 2502 736 2532 et
744 2509 823 2532 con·

130 2547 182 2575 tn
197 2544 335 2576 urbane
358 2545 438 2577 vitm
460 2545 566 2578 taedia
586 2556 628 2578 ac
650 2548 821 2581 molestias

130 2599 300 2634 recenset,
314 2595 519 2635 pulcerrimo
527 2596 664 2629 tandem
677 2598 822 2640 apologo

127 2643 332 2674 concludens
345 2643 435 2676 illam
446 2645 545 2677 alteri
555 2654 628 2678 esse
642 2646 822 2687 praeferen-

129 2691 218 2724 dam.
235 2692 324 2724 Tor-r.
360 2693 432 2725 Hoc
444 2697 512 2727 cml
521 2695 555 2727 ἑτι
569 2695 665 2737 uotis]
679 2696 822 2731 Exordi-

130 2746 186 2772 tur
207 2741 252 2773 ab
273 2743 485 2783 expositione
507 2744 559 2778 sui
581 2746 666 2787 voti,
687 2747 777 2788 quod
801 2759 821 2782 a

129 2790 204 2822 Diis
232 2791 475 2827 immortalibus
512 2794 643 2827 auctius
678 2795 819 2839 factum,

1471 256 1584 301 1735

886 365 987 398 quam
998 361 1206 398 speraverat,
1216 359 1314 397 grato
1325 356 1439 389 animo
1452 357 1585 398 deprae-

886 405 1029 446 dicavit,
1052 406 1087 437 in
1115 415 1182 448 quo
1206 405 1357 439 ostendit
1369 414 1408 438 se
1423 410 1460 438 et
1474 407 1584 441 virum

887 455 1026 495 bonum,
1053 459 1091 488 et
1114 455 1230 495 paucis
1249 459 1458 488 contentum.
1483 456 1583 496 Cruq.

886 504 960 537 Hoc
971 508 1040 538 erut
1052 505 1086 536 in
1101 504 1198 545 auis]
1223 505 1301 537 Hoc
1317 505 1489 547 optabam.
1510 507 1584 538 Μο-

885 553 943 585 dus
955 553 1043 595 agri]
1065 553 1172 586 Varro
1195 558 1204 572 ¹
1218 553 1359 595 agrnm’
1386 554 1429 586 ab
1451 555 1585 595 agendo

886 601 954 635 dici
983 602 1100 642 voluit,
1123 602 1158 634 iu
1180 612 1249 644 quo
1272 609 1398 635 terram
1422 604 1584 646 agebant,

886 650 1020 684 fructus
1043 661 1185 690 caussa;
1209 661 1274 684 nec
1294 653 1455 685 dissentit
1468 655 1585 686 Dona-

885 705 951 732 tus.
989 700 1163 733 Modicum
1173 701 1276 742 igitur
1291 703 1585 743 agrum‚hortum-

883 759 963 790 que,
978 751 1118 783 etsilvae
1133 752 1263 794 aliquid
1286 763 1354 784 una
1379 763 1458 785 cum
1480 753 1585 786 fonti·

884 798 974 837 culo,
999 799 1143 838 optabat
1162 801 1347 832 Horatius:
1370 811 1444 842 quae
1472 803 1586 835 omnia

885 847 998 880 villula
1023 849 1081 880 illa
1103 858 1206 891 quam
1227 849 1262 880 in
1276 850 1410 882 Sabinis
1425 851 1586 892 habebat,

884 898 916 929 ei
942 898 1102 938 praebuit.
1148 899 1204 930 De
1234 908 1300 940 qua
1320 900 1368 931 sic
1395 900 1499 932 etiam
1527 910 1584 933 ιιι.

885 948 954 980 Od.
978 951 1031 982 16.
1054 949 1064 966 ‘
1078 949 1179 981 Purae
1201 949 1294 981 rivus
1310 959 1420 991 aquae,
1434 950 1584 993 silvaque

880 998 1038 1038 jugerum
1064 998 1271 1040 Paucorum,
1294 1005 1329 1030 et
1345 1001 1470 1040 segetis
1486 1007 1584 1034 certa

883 1048 968 1079 fides
977 1048 1084 1083 meae.’
1101 1049 1242 1081 Torreat.
1281 1050 1395 1082 Modus
1405 1051 1493 1092 agri]
1506 1051 1583 1083 Mo-

883 1097 980 1129 dicus
995 1107 1087 1138 ager.
1132 1099 1207 1130 Non
1227 1099 1275 1130 itu
1288 1099 1433 1140 mugnus]
1457 1100 1582 1133 Modus

883 1157 1040 1187 agrorum
1057 1147 1148 1188 apud
1163 1149 1416 1190 antiquissimos
1426 1149 1500 1181 illos
1515 1150 1583 1182 Ro-

882 1205 996 1228 manos
1012 1202 1080 1228 tam
1097 1195 1163 1229 fuit
1187 1198 1343 1238 exiguus,
1366 1208 1466 1240 quam
1493 1199 1584 1240 ipso·

883 1255 956 1276 rum
985 1246 1198 1278 continentia
1227 1243 1358 1289 magna.
1403 1247 1583 1289 Romulus,

882 1300 972 1327 teste
998 1296 1163 1335 varrone,
1191 1297 1272 1329 bina.
1302 1297 1434 1330 civibus
1457 1299 1582 1340 jugera

881 1345 1018 1378 divisit:
1043 1347 1195 1378 accrevit
1218 1347 1578 1388 paulatim—mensura:

880 1395 941 1428 sed
958 1401 1072 1429 tamen
1088 1397 1210 1431 Curius
1226 1398 1284 1430 ille
1311 1399 1499 1440 Dentatus,
1521 1401 1580 1442 qui

880 1454 968 1478 anno
994 1446 1038 1478 U.
1061 1447 1100 1479 C.
1123 1456 1262 1480 cunxu.
1288 1447 1331 1479 de
1355 1448 1581 1490 Samnitibus,

881 1495 1040 1536 Lucanis,
1066 1505 1106 1529 ac
1127 1496 1261 1530 Sabinis
1289 1498 1523 1539 triumphavit,
1545 1500 1580 1532 in

878 1546 1044 1578 concione
1059 1546 1287 1586 perniciosum
1299 1556 1375 1579 esse
1388 1547 1582 1580 civemdix-

877 1593 905 1626 it
916 1594 970 1626 cui
980 1599 1112 1634 septem
1117 1595 1247 1636 jugera
1261 1604 1328 1628 non
1337 1602 1453 1629 essent
1469 1599 1554 1630 satis
1570 1610 1579 1631 :

877 1648 998 1677 auctor
1017 1645 1150 1677 Plinius
1167 1654 1276 1677 xvlu.
1289 1649 1324 1678 4.
1366 1646 1496 1679 Verum
1518 1658 1581 1690 op-

877 1693 959 1724 time
971 1693 1172 1731 Columella,
1180 1694 1190 1709 ‘
1201 1693 1480 1736 Modus,’inquit,
1493 1697 1504 1714 ‘
1512 1698 1579 1730 erit

877 1751 939 1774 sua
951 1742 1073 1784 cuique
1087 1741 1266 1775 moderata
1289 1744 1448 1776 voluntas
1468 1744 1578 1779 facul·v

877 1792 1035 1834 tanquez’
1058 1793 1168 1825 citans
1183 1793 1266 1826 illud
1281 1793 1378 1835 Virg.
1401 1795 1411 1812 ‘
1427 1796 1578 1831 Laudato

876 1843 1030 1885 ingentia
1046 1852 1136 1885 rura,
1155 1843 1324 1886 Exiguum
1345 1845 1477 1879 colito.'
1502 1848 1577 1880 Tor.

875 1897 958 1928 rent.

918 1949 940 1977 2
960 1947 1058 1988 Jugis
1071 1957 1161 1989 aquoe
1169 1947 1262 1988 fons]
1278 1948 1367 1981 Fons
1383 1959 1481 1992 aquaeg
1498 1961 1575 1994 per-

876 2005 984 2030 euuls-

916 2050 936 2079 ³
959 2047 1058 2091 Super
1072 2048 1233 2092 taisson-et]
1253 2049 1354 2082 Ultra
1369 2049 1454 2083 haec.
1490 2051 1576 2084 Auc-

873 2097 938 2130 tius
963 2101 1068 2141 atque,
1085 2097 1157 2140 &cd
1181 2099 1337 2142 Amplius
1359 2111 1461 2143 quam
1477 2107 1575 2144 opta-

872 2147 962 2180 bam.

913 2202 935 2230 4
960 2199 1049 2232 Bene
1069 2199 1133 2240 est]
1170 2201 1247 2233 Quo
1269 2201 1466 2243 utebantur,
1490 2212 1573 2244 quo·

872 2248 939 2281 ties
976 2249 1203 2290 praesentibus
1241 2251 1459 2293 acquiescere
1496 2263 1572 2285 sese

873 2308 913 2330 ae
935 2304 1118 2332 contentos
1147 2310 1222 2332 esse
1249 2301 1367 2334 dicere
1398 2302 1571 2336 volebant.

870 2347 1005 2379 Seneca
1026 2348 1178 2381 Medea:
1200 2351 1210 2367 ‘
1225 2351 1321 2394 Bene
1346 2357 1421 2385 est:
1451 2363 1571 2393 perac-

873 2401 945 2430 tum
956 2401 1028 2429 est:
1048 2397 1148 2438 plura
1161 2408 1227 2431 non
1240 2400 1355 2440 habui,
1364 2400 1474 2440 dolor,
1483 2402 1570 2435 Quae

873 2446 935 2479 tibi
949 2447 1108 2480 litarem-⁹
1141 2448 1271 2482 Auctor
1285 2450 1455 2491 Thyesta:
1479 2452 1489 2469 ‘
1503 2452 1571 2484 Be-

872 2506 916 2531 ne
931 2502 1004 2530 est:
1021 2498 1156 2532 abunde
1171 2504 1246 2533 est:
1263 2500 1319 2533 hic
1330 2501 1446 2542 placet
1458 2512 1569 2543 poeuoe

871 2549 1013 2583 modus.’
1034 2550 1184 2590 Rutgers.
1232 2552 1326 2584 Nilu’l
1346 2553 1479 2593 amplius
1501 2563 1570 2594 oro¹

872 2599 964 2632 Maia
974 2600 1061 2640 nate]
1077 2600 1135 2633 Sic
1150 2601 1193 2634 ad
1211 2602 1441 2635 Maecenatem
1459 2603 1570 2644 Epod.

871 2657 899 2681 1.
922 2648 1032 2680 ‘Satis
1046 2658 1216 2691 superque
1231 2660 1285 2683 me
1301 2651 1494 2692 benignitas
1511 2657 1569 2689 tua

872 2698 1032 2731 Ditavitss
1062 2699 1200 2734 Gratias
1215 2706 1330 2735 autem
1344 2702 1416 2743 agit
1431 2703 1568 2738 Mercu.

872 2749 922 2781 rio
935 2760 945 2780 :
968 2754 1004 2782 et
1019 2750 1110 2791 quod
1126 2750 1159 2783 in
1176 2752 1283 2784 tutela
1298 2758 1400 2792 esset,
1418 2758 1455 2790 et
1476 2755 1568 2797 quod

872 2798 962 2831 Deus
986 2799 1042 2832 ille
1067 2799 1176 2833 ditare
1191 2801 1341 2835 homines
1356 2803 1571 2845 crederetur,
