1904 3216
463 283 676 316 nonssu
709 282 989 315 sannionum
1026 283 1122 313 mn.
1155 281 1208 313 11.
1239 272 1281 314 3.

140 380 346 421 magistratu
370 380 460 412 hunc
484 379 596 412 locum
621 377 766 419 intelligi
786 376 843 408 de-

142 433 226 464 bere
238 431 451 464 existimem:
474 440 540 462 nec
553 429 663 462 minor
675 427 844 460 interdum

142 483 177 514 in
190 481 332 515 coloniis
347 485 384 512 et
398 479 592 522 municipiis
609 487 710 520 quam
725 477 844 508 Romae

143 532 297 569 ambitio,
312 532 458 564 maxime
471 530 533 563 sub
546 529 704 571 Angusto
720 527 846 569 princi-

144 593 204 624 pe,
217 583 277 625 qui
294 582 353 614 illa
373 582 491 614 Romae
507 577 757 622 quodammodo
773 576 846 619 dig-

145 634 256 666 nitate
271 635 482 674 aequaverat.
525 631 571 663 Et
587 629 728 662 Persius
743 628 753 646 ‘
766 629 845 660 Flo-

144 682 248 715 ralia’
263 682 360 720 dicit,
369 691 437 723 quo
449 680 648 712 oedilitstem
662 677 846 719 significet,

144 743 211 765 non
237 732 328 775 quod
344 730 536 764 Floralibus
559 729 774 771 potissimum
789 728 848 759 illa

143 782 280 825 largitio
302 781 425 814 fieret:
457 785 497 812 ut
519 779 563 810 de
589 779 630 811 C.
650 777 796 810 Caesaris
812 781 848 809 et

144 832 198 864 M.
211 832 330 864 Scauri
346 829 512 862 edilitate
525 831 662 860 constat
676 839 684 859 :
719 827 763 859 de
779 837 848 868 qua

142 881 324 914 Suetonius
338 889 415 921 cap.
432 881 483 910 10.
505 883 542 911 et
560 878 694 911 Plinius
713 886 848 910 xxxvt-

145 933 197 963 16.
211 929 256 963 de
271 939 486 972 quocumque
506 927 612 969 igitur
635 927 754 969 populi
768 936 848 959 con-

143 981 250 1023 giario
274 981 339 1013 lioc
364 979 494 1011 dictum
518 978 736 1020 accipiamus.
773 979 849 1010 Tor-

143 1034 226 1064 reat.
271 1031 310 1063 In
324 1030 422 1062 cicere
433 1028 628 1071 aequesdbo]
651 1028 783 1061 AEdiles
799 1033 851 1060 ta·

145 1082 191 1114 lia
203 1090 345 1113 munera
361 1080 452 1122 apud
469 1080 599 1121 priscos
614 1079 650 1111 in
670 1078 759 1111 ludis
774 1079 850 1111 Flo·

147 1131 274 1163 ralibus
290 1131 416 1172 populo
432 1130 572 1162 dabant.

190 1183 253 1213 183
275 1181 378 1213 Latus
391 1183 426 1212 ut
441 1181 474 1212 in
486 1180 586 1221 circo]
607 1179 666 1212 Sic
676 1179 799 1221 optimi
814 1183 852 1211 et

147 1231 371 1264 vetustissimi
401 1231 536 1263 codices
550 1241 560 1271 3
592 1239 659 1262 non
685 1231 788 1266 latas,
810 1233 851 1261 ut

146 1283 182 1314 in
199 1282 360 1323 vulgatis.
406 1281 528 1324 Neque
543 1281 607 1314 boc
620 1281 670 1312 ita
686 1280 851 1322 intelligo,

147 1338 187 1365 ut
210 1333 445 1374 magistratum
467 1330 602 1373 gerenti
624 1331 728 1363 lictor
742 1341 850 1373 popu-

147 1383 216 1414 lum
231 1383 464 1423 summoverit,
477 1391 544 1424 quo
559 1381 699 1414 liberior
714 1378 851 1414 incede-

149 1437 225 1472 ret;
249 1442 360 1475 neque
375 1437 413 1464 ut
427 1432 570 1473 amplior
581 1432 629 1463 illi
645 1441 746 1474 quam
756 1436 851 1464 cete-

148 1484 196 1515 ris
206 1488 289 1526 toga
301 1482 407 1515 fuerit
421 1493 430 1514 :
454 1482 515 1515 sed
526 1482 569 1514 ad
581 1482 777 1514 incedentis
789 1491 852 1523 per

147 1533 223 1565 loca
237 1531 374 1574 publica
389 1531 514 1564 fastum
531 1537 634 1573 atque
647 1532 852 1564 ostentatio-

147 1591 227 1615 nem
258 1581 370 1614 refero
385 1593 395 1614 ε
434 1587 473 1614 nt
502 1582 632 1622 ingredi
660 1583 851 1614 Thrasones

147 1633 271 1670 solent.
286 1630 397 1664 inflati
412 1641 454 1664 ac
474 1631 608 1673 tumidi,
628 1642 697 1675 quo
721 1634 851 1675 majore

149 1691 252 1725 quam
268 1682 338 1714 sint
360 1682 477 1723 specie
496 1682 689 1714 videantur.
734 1683 851 1715 Cireos

149 1738 266 1765 autem
277 1737 314 1764 et
327 1732 464 1764 theatra
477 1732 583 1764 etiam
599 1732 783 1774 municipia
792 1731 851 1764 ha-

150 1782 278 1815 bebant
292 1793 301 1812 t
324 1791 390 1814 nec
402 1782 484 1824 quia
497 1783 507 1800 ‘
522 1781 671 1814 circum’
687 1782 854 1821 nominat,

152 1839 296 1864 necesse
313 1836 367 1864 est
386 1831 507 1864 Romae
532 1832 608 1864 haec
631 1836 710 1864 acta
733 1831 853 1864 videri.

154 1883 297 1916 Torreat.
346 1882 449 1914 Latus
473 1886 510 1914 at
537 1883 572 1914 in
596 1883 678 1915 circo
705 1883 854 1924 spatiere]

151 1932 204 1965 Ut
230 1932 265 1964 in
292 1932 360 1964 lato
382 1932 475 1965 circo
499 1934 664 1975 superbus
688 1933 852 1966 ambules.

153 1982 222 2015 Aut
235 1985 386 2015 «tamid
399 1982 480 2024 stes]
513 1982 584 2016 Aut
605 1988 644 2015 nt
666 1993 763 2016 aenea
785 1989 854 2016 sta-

153 2036 214 2064 tua
245 2033 308 2065 tibi
334 2032 498 2075 erigatur.
555 2035 675 2066 AEaeus
709 2038 746 2066 ut
775 2035 853 2076 stes]

154 2082 292 2116 Publici
306 2083 443 2116 honoris
458 2093 560 2116 causa
574 2095 584 2115 ι
601 2090 705 2127 atque
717 2085 766 2117 ita
778 2085 854 2116 Vir-

154 2134 254 2175 gilius
270 2144 280 2166 :
306 2136 316 2151 ‘
327 2134 364 2166 Si
378 2133 505 2166 foetura
520 2144 657 2176 gregem
673 2136 854 2177 suppleve-

151 2186 212 2226 rit,
227 2195 350 2218 aureus
365 2185 464 2218 esto!
495 2187 640 2218 Torreat.

197 2239 260 2270 184
283 2237 390 2269 Nudi·
402 2236 507 2278 agria]
531 2238 582 2269 Ut
600 2238 687 2270 Milo
708 2238 781 2277 ille,
795 2237 853 2280 qni

153 2287 222 2319 tria
236 2287 441 2329 patrimonia
462 2287 671 2329 amplissima
688 2288 853 2320 delinien-

153 2337 208 2368 dae
223 2336 318 2378 plebi
333 2337 501 2368 insumsit.
548 2336 616 2367 Sed
633 2342 669 2368 et
683 2338 800 2368 Caesar
813 2346 856 2368 ex

154 2392 311 2429 praetura
335 2386 370 2417 in
397 2385 599 2426 Hispaniam
624 2385 856 2426 profecturus,

155 2436 322 2469 absumtis
347 2435 503 2477 improba
526 2435 706 2476 largitione
721 2437 856 2476 opibus,

155 2487 208 2519 bis
224 2485 345 2518 millies
367 2485 583 2527 quingenties
603 2494 687 2526 opus
702 2485 767 2516 sibi
784 2495 859 2518 esse

157 2536 310 2576 dicebat,
335 2539 375 2567 ut
397 2534 478 2567 nihil
500 2535 660 2568 baberet:
685 2536 766 2577 quia
786 2541 860 2568 tan·

157 2586 297 2619 tundem
326 2585 490 2618 debebat.
521 2591 641 2618 auctor
666 2585 859 2628 Appianas.

159 2638 305 2669 Torrent-

139 2714 142 2716 .
203 2690 264 2719 185
293 2686 338 2718 Ut
357 2685 499 2726 plausus]
521 2686 569 2717 Ut
583 2685 702 2727 populi
720 2687 859 2727 applau-

159 2746 215 2769 sus
241 2735 345 2768 feras.
388 2735 533 2776 Agrippa
545 2736 638 2774 feras
664 2735 716 2776 tu]
743 2735 860 2769 Gener

161 2786 322 2828 Augusti,
338 2785 396 2827 qui
419 2785 546 2817 virtute
568 2784 635 2818 fuit
648 2785 716 2828 leo,
732 2795 808 2819 cum
824 2792 860 2819 tu

159 2838 206 2871 sis
222 2837 341 2878 vulpes
358 2835 514 2868 imbellis,

1484 273 1597 315 170⁷

943 379 1005 410 186
1018 377 1136 409 Actaea
1150 375 1334 417 ingenuam]
1348 375 1504 410 Quatuor
1519 377 1599 408 libri

898 428 1019 469 optimi
1041 428 1115 460 sine
1139 428 1208 459 ulla
1231 426 1332 459 litura
1353 426 1484 459 habent
1509 427 1599 467 inge-

898 479 1003 510 nium:
1019 483 1057 510 ut
1072 482 1182 510 totum
1197 477 1295 518 illud,
1309 480 1415 509 astuta
1428 477 1601 518 ingenium,

900 528 995 569 vulpi
1018 527 1141 559 detur:
1166 536 1243 569 quae
1264 526 1354 569 quod
1379 527 1434 559 leo
1460 527 1602 567 viribus,

899 576 977 617 ipsa
1019 576 1148 618 ingenii
1194 577 1323 608 astutia
1359 582 1602 619 consequatur.

899 628 1027 661 Obiter
1040 634 1156 662 autem
1170 628 1222 661 M.
1235 627 1402 670 Agrippae
1418 628 1538 660 laudes
1554 633 1606 660 at-

900 677 1005 719 tingit
1028 678 1072 710 de
1102 687 1170 719 quo
1197 686 1224 709 1.
1251 681 1284 710 6.
1311 678 1455 711 Torrene.
1509 678 1606 720 [Vnt.

901 727 999 759 Rom.
1013 730 1046 759 7.
1067 727 1208 766 ingenio.
1253 727 1332 759 Vat.
1347 728 1446 760 Rom.
1459 731 1493 759 2.
1517 738 1538 760 a
1559 738 1604 760 m.

901 786 954 818 pr.
976 777 1154 817 ingenium.
1166 777 1352 818 ..leonum.]

945 830 1008 860 187
1031 828 1083 859 Ne
1108 826 1177 868 quis
1205 826 1360 867 hamam]
1385 827 1606 868 Comparatio

902 877 1171 921 Agamemnonis
1185 877 1325 909 insaniae
1339 877 1382 909 ob
1396 877 1605 910 immolatam

899 929 1130 971 Iphigeniam,
1141 937 1218 960 cum
1233 927 1350 968 Ajacis
1362 926 1479 960 furore
1495 937 1540 959 ex
1555 937 1608 960 ar·

900 989 1031 1012 morum
1051 978 1186 1020 judicio
1206 982 1397 1010 contracto.
1441 978 1508 1010 Res
1524 982 1607 1010 nota

902 1039 945 1062 ex
968 1028 1146 1071 Sophoclis
1162 1027 1272 1070 Ajace
1287 1032 1324 1060 et
1338 1028 1522 1070 Iphigenia
1536 1029 1607 1060 Eu-

902 1081 1040 1122 ripidis,
1070 1084 1107 1112 et
1136 1079 1252 1111 Ovidii
1282 1079 1370 1111 Met.
1395 1088 1479 1111 xm.
1506 1079 1606 1111 Idem.

904 1132 957 1163 Ne
981 1131 1052 1172 quia
1074 1129 1231 1170 humasse]
1255 1130 1421 1170 Dialogus
1442 1134 1496 1162 est
1517 1130 1607 1162 inter

903 1181 1078 1224 plebeium
1108 1180 1279 1223 quendam
1303 1186 1339 1213 et
1366 1181 1492 1222 Regem
1515 1180 1607 1222 Aga·

904 1241 1129 1265 memnonem.
1187 1232 1335 1273 Αἰνείαο]
1361 1231 1607 1273 Agamemnon.

904 1283 1036 1326 [Atride
1047 1282 1146 1315 codd.
1159 1292 1214 1324 ap.
1225 1280 1339 1314 Fezim.
1351 1286 1457 1314 vetas?
1468 1282 1610 1314 cumali-

905 1335 963 1378 qui
980 1333 1083 1367 codd.
1101 1343 1155 1375 ap.
1168 1334 1271 1366 eund.
1282 1338 1319 1366 et
1330 1334 1481 1366 Florent.
1494 1332 1609 1373 1482]

949 1387 1012 1417 188
1035 1384 1109 1416 Rex
1129 1383 1211 1424 sum]
1234 1384 1325 1415 Satis
1349 1393 1412 1425 pro
1439 1383 1605 1424 imperio:

905 1435 1019 1477 Reges
1039 1435 1130 1467 enim
1142 1434 1244 1466 soluti
1263 1433 1407 1475 legibus,
1423 1441 1608 1474 corumque

904 1486 1062 1517 voluntas
1079 1494 1141 1525 pro
1158 1486 1233 1525 lege
1249 1485 1420 1525 accipitur
1435 1496 1442 1514 ε
1465 1488 1502 1516 et
1517 1483 1608 1526 quod

904 1535 1052 1577 principi
1066 1535 1209 1577 placuit,
1222 1535 1308 1575 legis
1322 1534 1428 1567 habet
1444 1535 1608 1575 vigorem.

907 1586 1052 1619 Tou—rene.
1097 1585 1171 1617 Rex
1191 1584 1275 1626 sum]
1299 1585 1499 1627 Respondet
1518 1584 1610 1625 Aga-

905 1646 1076 1669 memnon.
1136 1636 1197 1667 Nil
1222 1637 1307 1667 ultra
1328 1646 1433 1677 quoero
1457 1634 1610 1676 plebeius]

904 1686 1022 1718 Verba
1036 1689 1118 1717 sunt
1132 1685 1271 1725 plebeii.
1305 1686 1351 1716 Et
1365 1685 1502 1726 oequam]
1518 1684 1610 1725 Aga-

904 1744 1066 1768 memnon
1089 1735 1276 1766 orationem
1300 1744 1396 1766 suam
1420 1735 1610 1767 continuat.

907 1785 1004 1827 [Vat.
1021 1785 1123 1817 Rom.
1139 1787 1171 1817 7.
1192 1794 1252 1816 vum
1269 1785 1381 1827 altra]

951 1838 1014 1868 189
1037 1835 1157 1877 Inalto]
1179 1834 1336 1876 Impune.

951 1889 1015 1918 190
1036 1885 1182 1918 Maxime
1201 1885 1327 1926 regam]
1349 1885 1464 1918 Verba
1484 1885 1611 1927 plebeii

909 1937 1080 1978 captantis
1096 1936 1369 1968 benevolentiam
1386 1946 1406 1968 a
1420 1945 1514 1977 rege.

954 1989 1012 2018 191
1039 1987 1101 2018 Dii
1116 1986 1190 2028 tibi]
1206 1987 1397 2028 Responsio
1410 1987 1613 2028 Damasippi

908 2038 972 2070 sub
1000 2037 1128 2078 plebeii
1151 2037 1293 2069 hominis
1320 2047 1476 2079 persona,
1491 2037 1536 2070 ob
1551 2038 1613 2070 mi·

908 2088 1076 2120 tissimum
1101 2087 1193 2129 regis
1217 2087 1348 2119 dictum
1365 2088 1490 2128 gratias
1509 2097 1612 2128 agen-

907 2139 962 2179 tis,
977 2143 1012 2170 et
1028 2138 1200 2178 precantis
1217 2147 1237 2168 a
1252 2138 1330 2169 Diis
1353 2137 1613 2175 immortalibus,

908 2189 996 2231 quod
1014 2189 1071 2220 ille
1088 2189 1234 2220 maxime
1250 2194 1362 2230 optet.
1407 2188 1518 2219 Paulo
1533 2193 1613 2218 ante

908 2247 1003 2278 vero,
1018 2248 1081 2279 pro
1095 2239 1198 2270 dicere
1212 2248 1282 2279 quoe
1293 2239 1404 2278 sentis,
1425 2239 1505 2279 quod
1517 2239 1614 2270 sentis

908 2289 1037 2321 habent
1064 2290 1176 2321 omnia
1206 2289 1429 2330 exemplaria,
1453 2292 1513 2320 aut
1540 2288 1615 2330 quid

909 2339 1018 2370 sentis.
1062 2339 1164 2371 Quod
1187 2343 1302 2369 autem
1324 2339 1490 2369 redducere
1511 2347 1615 2369 excu-

911 2388 1061 2419 dendum
1095 2389 1230 2418 curavit
1264 2387 1463 2427 Lambinus,
1490 2387 1616 2428 impro-

912 2438 995 2469 bare
1009 2446 1074 2468 non
1086 2446 1221 2478 possum
1233 2447 1242 2475 ;
1256 2445 1460 2478 quamquam
1471 2438 1618 2469 reducere

913 2488 1040 2520 habent
1063 2498 1082 2519 e
1105 2489 1229 2520 nostris
1253 2487 1387 2529 optimi,
1403 2492 1438 2519 at
1452 2489 1617 2520 redducere

914 2544 1048 2570 tantum
1076 2539 1297 2570 recentiores.
1324 2538 1465 2569 Tam-ent.
1519 2538 1617 2578 [vat.

915 2592 967 2621 10.
992 2599 1011 2619 a
1023 2598 1067 2620 m.
1084 2598 1137 2630 pr.
1160 2589 1288 2620 classem
1301 2591 1393 2631 cepta
1406 2589 1565 2627 deducere,
1580 2593 1617 2621 et

914 2648 932 2670 a
949 2648 994 2669 m.
1010 2647 1078 2669 sec.
1100 2637 1274 2678 reducere]

958 2690 1019 2719 192
1049 2688 1136 2727 Ergo
1165 2686 1337 2727 consulere]
1374 2687 1522 2719 Turueb.
1551 2697 1618 2721 vn.

914 2740 968 2770 10.
1003 2737 1274 2771 Jurisconsnltos
1297 2737 1422 2769 imitari
1436 2738 1490 2769 hic
1505 2737 1617 2770 Hora-

916 2789 999 2820 tium
1017 2786 1146 2819 tradit:
1168 2796 1252 2829 quos
1270 2786 1328 2828 qui
1352 2787 1483 2818 consilii
1498 2796 1619 2819 caussa

916 2839 1069 2880 adibant,
1090 2839 1206 2871 dicere
1230 2838 1334 2880 soliti,
1356 2839 1366 2857 ‘
1385 2839 1480 2872 Licet
1496 2849 1615 2872 consu-
