1930 3204
136 905 138 907 ·
178 891 294 922 Vestis
323 891 507 924 muliebris.

510 295 719 328 HoRA'rn
751 294 1031 328 sannionum
1068 297 1164 328 ma.
1198 298 1228 328 1.
1260 287 1303 328 2.

181 389 296 422 cinere
310 390 519 423 ornabantur
534 392 658 431 crines,
667 389 756 423 unde
767 389 778 408 ⁴
788 390 879 422 cala·

180 439 328 472 mistrati
342 440 511 482 juvenes!
552 440 642 472 Vide
654 440 769 471 Valer.
784 439 879 471 Max.

181 498 224 521 11.
249 493 280 522 1.
307 490 447 522 Torreat.
493 490 678 532 Cimflones]
701 488 880 530 Cinerarii,

180 540 238 582 qui
253 540 455 573 calamistris
469 540 648 573 calefactis
663 539 774 572 crines
799 539 879 572 cris-

181 595 277 631 pant.

223 643 267 672 99
288 639 342 672 Ad
355 641 434 672 talos
447 642 526 672 stola
541 640 685 680 demissa,
700 639 768 680 ssa]
783 640 880 672 Stola

178 693 407 721 matronarum
430 690 547 722 tunica
570 689 704 730 proprie
721 690 824 726 dicta,
839 690 876 721 li·

179 745 236 772 cet
266 740 356 782 apud
385 741 525 773 Graecos
558 745 594 773 et
622 741 786 772 barbaros
816 750 880 782 pro

180 792 348 823 communi
365 797 460 824 veste
475 797 511 824 et
525 793 670 825 maxime
688 794 777 825 virili
794 793 881 826 acci-

179 841 305 882 piatur.
349 841 441 874 Stolo
453 842 597 878 demissa,
622 847 654 875 et
674 843 879 884 circumdata]

564 893 767 925 Circumdata
795 894 880 934 palla

177 940 339 982 Plurima]
358 941 508 974 Lambin.
521 942 810 983 interpunctionis
822 949 880 973 no-

178 993 214 1022 ta
233 995 370 1031 separat
390 991 525 1031 plurima
546 1002 565 1023 a
584 991 680 1032 polla,
704 991 764 1022 sed
780 991 878 1024 male.

180 1038 274 1070 Palla
289 1040 392 1079 enim,
412 1045 450 1072 ut
473 1045 554 1072 ante
575 1040 701 1079 monui,
717 1041 831 1081 ampla
844 1046 880 1072 et

180 1087 315 1120 sinuosa
331 1094 425 1129 erat3
447 1100 514 1122 non
530 1091 638 1122 solum
655 1090 794 1129 tnnicae,
810 1091 879 1122 vel-

179 1137 229 1168 uti
253 1138 393 1180 pallium
413 1139 596 1180 quoddam.
618 1144 656 1170 ut
681 1139 793 1180 inquit
809 1139 880 1171 No-

179 1186 267 1223 nius,
290 1187 353 1219 sed
372 1193 408 1219 et
435 1188 500 1229 ipsi
525 1189 619 1220 stolae
637 1189 880 1229 superinduta3

177 1236 241 1268 ἀπὸ
262 1238 320 1269 τοῦ
343 1237 490 1278 πάλλειν,
513 1239 547 1270 id
565 1243 630 1279 est,
653 1250 673 1271 a
698 1239 880 1272 mobilitate.

176 1287 333 1320 Torrent.
379 1288 487 1329 Palla]
510 1289 681 1320 Matronae
704 1289 880 1321 indumen-

179 1341 250 1368 tum
266 1337 309 1369 ad
327 1337 431 1378 pedes
445 1348 554 1379 usqne
568 1338 762 1370 demissum.

223 1390 284 1420 1⁰⁰
307 1387 464 1430 Plurima,
493 1398 563 1429 quoe
591 1389 753 1420 invideant
782 1390 878 1431 pure]

177 1437 330 1470 Plurima
343 1443 516 1480 sunt,quae
531 1438 591 1470 tibi
604 1439 754 1471 obstent.
788 1439 882 1480 Rem]

177 1487 351 1520 Matronae
374 1498 508 1530 corpus.
552 1489 710 1530 Plurima,
731 1490 800 1530 Esca]
824 1490 880 1521 lta

177 1541 216 1569 ut
246 1537 412 1570 Horatius
441 1539 560 1570 innuat
592 1537 727 1571 officere
757 1541 878 1571 stolam

175 1588 347 1621 dimissam
370 1589 412 1621 ad
438 1589 559 1630 pedes,
583 1594 622 1621 et
643 1590 789 1631 plurima
812 1591 880 1623 alia

175 1644 252 1681 quae
269 1639 359 1680 palla
373 1639 639 1678 circumdantur,
661 1640 694 1671 id
720 1644 784 1676 est,
798 1651 877 1682 sup-

176 1688 509 1730 parnm‚2indusium,
524 1691 590 1722 ἃς,
615 1690 738 1721 Ruben.

221 1741 281 1770 101
307 1738 420 1770 Altera
447 1740 494 1769 nil
519 1739 638 1778 obstat]
665 1739 796 1779 Togata
826 1740 881 1770 vel

176 1787 354 1827 meretrix,
367 1787 466 1828 cnjus
488 1792 599 1818 vestes
615 1788 696 1819 Coae
713 1793 791 1818 sunt
808 1789 880 1828 pel-

178 1835 317 1875 lucidae,
339 1836 443 1868 dictoe
460 1837 539 1867 Coae
555 1846 576 1867 a
592 1837 664 1868 Coo
683 1837 804 1873 insula,
821 1837 879 1869 ubi

178 1884 318 1916 fiebant.
377 1885 467 1925 Cois]
500 1885 669 1926 Ulpianus
697 1886 756 1919 lib.
787 1896 878 1919 xxv.

181 1935 234 1966 De
261 1934 368 1974 Auro,
391 1934 477 1975 Arg.
507 1935 650 1974 Mundo,
680 1939 746 1968 ὅτε.
774 1938 879 1970 vesti-

178 1989 294 2016 menta
309 1985 423 2016 omnia
438 1985 534 2017 lanea
558 1985 726 2028 lineaque,
751 1988 804 2018 vel
827 1997 878 2018 se-

178 2032 261 2071 rica,
279 2033 332 2064 vel
350 2033 553 2074 bombycina
576 2044 651 2066 esse
675 2036 744 2075 ait;
768 2037 879 2069 serica

178 2081 335 2113 nimirum
363 2092 383 2113 a
409 2083 620 2124 bombycinis
645 2085 876 2127 distinguens:

178 2129 339 2163 differunt
351 2132 579 2174 antem‚quod
597 2135 744 2167 ‘serica’
760 2146 802 2167 ex
819 2146 877 2168 no·

177 2181 236 2213 bili
252 2181 310 2213 illo
326 2181 436 2213 Indiae
453 2183 542 2223 apud
558 2184 658 2214 Seras
675 2185 809 2225 depexo
833 2195 876 2217 ex

175 2231 351 2264 arboribus
366 2233 490 2264 lanicio
513 2233 792 2275 conficiebantur,
815 2235 876 2278 (de

175 2293 243 2326 quo
257 2284 351 2316 Plin.
367 2292 418 2316 vt.
434 2282 505 2325 1⁷.)
523 2283 534 2301 ‘
547 2284 778 2326 Bombycina'
795 2295 877 2318 vero

177 2342 221 2365 ex
255 2333 439 2366 vermiculo
477 2333 651 2374 Bombyce
689 2335 878 2375 appellato.

178 2382 285 2423 Cujus
314 2383 398 2414 artis
427 2382 658 2413 inventionem
687 2383 878 2424 Pamphile

178 2433 312 2464 cuidam
328 2441 372 2464 ex
387 2432 460 2463 Coo
481 2432 592 2463 insula
611 2431 731 2463 tribuit
746 2432 879 2466 Aristo·

179 2483 265 2513 teles
281 2481 325 2514 de
341 2481 434 2513 nist.
447 2480 592 2512 Animal.
605 2481 664 2513 lib.
679 2491 726 2514 v1.
761 2483 879 2525 quue

179 2531 352 2572 respicere
366 2530 570 2562 crediderim
585 2530 710 2563 Tibull.
725 2531 790 2564 hoc
804 2542 878 2564 ver-

179 2590 236 2613 su:
259 2582 270 2599 ‘
286 2580 352 2612 Illa
374 2583 470 2620 gerat
497 2583 617 2611 tennes
642 2585 769 2618 vestes,
794 2592 878 2623 quas

179 2629 307 2662 femina
330 2629 401 2661 Coa
421 2627 571 2660 Texuit-⁹
630 2629 760 2662 Eadem
797 2641 880 2672 ergo

178 2681 189 2699 ⁸
207 2678 299 2712 Coa’
328 2688 405 2720 quae
435 2677 691 2719 ‘Bombycina’
717 2689 811 2721 saepe
836 2682 880 2714 ab

180 2728 376 2762 auctoribus
391 2726 580 2759 celebrata.
625 2728 705 2760 vid.
730 2730 880 2764 Turneb-

179 2788 219 2811 ιι.
234 2781 287 2811 23.
312 2778 438 2810 Horat.
463 2786 545 2808 sane
567 2777 631 2810 hoc
652 2778 729 2811 loco
749 2785 879 2813 vestem

179 2827 271 2862 illam
287 2838 355 2862 non
372 2827 470 2860 nimis
490 2827 667 2861 honestam
691 2839 751 2862 sua
772 2834 878 2863 aetate

1523 290 1635 332 1605

931 390 1036 423 fnisse
1061 390 1223 423 ostendit.
1270 390 1318 423 At
1342 390 1432 423 Plin.
1454 389 1464 409 ‘
1482 391 1559 424 Nec
1575 403 1635 434 pn-

930 442 1031 484 duit,'
1059 442 1182 483 inquit,
1213 442 1224 460 ⁴
1242 442 1302 473 has
1329 445 1443 473 vestes
1470 451 1634 484 usurpare

930 492 1034 524 eliam
1061 493 1150 523 viros
1177 496 1320 533 propter
1345 492 1520 524 levitatem
1545 493 1634 524 aesti-

929 551 1020 574 vam.
1051 538 1105 574 ‘In
1133 547 1268 574 tantum
1294 553 1313 574 a
1340 542 1446 574 lorica
1468 542 1637 583 gestanda

930 592 1123 625 discessere
1141 603 1264 630 mores,
1280 598 1319 625 ut
1335 593 1429 624 oneri
1447 593 1516 625 sint
1531 593 1638 625 etiam

929 642 1068 675 vestes.’
1114 643 1280 684 Loquitur
1295 646 1409 674 autem
1432 642 1476 674 de
1492 642 1636 683 bomby-

929 693 1026 732 cinis,
1041 702 1123 735 quas
1138 693 1275 724 multitia
1291 693 1405 725 vocari
1428 692 1635 724 crediderim

931 753 950 774 a
971 743 1097 775 Juven.
1124 744 1198 775 Sat.
1223 752 1264 775 11.
1290 744 1432 775 Tor-rene.
1482 742 1555 783 Est]
1579 743 1636 774 Li-

929 797 998 824 cet.

972 844 1035 874 103
1056 843 1173 875 Metiri
1192 843 1309 885 possis]
1332 842 1494 875 Iudicate
1522 843 1634 884 possis

931 893 1002 925 solo
1018 898 1173 934 aspectu.

973 945 1036 975 104
1059 943 1199 975 Insidias
1220 943 1317 986 fieri]
1353 943 1495 986 Decipi.
1539 943 1634 974 Avel-

929 993 1003 1034 ζέεν]
1017 993 1281 1031 Pretiumsolvi.
1309 993 1437 1035 [Codd.
1447 1003 1502 1034 ap.
1512 992 1636 1033 Jaeck,

926 1043 1113 1083 pretinmne,
1129 1044 1183 1074 vel
1204 1043 1407 1084 pretiumve]

975 1096 1035 1124 105
1068 1093 1235 1134 Leporem]
1269 1094 1380 1125 Locus
1410 1092 1498 1124 haud
1529 1092 1634 1124 dubie

931 1141 1089 1175 difficilis.
1133 1143 1360 1174 Consentiunt
1383 1147 1498 1175 tamen
1519 1152 1633 1174 exem-

931 1193 1040 1233 plaria
1059 1194 1292 1234 manuscripta
1309 1202 1386 1225 cnm
1400 1193 1548 1233 vulgatis
1564 1201 1636 1223 om·

930 1241 1042 1282 nibus,
1057 1242 1144 1284 quod
1161 1247 1198 1274 et
1218 1243 1316 1284 plura
1331 1247 1367 1274 et
1383 1243 1524 1274 meliora
1539 1246 1636 1274 secte·

931 1294 984 1321 tur
998 1294 1060 1332 pro
1074 1295 1210 1323 sectatur
1224 1291 1363 1323 habent.
1395 1291 1472 1324 Nec
1488 1291 1636 1322 obscura

930 1340 1068 1381 quidem
1093 1341 1267 1372 sententia
1290 1346 1364 1373 est:
1390 1349 1467 1372 nam
1484 1344 1635 1371 sectato-

930 1398 1001 1420 rem
1018 1395 1260 1426 matronarum,
1282 1395 1335 1422 tot
1350 1390 1476 1422 auditis
1487 1390 1562 1431 jam
1580 1400 1633 1421 ra-

929 1438 1092 1480 tionibus,
1105 1440 1228 1481 quibus
1244 1450 1263 1471 a
1285 1440 1464 1481 proposito
1480 1439 1636 1480 desistat,

929 1488 1101 1519 venatoris
1126 1489 1284 1529 exemplo
1306 1498 1383 1520 cum
1407 1488 1531 1530 alioqui
1547 1487 1634 1519 diffi-

929 1537 1041 1569 culter
1066 1543 1184 1579 posset
1222 1539 1447 1579 respondere,
1477 1547 1514 1569 se
1545 1539 1634 1569 tueri

927 1585 1040 1628 fingit.
1090 1588 1138 1619 Ut
1166 1588 1256 1619 enim
1285 1589 1442 1620 venatori
1475 1589 1634 1629 voluptas

927 1637 1034 1668 omnis
1057 1638 1090 1668 in
1114 1637 1232 1669 labore
1248 1642 1311 1676 est,
1326 1637 1527 1679 fastiditque
1542 1638 1634 1679 qnod

929 1686 1075 1718 offertur
1090 1687 1199 1726 ultro;
1223 1687 1271 1718 sic
1295 1688 1351 1717 ille
1374 1687 1543 1718 Venerem
1566 1697 1634 1718 non

929 1737 994 1767 nisi
1019 1736 1127 1767 ardua
1142 1741 1178 1768 et
1193 1737 1387 1776 periculosa
1405 1735 1547 1769 affectat
1564 1738 1632 1776 via,

930 1794 1073 1825 pronam
1100 1784 1306 1826 facilemque
1335 1790 1373 1816 ut
1404 1786 1564 1817 insulsam
1595 1792 1633 1818 et

929 1833 1111 1875 insipidam
1136 1833 1350 1874 despiciens:
1381 1835 1441 1865 sed
1468 1836 1575 1866 omnis
1599 1836 1634 1867 in

930 1893 970 1915 eo
986 1882 1170 1915 difficultas
1192 1887 1258 1922 est,
1277 1884 1367 1924 quod
1385 1884 1573 1923 ambigitur
1588 1885 1633 1917 de

929 1942 996 1974 qno
1011 1933 1113 1964 verba
1129 1933 1201 1972 illa,
1217 1933 1335 1964 Cantor
1351 1937 1383 1965 et
1397 1934 1535 1974 apponit,
1559 1944 1634 1975 pro·

929 1982 1105 2022 ferantnr3
1139 1983 1183 2014 de
1207 1988 1386 2023 venatore,
1411 1994 1454 2015 an
1481 1990 1633 2017 amatore

929 2033 1054 2073 potius.
1093 2033 1211 2065 Lamb.
1226 2033 1378 2073 eleganti
1395 2043 1476 2065 sane
1492 2035 1632 2076 conjec-

929 2087 1007 2114 tura
1020 2085 1136 2124 captat
1151 2091 1213 2124 pro
1228 2083 1347 2114 Cantat
1362 2084 1540 2123 legendum
1557 2093 1633 2116 esse

928 2132 1127 2163 contendit:
1152 2142 1220 2173 qua
1242 2133 1387 2164 lectione
1412 2138 1566 2174 recepta,
1583 2135 1633 2165 ni·

927 2182 974 2213 hil
990 2182 1154 2222 apertius.
1198 2183 1266 2214 Sed
1283 2192 1338 2214 me
1357 2183 1522 2220 deterret,
1540 2183 1634 2225 quod

927 2231 961 2262 in
978 2236 1074 2263 tanta
1089 2237 1245 2263 veterum
1261 2232 1423 2264 librorum
1444 2234 1545 2274 copia
1560 2233 1632 2264 nnl-

927 2282 997 2314 lum
1024 2282 1151 2318 videre,
1176 2292 1289 2324 neque
1318 2283 1396 2324 ipsi,
1421 2293 1533 2325 neque
1559 2284 1634 2315 aliis

929 2333 1126 2373 contigerit,
1139 2333 1197 2374 qui
1216 2334 1270 2364 vel
1290 2333 1415 2365 leviter
1424 2334 1456 2365 ei
1469 2332 1633 2374 suffraga-

929 2387 1037 2413 retur.
1075 2382 1191 2415 Quare
1210 2382 1331 2413 cantat
1345 2383 1495 2414 retineo:
1512 2387 1548 2413 et
1564 2392 1631 2414 non

930 2430 972 2462 ad
996 2430 1244 2470 ‘venatorem‚’
1269 2436 1307 2462 ut
1331 2432 1469 2472 quidam
1489 2430 1634 2470 faciunt,

931 2480 990 2512 sed
1008 2480 1052 2511 ad
1072 2481 1082 2498 ⁸
1096 2485 1280 2512 amatorem
1291 2480 1300 2494 ’
1325 2480 1451 2519 refero,
1467 2484 1505 2511 nt
1521 2485 1632 2511 totum

931 2529 1012 2561 illud
1027 2540 1034 2559 :
1059 2530 1192 2569 leporem
1205 2539 1274 2561 ven.
1291 2533 1326 2560 ut
1339 2531 1404 2560 alla
1420 2529 1458 2560 ln
1469 2530 1540 2560 nice
1553 2533 1633 2561 sect.

930 2589 993 2620 pos.
1023 2579 1069 2610 sic
1095 2582 1225 2618 tangere
1247 2579 1338 2614 nolit,
1361 2585 1533 2619 tamquam
1560 2589 1630 2610 uae-

930 2630 1020 2661 niam
1035 2628 1182 2671 aliquam
1196 2629 1295 2668 vulgo
1307 2633 1421 2659 notam
1437 2628 1562 2670 (qualis
1576 2628 1634 2660 illa

933 2688 1114 2720 puerorum
1131 2677 1288 2718 Epistola
1303 2678 1412 2718 prima
1436 2677 1479 2709 ad
1503 2678 1633 2710 Maeee-

930 2729 1063 2771 natem)
1078 2729 1249 2761 cantando
1261 2728 1452 2768 celebrans,
1465 2729 1524 2760 ribi
1538 2729 1630 2761 idem

931 2781 1069 2812 evenire
1085 2779 1119 2810 in
1133 2787 1248 2810 amore
1265 2778 1421 2819 adjiciat,
1431 2783 1466 2810 et
1479 2784 1629 2819 receptae

931 2830 1051 2863 naeniae
1074 2838 1116 2861 ea
1142 2837 1218 2872 quae
1245 2832 1433 2870 sequuntur
1455 2833 1628 2870 apponat:
