1916 3262
353 293 463 334 1230
815 302 858 339 Q.
890 299 1094 329 nona-”1¹11
1128 291 1293 330 FLAcct

354 394 566 436 Versibus
587 394 758 434 alternis
777 392 1016 444 opprobria
1033 391 1198 432 rustica
1214 392 1349 442 fudit3

354 460 635 511 libertasque
655 463 920 499 recurrentes
939 461 1117 509 accepta
1137 469 1212 509 per
1229 470 1362 498 annos

354 525 479 566 Lusit
498 524 752 571 amabiliter,
773 522 908 564 donec
922 524 1011 577 jam
1033 535 1180 563 saevus
1199 526 1395 576 apertam

355 591 407 632 In
423 590 587 630 rabiem
606 590 711 629 verti
731 589 867 641 coepit
878 588 1024 641 jocus,
1047 591 1089 627 et
1108 600 1184 640 per
1197 588 1406 628 honestas

355 656 425 697 Ire
444 655 594 695 domos
613 655 788 706 impune
806 654 980 695 minax:
1011 654 1189 694 doluere
1210 657 1387 694 cruento

357 722 496 763 Dente
515 719 703 760 lacessiti
719 731 730 768 ;
758 718 842 759 suit
856 719 1033 759 intactis
1048 721 1220 771 quoque
1241 730 1340 758 cura

357 785 613 828 conditione
634 797 764 837 super
782 785 1019 825 communi:
1050 784 1154 836 quin
1175 784 1305 824 etiam
1322 784 1395 824 lex

339 849 583 903 ‘Poenaque
602 851 705 898 lata,
725 849 841 890 malo
862 862 960 902 quae
981 850 1118 890 nollet
1138 849 1322 890 carmine
1341 862 1583 902 quenquam

1686 653 1769 694 150

355 976 436 1006 teria
449 976 582 1008 carmine
602 977 757 1007 amoebaeo:
778 975 924 1015 annisque
945 974 1140 1005 redeuntibus
1154 974 1271 1004 usitata
1289 974 1352 1005 hoec
1365 974 1492 1006 licentia
1505 974 1646 1006 hilariter
1664 972 1771 1012 jocata

355 1019 414 1056 est,
427 1027 576 1057 usquequo
586 1019 686 1049 dirum
699 1027 827 1048 scomma
837 1018 914 1048 abiit
929 1017 962 1047 in
976 1016 1125 1056 publicum
1139 1016 1335 1046 maledicendi
1341 1015 1491 1053 furorem,
1505 1020 1536 1046 et
1555 1015 1771 1053 nobileaesmi-

355 1058 413 1087 lias
431 1062 541 1090 temere
555 1060 718 1099 impetivit.
763 1060 839 1089 Tum
853 1058 1042 1088 mordacibus
1052 1057 1188 1088 dicteriis
1211 1057 1340 1096 appetiti
1351 1061 1551 1096 gemuerunt.-
1573 1061 1661 1097 atque
1675 1056 1770 1087 etiam

355 1098 381 1128 ii
395 1100 448 1138 qui
467 1110 526 1130 non
539 1101 668 1137 fuerant
689 1100 823 1130 lacessiti
837 1100 1054 1130 condoluerunt
1069 1101 1106 1128 de
1116 1098 1235 1138 publico
1250 1098 1435 1130 discrimine.
1464 1099 1558 1129 Immo
1573 1098 1624 1128 lex
1637 1100 1668 1128 et
1682 1105 1770 1137 poena

354 1143 399 1170 est
418 1142 597 1180 constituta,
611 1145 716 1172 vetans
729 1142 821 1172 ullum
834 1141 988 1171 maledicis
1003 1140 1137 1171 versibus
1141 1140 1266 1179 notari.
1298 1140 1381 1170 Tunc
1388 1139 1544 1177 fastum-ii
1558 1142 1640 1170 metu
1651 1145 1772 1170 carmen

943 1222 1192 1236 ‘'O“OOOOOO‘O

356 1277 462 1306 -149
484 1275 711 1306 Schoenbom.
727 1278 758 1306 3.
783 1276 859 1306 Vat.
876 1277 906 1306 1.
931 1285 951 1306 a
975 1286 1018 1307 m.
1041 1286 1093 1316 pr.
1116 1277 1264 1308 Vatt.4.
1287 1276 1660 1308 9.12.14.15.18.24.
1681 1273 1776 1306 vett.

358 1317 454 1347 Rom.
469 1319 501 1347 2.
514 1319 545 1346 3.
567 1317 661 1346 Vatt.
676 1316 785 1346 Putat.
799 1319 828 1346 1.
844 1319 875 1346 4.
893 1316 1039 1347 Chisian.
1056 1321 1086 1347 l.
1101 1321 1132 1348 6.
1145 1318 1196 1348 Au
1200 1319 1297 1356 gelic.
1311 1321 1342 1348 2.
1358 1320 1390 1348 3.
1406 1317 1572 1347 Vallicell.
1588 1319 1618 1346 3.
1633 1315 1776 1347 etHarl.

356 1360 388 1388 2.
405 1359 437 1388 3.
451 1360 484 1388 6.
501 1360 532 1388 7.
545 1359 634 1396 coepit
647 1357 749 1392 ve1t1';
772 1357 820 1387 ita
835 1356 890 1386 alii
907 1358 992 1395 apud
1007 1359 1113 1388 Pulm.
1125 1327 1239 1388 Bentgl.
1253 1357 1336 1388 edit.
1348 1360 1442 1388 1470.
1458 1358 1669 1387 Vena-1481.
1683 1358 1776 1388 1488-

358 1399 451 1429 1486.
468 1401 560 1429 1492.
584 1379 776 1429 Flor.148’2.
800 1397 874 1428 Asc.
890 1397 1006 1429 Basili.
1022 1401 1114 1430 1527.
1132 1401 1224 1430 1531.
1242 1398 1391 1429 restituit
1406 1398 1519 1428 Bentl.
1535 1402 1690 1437 tanquam
1705 1398 1775 1436 ple-

356 1448 444 1475 mus,
455 1444 491 1470 et
503 1439 695 1470 sonantius·
687 1462 696 1477 ‚
719 1438 796 1469 inde
812 1447 994 1478 anonymus
1011 1442 1103 1470 1713.
1127 1440 1210 1471 Cun.
1225 1439 1303 1470 San.
1319 1440 1429 1470 Merv.
1443 1438 1531 1469 Phil.
1546 1439 1629 1469 Dor.
1641 1437 1775 1469 Wakef-

357 1482 467 1512 Wetz.
493 1481 544 1511 Α1.
558 1481 637 1512 verti
649 1481 750 1520 coepit.
752 1483 856 1511 -150
878 1480 955 1510 Vat.
969 1483 1018 1512 14.
1034 1482 1150 1511 domus.
1174 1481 1269 1511 Harl.
1285 1484 1315 1513 2.
1329 1481 1435 1511 minax
1451 1481 1570 1519 impune
1583 1480 1702 1510 domos.-
1724 1479 1773 1510 sic

360 1526 513 1553 notatum
530 1523 562 1552 in
584 1521 661 1553 Ald.
677 1524 771 1552 1519.
793 1521 826 1552 in
850 1520 1010 1552 Biblioth.
1033 1521 1187 1560 Angelic.
1211 1523 1259 1553 ita
1282 1530 1414 1562 quoque
1438 1522 1528 1552 Dan.
1553 1520 1670 1551 Heius.
1672 1523 1775 1551 -161

358 1563 583 1595 schoenborn.
598 1566 629 1595 2.
644 1562 712 1601 fuit
733 1563 797 1593 hoec
816 1563 942 1594 cunct-ie.
944 1566 1047 1594 —153
1071 1564 1185 1604 Poenaq
1187 1567 1310 1594 uenata
1330 1563 1521 1594 Vatt.‹t.⁷.
1540 1565 1590 1593 18.
1614 1571 1632 1592 a
1655 1571 1699 1592 m.
1726 1571 1777 1602 pr.

358 1605 456 1636 Vatt.
471 1605 569 1635 Rom.
586 1606 616 1635 1.
634 1607 664 1635 3.
679 1607 711 1636 4.
724 1608 755 1635 5.
779 1604 858 1635 Vat.
874 1604 985 1635 Palat.
1001 1607 1033 1636 3.
1049 1605 1192 1635 Cbisian.
1210 1608 1238 1635 1.
1255 1607 1286 1636 5.
1303 1605 1425 1644 aliique
1440 1604 1538 1635 codd.
1555 1613 1608 1643 ap.
1622 1603 1779 1634 Torrent.

360 1645 504 1686 Cuning.
518 1651 552 1677 et
568 1646 699 1677 Valart.
721 1645 981 1677 dataBarberin.
992 1649 1021 1676 1.
1042 1649 1159 1686 sancta,
1171 1647 1249 1677 malo
1264 1647 1355 1677 nollet
1364 1655 1432 1686 quae
1444 1646 1586 1685 Cuning.
1599 1654 1658 1675 suo
1673 1653 1776 1675 more.

998 1741 1029 1771 N
1036 1739 1136 1771 01*AE

361 1799 558 1839 Fescennia,
592 1799 713 1839 Vulgo,
747 1801 824 1831 cina
859 1801 1045 1831 Castellum.

362 1848 452 1879 Hinc
467 1857 597 1889 quoque
613 1853 720 1880 ortum
736 1854 788 1880 est
806 1859 941 1880 carmen
962 1859 1046 1890 nup-

361 1898 442 1929 tiale
458 1897 645 1928 inconditos
660 1899 746 1928 sales
761 1902 796 1929 et
811 1899 952 1929 dicteria
969 1908 1046 1929 non-

361 1946 441 1977 nihil
458 1945 611 1977 obscoena
631 1947 818 1977 continens.
861 1947 968 1977 Porro
990 1955 1046 1976 ex-

362 1994 441 2026 inde
463 2003 578 2025 versus
593 1994 734 2034 quilibet
756 1995 904 2024 obscoem‘
922 1999 956 2025 et
970 2004 1045 2033 pro-

363 2051 461 2074 caces
473 2043 668 2073 Fescennini
683 2043 764 2073 dicti
777 2047 864 2074 sunt.
887 2044 973 2074 Livii
987 2044 1044 2075 lib.

364 2100 427 2123 vn.
441 2091 549 2128 initio,
563 2093 667 2122 multa
682 2090 785 2122 refert
805 2101 871 2122 non
888 2092 984 2122 valde
999 2092 1047 2122 his

364 2149 531 2177 consona3
549 2140 608 2171 sed
623 2139 776 2180 profecto
790 2140 894 2180 magis
907 2141 1048 2172 Horatio

366 2187 581 2219 credendum.

407 2238 470 2268 146
497 2236 640 2267 Versibus
659 2238 786 2268 altenm's
801 2238 959 2278 opprobria
980 2248 1049 2269 rus·

367 2285 542 2327 ficasudit]
564 2285 737 2327 Augustus
753 2288 913 2328 ejusmodi
933 2298 1048 2320 versus

366 2335 590 2367 Fescenninos
605 2336 756 2367 nimirum
770 2337 903 2368 dicaces
914 2342 950 2368 et
965 2347 1051 2368 mor-

366 2383 470 2415 daces
491 2384 525 2415 in
543 2384 728 2416 Pollionem
752 2386 928 2426 aliquando
950 2387 1052 2426 scrip·

368 2434 435 2466 sit:
450 2434 568 2476 quibus
583 2435 671 2475 quod
687 2445 751 2466 non
767 2436 984 2475 responderet
1000 2437 1049 2466 in-

369 2483 586 2524 crepantibus
600 2484 648 2514 sic
660 2485 788 2515 locutus
803 2484 910 2516 fertur
923 2485 1048 2516 Pollio:

370 2533 446 2563 Nec
468 2532 550 2563 licet
574 2541 638 2564 nec
659 2533 744 2564 libet
765 2534 797 2564 in
812 2543 887 2565 eum
903 2535 1051 2566 scribere

371 2581 427 2620 qui
450 2584 561 2620 potest
584 2581 804 2622 proscribere.
845 2583 932 2615 Vide
954 2583 1051 2615 Alex.

370 2628 414 2659 ab
429 2628 527 2660 Alex.
542 2638 582 2661 ιι.
597 2634 628 2661 6.

414 2678 475 2708 147
486 2677 682 2718 Liber-casque
688 2683 884 2717 recurrentes.
894 2681 962 2722 esa]
976 2682 1051 2713 Mos

370 2726 435 2757 inte
449 2729 564 2756 mutua
578 2727 700 2765 probra
715 2728 906 2767 objectandi
920 2730 1053 2770 impune

374 2779 410 2806 et
428 2773 532 2806 libere
557 2780 633 2814 post
647 2784 788 2807 messem
808 2778 900 2808 aunis
916 2778 1054 2818 singulis

1098 1801 1239 1831 usitatus
1269 1805 1305 1832 et
1324 1801 1539 1832 confirmatus
1567 1804 1642 1839 est3
1670 1799 1778 1832 donee

1097 1849 1266 1880 licentiam
1276 1850 1410 1881 nimiam
1423 1855 1458 1882 et
1468 1849 1677 1881 criminosam
1689 1849 1780 1881 coiit-

1098 1899 1166 1930 ceri
1179 1907 1315 1930 necesse
1331 1898 1406 1930 fuit.
1438 1899 1516 1930 Huc
1531 1899 1677 1939 pertinet
1689 1899 1778 1939 quod

1098 1955 1124 1976 1.
1139 1946 1210 1978 Sat.
1226 1949 1256 1976 3.
1271 1950 1406 1978 notatur
1417 1947 1459 1978 de
1475 1947 1608 1978 rusticis
1618 1947 1780 1978 desidiam

1098 1995 1240 2025 invicem
1275 1995 1578 2035 exprobrantibus:

1099 2044 1302 2083 compellans
1319 2053 1399 2074 voce
1415 2044 1602 2075 cucullum.'

1143 2094 1203 2122 148
1224 2090 1330 2122 Saevus
1349 2095 1488 2131 apertam
1509 2092 1548 2122 In
1566 2092 1681 2123 rabiem
1702 2094 1782 2124 verti

1628 1996 1639 2014 ‘
1655 1996 1780 2037 Magna

1096 2142 1295 2183 ooepitjom]
1316 2142 1442 2173 Faceta
1452 2142 1558 2182 primo
1572 2142 1711 2173 libertas
1726 2152 1782 2174 ca·

1098 2191 1238 2222 villandi
1249 2190 1314 2222 fnit
1329 2195 1479 2228 tanturm
1503 2195 1536 2221 at
1550 2189 1691 2222 subinde
1703 2199 1781 2222 ern-

1101 2241 1150 2281 pit
1175 2240 1209 2270 in
1234 2239 1503 2270 maledicentiam
1525 2239 1715 2279 publicam:
1745 2245 1781 2270 et

1101 2287 1342 2319 contumeliose
1358 2288 1464 2318 notati
1479 2291 1557 2318 sunt
1570 2287 1782 2328 honestiqui-

1100 2347 1164 2378 que
1189 2338 1264 2375 viri,
1294 2337 1489 2368 nominatim
1514 2335 1605 2367 vitiis
1630 2335 1782 2376 objectis.

1101 2387 1192 2417 Talis
1212 2385 1276 2417 fnit
1302 2390 1396 2416 vetus
1414 2383 1586 2416 Comoedia
1600 2388 1669 2415 tum
1684 2384 1775 2424 apud

1102 2435 1249 2471 Graecos,
1266 2444 1339 2465 cum
1355 2434 1455 2465 etiam
1478 2437 1594 2474 postea
1612 2432 1700 2472 apud
1714 2433 1782 2464 Rc-

1102 2493 1228 2515 manos.

1145 2536 1207 2564 152
1231 2532 1412 2564 conditione
1424 2541 1513 2572 super·
1525 2529 1691 2571 ommni]
1711 2530 1783 2563 Par

1104 2582 1191 2613 enim
1207 2591 1276 2613 sors
1291 2581 1487 2612 imminebat
1497 2585 1536 2612 et
1557 2580 1677 2612 minari
1692 2579 1782 2612 vide-

1106 2631 1204 2662 batur
1230 2639 1325 2671 reque
1350 2630 1514 2670 omnibm,
1534 2629 1665 2661 scilicet
1683 2629 1783 2660 mule-

1105 2679 1206 2711 dictis
1230 2679 1381 2718 lacerari,
1398 2684 1433 2710 et
1455 2678 1615 2718 probroso
1637 2677 1782 2709 carmine

1107 2727 1286 2769 proscindi.

1151 2778 1210 2808 153
1234 2777 1300 2807 Lea:
1329 2776 1481 2815 Poenaqte
1507 2773 1587 2813 laea]
1623 2775 1692 2806 Lex
1718 2784 1784 2807 xri.
