1916 3262
480 292 687 327 nonA'ru
721 291 998 324 cAanuM
1032 291 1129 322 mn.
1162 291 1192 320 1.
1223 282 1266 322 7.

136 391 300 434 intelligit
337 389 460 424 Poeta.
512 386 695 421 Λενκύνιννοι
731 385 838 419 austri

137 448 218 475 sunt
231 442 330 484 quasi
342 438 576 476 anniversarii,
589 438 647 480 qui
660 442 757 470 certa
769 442 839 469 sta-

137 498 244 536 tuque
273 492 352 525 anni
381 492 588 532 tempestate
623 489 771 530 spirant,
800 492 840 520 ut

137 543 278 584 Etesiae,
290 546 328 575 et
342 541 458 573 nubila
470 540 665 580 detergent,
677 539 840 570 serenita-

138 599 277 636 temque
306 591 476 624 reddunt:
498 589 561 622 ἀπὸ
583 590 642 621 τοῦ
669 587 843 621 Munatium

136 643 195 676 τὸν
219 642 365 684 οὐρανόν.
407 641 524 681 Albus]
548 641 661 674 Notus
688 649 843 673 serenus.

142 692 297 734 Obscum]
319 692 413 725 Caelo
428 690 629 732 caliginoso.

182 746 223 776 17
245 743 303 776 Sic
323 746 359 775 tu
381 742 520 783 sapiens,
539 742 610 783 ξω]
634 741 676 773 Id
692 746 758 783 est,
773 741 844 773 fac-

140 798 238 827 turus
266 803 316 830 es.
342 792 433 835 quod
456 793 650 834 sapientem
680 793 795 834 decet,
816 792 845 824 si

138 843 238 878 finias
254 843 433 876 tristitiam
448 844 542 875 molli
558 853 664 876 mero.
681 843 792 884 steph.

180 897 226 927 19
257 894 366 935 Mero]
387 893 477 925 Vino
504 894 611 930 suavi,
639 898 774 926 maturo
803 902 844 925 ac

139 944 358 987 tempestivo.
404 943 468 975 Seu
496 947 528 975 te
548 943 730 984 fulgentia]
768 943 845 975 Sive

139 994 283 1034 militia,
296 993 370 1026 sive
385 993 476 1024 domi
493 997 561 1024 tuae
578 993 659 1024 eris.
706 994 846 1033 Fulgen-

139 1043 187 1076 ἐὴ
200 1043 319 1084 signis]
343 1044 429 1076 Cum
447 1042 590 1084 imperio
606 1043 771 1075 Plancum
787 1053 847 1075 ex-

143 1093 310 1127 ercitibus
335 1092 532 1135 praefuisse,
554 1092 651 1124 initio
676 1093 850 1124 annotavi-

143 1153 230 1176 mus.
253 1143 397 1175 Torreat.
443 1142 571 1183 Signis]
594 1142 735 1184 Aquila,
758 1143 847 1174 Dra-

143 1203 242 1230 cone,
264 1193 409 1235 aliisque
425 1193 460 1224 id
477 1202 585 1234 genus
608 1193 713 1234 signis
728 1193 850 1224 milita-

144 1243 255 1276 ribus.

186 1297 227 1326 21
255 1294 382 1326 Tiburis
397 1295 460 1336 tui]
481 1295 546 1326 Vel
562 1294 652 1336 quod
669 1294 782 1325 villam
799 1293 848 1325 ibi

142 1344 288 1377 haberet
303 1345 451 1378 Plancus
465 1354 475 1376 ε
500 1345 554 1375 vel
569 1344 659 1385 quod
672 1353 756 1384 gens
771 1343 850 1374 Mn-

142 1395 372 1428 natiaTihure
385 1394 541 1433 oriunda,
549 1398 588 1425 ut
599 1394 674 1424 aliae
685 1394 802 1424 multae
812 1393 850 1423 il-

141 1446 278 1478 lustres.
293 1445 435 1477 Tor-rent.
453 1443 578 1484 Tiburn]
592 1443 757 1475 Horatius
768 1443 850 1475 Pin·

144 1495 261 1529 darico
277 1504 371 1527 more
383 1494 558 1526 historiam
570 1495 658 1526 hanc
667 1494 745 1526 huic
762 1494 850 1527 Odae

143 1545 334 1586 interserit,
361 1549 401 1577 ut
428 1545 554 1577 Herois
580 1546 670 1577 tanti
691 1545 851 1586 exemplo

142 1595 312 1628 Plancum
329 1605 426 1627 suum
444 1595 478 1627 in
495 1595 716 1627 rebus<etiam
731 1595 851 1627 adver-

144 1647 191 1679 sis
211 1646 255 1679 ad
270 1646 429 1679 laetitiam
444 1646 591 1688 aliquam
608 1647 750 1679 invitet:
775 1651 810 1679 et
832 1657 853 1678 a

144 1697 278 1729 Teucro
294 1697 414 1729 exsule
436 1697 642 1729 senteutiam
658 1697 852 1739 profectam

146 1756 222 1780 esse
260 1746 393 1786 ferunt,
433 1756 533 1788 quam
573 1747 749 1788 proverbii
773 1749 852 1779 loco

146 1806 350 1838 usurpamus
380 1805 424 1828 ex
452 1795 694 1836 Aristophanis
724 1797 852 1828 Pluto:

146 1845 263 1887 Πατρὶς
275 1843 340 1886 ’γάρ
357 1845 426 1876 ἐστι
447 1844 539 1885 aad,
561 1845 603 1876 ἵν’
618 1845 658 1877 ἂν
670 1843 793 1887 πράττῃ
807 1856 856 1878 τις

150 1894 196 1927 εὖ.
220 1895 365 1927 Tor-rent.
397 1893 576 1934 Salamina]
593 1894 778 1926 Civitatem
791 1896 856 1927 Te-

148 1946 305 1987 lamonis,
329 1944 389 1987 qui
415 1944 500 1976 duos
524 1944 645 1977 habuit
668 1943 756 1977 filios
770 1946 856 1978 Teu-

151 2005 247 2028 crum
263 2000 300 2028 et
315 1994 469 2036 Ajacem.
506 2024 509 2027 .

193 2048 239 2078 22
255 2043 516 2085 Quumjugeret]
532 2018 698 2078 Quamvis
709 2044 857 2087 fugeret.

193 2096 236 2127 23
254 2094 405 2135 Tempora
417 2094 564 2135 populea]
589 2094 744 2136 Figulus,
757 2096 857 2127 Lam·

150 2145 266 2187 binus,
281 2150 316 2177 et
331 2145 389 2177 alii
405 2145 588 2186 populeam
605 2154 763 2178 coronam
775 2155 857 2179 cen·

149 2199 229 2228 sent
253 2194 518 2228 adscribendam
541 2194 746 2238 fortitudini,
761 2197 858 2239 quasi

151 2247 285 2279 Teucer
305 2250 384 2288 post
410 2255 552 2287 magnos
579 2245 622 2278 ad
643 2247 781 2288 Trojam
799 2258 858 2280 ex·

150 2298 303 2329 antlatos
317 2296 454 2328 labores
470 2305 512 2328 ea
534 2305 572 2328 se
595 2306 722 2329 corona
737 2298 859 2339 digna-

153 2353 210 2380 tus
225 2347 359 2380 fuisset.
401 2347 510 2390 Atqui
524 2357 591 2380 non
607 2348 708 2380 video
725 2349 807 2391 qnid
824 2350 858 2382 in

155 2395 238 2437 fuga
262 2397 308 2428 sit
334 2396 458 2429 laudis.
500 2397 580 2430 Qua
599 2397 643 2429 de
658 2408 759 2430 causa
774 2400 860 2430 Tur·

155 2446 236 2477 nebi
262 2445 372 2478 altera
399 2446 573 2478 sententia
599 2448 861 2481 convenientior

157 2499 318 2535 apparet,
341 2504 417 2536 quas
433 2495 607 2528 Teucrum
635 2499 722 2538 vult,
743 2498 862 2531 dolore

158 2553 358 2586 suppresso,
373 2553 470 2585 spem
492 2545 589 2577 vultu
609 2546 782 2584 simulare,
808 2558 863 2580 so·

158 2595 302 2636 ciosque
325 2602 467 2635 sperare
487 2593 625 2635 jubere.
670 2597 795 2630 Sensus
811 2608 864 2630 er-

160 2657 204 2689 go
235 2651 312 2678 est:
337 2645 501 2679 Quamvis
530 2646 665 2679 Teucer
693 2657 760 2680 non
789 2649 864 2681 sine

161 2697 280 2729 dolore
304 2700 466 2738 metuque
494 2699 629 2736 patrem
646 2696 865 2730 Telamonem

157 2746 309 2788 fugeret,
323 2750 442 2778 tamen
458 2744 550 2777 dulci
565 2746 670 2787 Lyaeo
686 2756 786 2779 curas
799 2747 867 2779 dis-

158 2797 274 2833 solvit,
290 2805 416 2828 corona
438 2796 587 2837 populea
599 2800 707 2837 caput
721 2798 867 2837 ornavit,

161 2847 378 2889 Herculique
394 2855 492 2879 sacra
505 2845 606 2880 fecit.
630 2847 729 2888 Cruq.
776 2847 867 2881 Tem-

1479 281 1593 325 1353

886 389 964 427 pora
972 386 1117 426 populeo,
1128 384 1200 426 ξω]
1223 383 1325 418 Quod
1336 392 1379 416 ea
1390 384 1494 415 arbor
1505 386 1596 418 Her.

890 436 959 468 culi
977 445 1073 468 sacra
1094 436 1153 475 sit,
1174 435 1305 476 magnis
1326 434 1486 467 aerumnis
1500 435 1597 468 labo-

893 486 1053 528 ribusque
1069 485 1265 528 perfuncto.
1308 484 1364 517 An
1377 484 1492 526 potius
1506 486 1597 526 quod

893 537 936 569 ad
954 536 1193 568 bacchantium
1217 545 1361 568 coronas
1381 538 1418 567 et
1433 534 1533 574 genio
1548 535 1599 566 in-

892 587 1108 628 dulgentium
1131 586 1311 628 respexit?
1334 590 1371 618 et
1387 584 1600 626 probabilius

893 642 959 677 est,
974 641 1012 668 ut
1029 636 1186 668 laetitiam
1204 646 1274 678 prae
1298 645 1336 667 se
1361 635 1483 670 ferret.
1499 634 1600 666 alios-

894 696 960 729 que
990 687 1077 719 bene
1107 696 1249 728 sperare
1274 685 1430 728 juberet.
1467 684 1600 717 rumh.

897 746 950 769 xi.
963 739 1019 769 26.
1068 736 1236 778 Tempora]
1259 737 1375 777 Caput
1397 735 1476 766 vino
1493 733 1600 766 madi·

896 787 988 819 dum.
1034 787 1161 828 Lyaeus
1177 796 1300 819 nomen
1318 786 1445 818 Bacchi
1461 785 1602 827 ponitur

896 847 959 880 pro
990 837 1078 870 vino.
1124 838 1265 878 Populea
1291 835 1419 876 corona]
1458 835 1604 867 Herculi

897 897 1005 928 sacra,
1020 888 1076 930 qui
1093 897 1168 919 eam
1180 887 1273 928 apud
1289 886 1522 919 Acherontem
1538 883 1603 917 flu·

899 939 988 971 vium
1005 939 1038 970 in
1063 939 1270 980 Thesprotia
1296 941 1471 979 repertam
1485 936 1529 968 ab
1551 935 1604 967 iu-

896 988 981 1021 feris
1004 988 1139 1021 veniens
1162 998 1276 1020 secum
1300 988 1431 1020 attulit.
1456 988 1604 1019 Torreat.

899 1039 1040 1080 Populea
1056 1038 1183 1079 ser-tur]
1207 1039 1344 1070 Corona
1364 1048 1407 1070 ex
1423 1036 1605 1069 frondibus

899 1089 1019 1130 populi
1046 1087 1188 1125 arboris,
1203 1097 1279 1130 quae
1305 1087 1408 1119 animi
1430 1086 1606 1119 fortitudi-

900 1149 977 1172 nem
997 1140 1153 1170 denotat.

943 1193 986 1222 24
1011 1188 1162 1229 Tristeis]
1185 1188 1400 1221 Renitenteis
1416 1197 1458 1220 ac
1479 1187 1606 1221 invitos

901 1244 1046 1283 propter
1059 1239 1200 1271 exilium
1217 1239 1351 1279 patriae.
1377 1240 1476 1279 Cruq.

945 1295 987 1324 25
1003 1291 1120 1322 Melior
1127 1290 1277 1331 fortuna]
1293 1289 1434 1330 Melior,
1447 1289 1526 1331 quia
1538 1288 1611 1322 sor·

902 1346 988 1374 tuna
1002 1340 1084 1372 mihi
1099 1341 1245 1381 patriam
1255 1339 1367 1380 dabit,
1381 1344 1418 1371 at
1432 1345 1533 1381 pater
1543 1340 1609 1371 Te-

901 1393 1014 1425 lamon
1030 1391 1183 1431 negavit.

944 1445 986 1474 27
1012 1442 1074 1474 Nil
1101 1441 1341 1483 desperandum]
1361 1439 1562 1482 Παράκλησις
1589 1449 1610 1472 a

901 1493 1106 1526 fortitudine
1122 1503 1131 1524 ι
1163 1503 1239 1535 quae
1275 1502 1344 1524 una
1381 1495 1483 1533 atque
1521 1490 1609 1522 adeo

902 1545 1083 1587 praecipua
1107 1551 1160 1577 est
1190 1555 1234 1576 ex
1257 1544 1298 1576 iis
1324 1543 1438 1583 rebus,
1465 1552 1563 1584 quas
1574 1543 1609 1574 in

904 1605 1036 1627 summo
1061 1595 1278 1637 Imperatore
1304 1594 1460 1635 duceque
1482 1593 1612 1634 requiri

904 1644 1025 1677 scribit
1041 1645 1114 1677 Cic.
1130 1654 1192 1686 pro
1211 1645 1301 1686 Lege
1318 1644 1439 1676 Manil.
1452 1642 1611 1675 nimirum

904 1695 1053 1727 scientia
1066 1695 1118 1726 rei
1141 1695 1316 1731 militaris,
1331 1691 1516 1732 fortitudo,
1530 1701 1612 1723 auc-

906 1746 1042 1784 toritas,
1058 1745 1220 1777 felicitas.
1245 1746 1344 1784 Cruq.
1380 1742 1519 1783 Auspice
1537 1742 1614 1774 Teu-

905 1794 973 1835 cro]
997 1796 1050 1826 De
1065 1795 1211 1831 Teucro,
1241 1802 1447 1835 quamquam
1473 1792 1613 1832 Graeco,

906 1845 1137 1876 Romanorum
1163 1844 1316 1885 loquitur
1339 1851 1444 1874 more.
1487 1841 1615 1882 Auspi-

907 1895 960 1926 cia
976 1896 1065 1926 enim
1080 1895 1115 1926 in
1131 1894 1289 1926 exercitu
1305 1903 1412 1936 penes
1425 1902 1527 1924 unum
1543 1892 1614 1925 Im-

907 1950 1102 1987 peratorem
1119 1949 1232 1985 erant,
1248 1945 1344 1986 cujus
1360 1944 1440 1976 ideo
1453 1942 1615 1985 auspiciis

908 1996 984 2037 geri
1019 1995 1133 2028 omnia
1169 1995 1385 2028 dicebantur.
1437 1994 1614 2027 Possimus

908 2046 1013 2078 etiam
1030 2046 1079 2077 ita
1091 2054 1280 2087 exponere,
1292 2049 1332 2077 ut
1339 2045 1494 2086 auspicem
1504 2054 1540 2076 se
1554 2054 1614 2076 vo·

907 2101 980 2137 cet,
1002 2097 1056 2129 cui
1067 2097 1144 2138 jam
1162 2097 1314 2128 Deorum
1330 2096 1460 2127 monita
1475 2104 1516 2127 ac
1531 2104 1613 2127 con-

906 2147 982 2179 silia
998 2147 1041 2178 ab
1055 2147 1216 2188 Apolline
1232 2145 1410 2188 patefacta
1424 2145 1504 2178 sint.
1532 2144 1615 2178 Aus-

903 2197 1020 2239 picem]
1044 2197 1104 2229 Me
1119 2197 1252 2228 Teucro
1266 2196 1457 2228 hortatore.

950 2250 994 2279 28
1019 2247 1134 2279 Certus
1148 2246 1248 2288 enim]
1271 2246 1400 2288 Apollo
1415 2255 1483 2278 non
1498 2244 1617 2288 fallax,

909 2302 969 2329 aut
984 2298 1163 2329 mentiens.

951 2351 996 2380 29
1010 2347 1218 2389 Ambiguum]
1233 2349 1344 2390 Recte
1357 2348 1548 2389 ambiguam,
1559 2357 1618 2380 cu-

902 2399 961 2440 jus
993 2398 1111 2430 audito
1142 2399 1279 2430 nomine
1305 2398 1416 2430 adhuc
1438 2398 1616 2439 ambiguus

909 2454 1013 2490 atque
1029 2458 1157 2490 anceps
1169 2449 1227 2485 sis,
1244 2449 1288 2480 de
1303 2459 1370 2490 qua
1385 2454 1517 2489 agatur.
1543 2448 1620 2480 Tor-

909 2502 992 2532 rent.
1034 2499 1238 2540 Ambiguum]
1263 2499 1431 2530 Promisit
1442 2498 1526 2529 duas
1540 2495 1617 2528 fore

911 2548 1114 2584 Salaminas,
1124 2558 1267 2589 quarum
1281 2548 1393 2580 altera
1408 2556 1498 2578 nunc
1512 2550 1566 2578 est
1581 2547 1617 2578 iu

910 2598 1047 2638 Attica,
1069 2599 1215 2629 alteram
1247 2606 1311 2638 ego
1340 2601 1376 2628 et
1409 2605 1469 2627 vos
1491 2596 1617 2629 conde-

914 2658 986 2680 mus
1002 2648 1037 2679 in
1054 2648 1181 2688 Cypro.

957 2701 1000 2730 30
1024 2697 1198 2738 Peioraque
1209 2695 1313 2739 passi]
1336 2696 1434 2738 Virg.
1450 2696 1461 2716 ⁴
1474 2697 1506 2730 Ο
1522 2699 1617 2740 passi

916 2745 1097 2790 gramm-a?

958 2800 1001 2829 32
1026 2796 1214 2830 Iter-obimus
1227 2795 1350 2838 oequor]
1372 2795 1506 2831 Iterum
1521 2798 1617 2832 navi-

916 2847 1081 2889 gabimus.
