1930 3204
373 278 484 320 1612

374 380 423 411 uti
438 384 474 411 et
496 381 506 398 ⁴
519 381 651 422 pnpus‚’
665 385 699 412 et
719 381 728 399 ⁴
741 383 910 423 pupillus,’
926 384 1057 416 blandi·

371 428 499 460 entium
523 438 597 460 esse
621 430 787 462 vocabula
803 436 838 462 et
860 431 940 463 alibi
966 433 1058 464 vide·

373 476 494 509 bimus.
539 477 614 509 Nec
639 478 798 510 dissimile
819 479 899 510 illud
919 489 958 512 u.
983 481 1056 512 Sat.

369 528 403 557 3.
438 527 574 568 ‘Sume‚
598 527 730 559 Catelle
746 527 768 567 ς’
811 538 887 560 nam
921 535 956 561 et
991 531 1055 562 hoc

370 576 569 608 blandientis
590 581 653 608 est.
696 578 856 610 Heinsius
873 579 920 611 sic
942 581 1055 620 legen-

369 623 447 655 dum
464 630 581 656 censet
597 636 606 656 ε
629 626 771 667 Appellat
783 631 899 668 poetum
912 633 1012 668 pater,
1027 633 1058 660 et

365 676 487 713 putum,
509 675 586 704 male
604 684 718 714 parvus
746 675 783 707 si
809 677 858 707 cui
879 677 971 716 filius
999 682 1056 709 est.

371 721 467 752 Nihil
494 721 649 754 festivius
671 724 737 755 dici
766 725 828 756 hac
849 726 1055 767 παρονομασίᾳ

368 774 494 809 potest.
538 771 679 807 Giossae,
710 771 793 812 pati,
821 774 928 813 μικροί.
972 777 1056 807 Sunt

367 819 455 849 enim
473 819 645 851 blanditiae
658 828 834 860 parentum
848 823 1054 864 ὑποκορισμοί.

368 867 492 899 Patres
508 879 600 909 ergo,
613 874 650 901 ut
662 871 836 903 strabones
853 880 975 905 vocant
988 885 1055 915 pae·

369 920 435 956 tos,
451 917 705 958 ὖποκοριζόμενοι,
729 920 775 950 ita
798 922 930 961 exignae
948 927 1055 954 statu-

367 974 414 996 1·ae
427 966 812 1007 filiosfflutosffdcowvas.
835 971 926 1003 Quid
943 973 985 1003 sit
997 983 1054 1013 pu-

366 1016 415 1043 tus
430 1018 465 1044 et
484 1013 619 1054 πόσθων,
634 1018 744 1048 multis
763 1017 878 1049 docuit
902 1020 934 1050 in
955 1021 1054 1052 Cata-

363 1061 463 1092 lectis
489 1062 538 1093 vir
575 1064 844 1105 incomparabilis
886 1067 1054 1109 Josephus

367 1111 530 1151 Scaliger.
549 1113 711 1145 Heinsius.
756 1115 842 1146 Male
853 1117 982 1157 parvus]
999 1117 1054 1149 Fi·

368 1160 432 1190 lius
448 1160 545 1192 nimis
559 1162 711 1202 exiguus.

408 1210 449 1239 47
485 1205 652 1251 Sisyphus]
691 1210 924 1253 Antiquissimi
954 1215 1054 1247 codd.

369 1257 512 1298 Sieypus.
575 1259 788 1300 Interpretes
827 1262 966 1294 Antonii
998 1264 1055 1295 tri-

368 1307 487 1338 umviri
515 1308 729 1347 pumilionem
751 1310 854 1341 fnisse
870 1312 997 1352 volunt,
1013 1313 1054 1345 ab

365 1354 492 1394 ingenii
509 1356 696 1388 calliditate
712 1358 759 1390 sic
775 1359 914 1392 dictum.
956 1362 1054 1393 Tales

365 1407 477 1434 autem
503 1403 662 1436 divitibus
687 1406 719 1436 in
752 1407 882 1439 deliciis
907 1418 981 1441 esse
1003 1420 1055 1441 so·

366 1451 449 1482 lent.
512 1452 697 1484 Ahar-tivum
735 1460 847 1486 antem
898 1466 1053 1489 vocamus

365 1499 523 1540 quicquid
562 1501 797 1541 imperfectum
830 1504 950 1536 editur.
1006 1506 1053 1537 At

363 1548 568 1589 imperfecta
585 1557 663 1582 sunt
684 1552 803 1590 pusilla
817 1553 938 1585 omnia.
966 1555 1052 1587 Torr.

365 1596 532 1637 Sisyphus]
555 1599 656 1629 Filius
675 1600 721 1630 M.
738 1600 877 1632 Antonii
891 1603 1052 1635 triumviri

364 1650 503 1676 staturae
534 1646 590 1676 vix
631 1646 808 1687 bipedalis,
839 1650 898 1680 sed
929 1651 1052 1690 ingenii

362 1694 557 1726 acutissimi.
614 1695 708 1726 Hunc
739 1706 859 1733 varum,
894 1700 1051 1741 distortis]

364 1742 466 1774 Hune
477 1743 533 1783 qui
544 1743 689 1775 distorta
703 1745 807 1777 habet
823 1756 921 1778 crura
938 1757 1052 1780 varum

363 1792 527 1831 appellat.
574 1793 689 1824 Varum
722 1794 865 1826 distortis
890 1796 1053 1835 cruribus,-

362 1843 448 1874 illum
470 1844 615 1875 Balbum
637 1846 794 1886 scaurum]
835 1847 910 1879 Duo
929 1847 1054 1880 fidelis·

362 1891 436 1922 simi
451 1892 550 1924 codd.
573 1892 730 1925 balbutit.
774 1896 839 1927 Est
862 1901 974 1928 autem
998 1898 1052 1930 hic

365 1941 374 1958 ‘
394 1940 583 1982 balbutire‚'
608 1943 791 1974 amantium
814 1954 907 1976 more
944 1945 1053 1978 fracta

362 1993 398 2019 et
413 1990 555 2021 tremula
568 2000 648 2022 voce
661 1991 765 2032 loqui.
789 1993 941 2025 Tibullus
958 2004 967 2025 :
985 1996 994 2012 ‘
1007 1995 1052 2026 Et

363 2037 427 2068 sibi
463 2038 642 2069 blanditias
679 2041 824 2070 tremula
848 2050 1050 2081 componere

361 2086 467 2118 voce.’
490 2087 538 2118 Ut
553 2092 665 2119 autem
679 2094 688 2107 ‘
703 2089 800 2120 Vari'
816 2089 1051 2130 dicuntur,qui

361 2135 541 2166 introrsum
563 2136 675 2166 curvis
701 2137 950 2177 contractisque
973 2142 1051 2168 sunt

363 2182 529 2223 cruribus,
570 2184 620 2214 sic
650 2183 805 2223 ‘Valgii'
839 2188 874 2215 et
913 2185 1028 2215 ‘Vatii
1041 2184 1050 2198 ’

363 2232 421 2273 qui
451 2233 599 2264 diversas
629 2232 752 2264 babent
769 2242 882 2264 suras:
906 2237 943 2265 ut
970 2243 1050 2275 ergo

361 2293 381 2313 a
397 2282 519 2322 pedum
541 2282 622 2313 vitio
647 2284 656 2300 ‘
674 2283 842 2322 Plancos:
863 2284 872 2300 ⁸
885 2283 1049 2323 Plautos‚’

361 2331 544 2368 ‘Scauros,’
560 2340 599 2362 ac
624 2335 634 2349 ¹
653 2331 780 2362 Pansas
794 2331 816 2370 ;'
839 2332 887 2363 sic
910 2342 929 2363 a
945 2333 1049 2364 cruri·

361 2380 423 2411 bus
438 2382 448 2399 ‘
463 2380 595 2419 Varos‚'
609 2380 619 2397 ‘
635 2379 778 2417 Varios:
798 2390 837 2412 ac
853 2382 862 2400 ‘
878 2381 1030 2413 Vatimos
1041 2381 1051 2396 '

363 2429 553 2469 appellatos
572 2428 677 2460 tradit
699 2429 790 2460 Plin.
813 2438 864 2461 xr.
889 2432 943 2462 45.
972 2431 1053 2463 vid.

363 2477 511 2508 Tui-neb.
525 2485 636 2508 xxnr.
652 2480 702 2509 17.
721 2478 862 2510 Tor-rent.

403 2530 445 2558 48
467 2526 611 2558 Balbatit
639 2527 796 2568 scaurum]
820 2528 1049 2561 Balbutiendo

365 2577 517 2617 appellat
531 2577 704 2613 Scaurum,
721 2577 754 2608 id
778 2581 842 2615 est,
869 2578 1049 2611 habentem

365 2626 450 2655 talos
465 2629 633 2657 extantes.
664 2625 915 2667 Sisyphus,hunc
930 2637 1049 2667 varum,

366 2673 508 2703 distortis
523 2674 675 2710 cruribus,
691 2674 780 2706 illum
794 2675 941 2708 Balbum
952 2677 1049 2708 Scau-

826 291 967 322 No'rAE
1000 292 1256 325 vARtORUM
1293 295 1341 325 ΙΝ

1106 387 1300 426 metantur?
1362 387 1506 419 ‘Balbus
1521 388 1530 402 '
1575 389 1663 421 enim
1698 391 1786 430 apud

1108 435 1242 466 Latinos
1271 444 1505 476 nonnunquam
1535 436 1561 467 is
1588 441 1656 476 est,
1689 446 1788 478 quem

1106 484 1288 524 appellant}
1302 485 1311 501 ⁴
1327 484 1490 523 blaesnm,'
1516 485 1578 516 hoe
1601 490 1654 517 est
1675 485 1788 527 is,'qui

1106 532 1229 572 linguae
1253 533 1335 564 vitio
1359 533 1505 564 litteram
1531 543 1550 564 r
1567 535 1787 574 pronuntiare

1106 581 1233 620 nequit,
1253 590 1292 612 ac
1309 591 1368 621 pro
1385 591 1424 612 ea
1446 587 1586 622 usurpat
1607 583 1631 622 1,
1656 583 1786 624 qualem

1106 632 1142 659 et
1167 633 1280 659 nostra
1303 634 1404 660 aetate
1430 631 1472 660 D.
1497 632 1598 662 heroa
1620 631 1788 663 Coesarem

1105 677 1323 717 Scaligernm,
1346 684 1381 709 et
1406 679 1484 710 olim
1501 679 1710 711 Alcibiadem
1734 680 1786 711 fu-

1107 726 1170 756 isse
1188 727 1386 766 accepimus.
1429 729 1517 759 Talis
1533 728 1638 760 fuisse
1654 729 1788 760 videtur

1106 775 1145 805 C.
1160 776 1241 806 Luc.
1268 775 1400 815 Hirrus,
1417 776 1450 806 in
1466 776 1636 816 Augur-atu
1653 778 1788 808 Cicero-

1106 823 1155 854 nis
1168 825 1379 864 competitor,
1389 826 1613 865 quemjocose
1627 828 1636 844 ¹
1647 826 1785 857 Hillum’

1105 874 1264 904 nominat.
1321 874 1481 904 Horatius
1507 875 1608 913 igitur
1635 885 1710 906 cum
1733 885 1787 906 os-

1105 921 1244 951 tendere
1267 922 1370 952 vellet
1393 924 1606 955 tenerrimum
1621 924 1712 955 illum
1729 933 1786 964 pa-

1103 974 1236 999 rentum
1259 978 1338 1008 erga
1362 969 1483 1001 liberos
1509 972 1541 1001 in
1568 972 1786 1003 extenuandis

1104 1027 1217 1048 eorum
1234 1018 1322 1048 vitiis
1339 1016 1510 1056 affectum,
1524 1029 1590 1060 quo
1604 1029 1644 1050 ea
1657 1021 1787 1059 magui·

1104 1066 1265 1106 exemplis
1293 1071 1477 1098 extenuare
1490 1068 1610 1108 solent,
1626 1078 1786 1110 perquam

1104 1115 1269 1155 Satyrice,
1285 1120 1321 1147 ut
1345 1122 1418 1148 erat
1440 1117 1607 1158 ingenium
1635 1118 1710 1157 viri,
1722 1118 1788 1149 ain—

1105 1164 1191 1203 gulis
1219 1164 1367 1196 Romana
1395 1165 1528 1196 nomina
1556 1165 1697 1198 induxit.
1751 1167 1788 1198 Si

1105 1213 1179 1254 quis
1195 1214 1335 1246 Strabns
1348 1219 1412 1252 est,
1435 1214 1551 1255 inquit,
1565 1219 1665 1247 vocat
1689 1219 1698 1233 ⁸
1711 1215 1787 1247 Pte-

1105 1262 1198 1293 tum.’
1239 1262 1279 1294 Id
1290 1267 1400 1294 autem
1412 1263 1618 1295 AEliorumet
1632 1263 1786 1305 Papirio-

1104 1320 1178 1342 rum
1193 1320 1375 1352 cognomen
1398 1317 1461 1343 est.
1503 1312 1539 1343 Si
1550 1321 1668 1351 nanus,
1681 1314 1691 1330 ‘
1704 1311 1786 1343 Pul-

1103 1359 1195 1397 lum‚’
1215 1360 1302 1401 quod
1324 1365 1376 1392 est
1403 1361 1592 1401 Juniorum,
1617 1371 1636 1392 e
1663 1361 1783 1402 quibus

1103 1409 1142 1439 L.
1158 1409 1277 1440 Junius
1293 1409 1425 1448 Pullus,
1441 1419 1515 1441 curn
1531 1410 1619 1441 Pub.
1641 1409 1781 1441 Claudio

1103 1457 1249 1488 Pulchro
1273 1457 1316 1489 A.
1330 1459 1371 1490 U.
1387 1458 1425 1490 C.
1440 1461 1513 1490 504.
1539 1459 1612 1490 Cos.
1627 1458 1702 1490 fuit.
1745 1459 1782 1490 si

1102 1504 1248 1536 distortis
1278 1506 1442 1544 cruribus,
1474 1506 1646 1547 ‘Vax-um}
1670 1505 1703 1538 id
1730 1513 1783 1538 est

1103 1553 1338 1593 Pompeiorum
1355 1558 1389 1584 et
1404 1554 1671 1587 Quinctilius-um.
1714 1555 1783 1586 De·

1101 1602 1202 1643 nique
1216 1603 1243 1634 si
1271 1602 1428 1641 balbutit,
1442 1603 1561 1643 inquit,
1578 1607 1696 1634 vocat·
1711 1603 1784 1634 Hil-

1100 1651 1191 1682 lnm.’
1245 1652 1321 1683 Quo
1352 1653 1433 1691 joco
1458 1652 1525 1684 dici
1562 1661 1625 1683 non
1658 1656 1786 1693 potest,

1101 1704 1226 1740 quanta
1255 1705 1430 1731 venustate
1460 1705 1618 1740 tangatur
1649 1701 1783 1739 Hirrus,

1101 1747 1197 1787 cujus
1212 1748 1331 1779 Cicero
1352 1749 1554 1780 mentionem
1582 1748 1678 1781 fecit.
1720 1750 1783 1782 Est

1100 1802 1212 1828 autem
1228 1798 1327 1837 plane
1347 1797 1388 1828 ab
1413 1798 1658 1837 inexspectato.
1700 1798 1783 1831 Quis

1102 1845 1189 1876 enim
1205 1850 1451 1886 exspectasset,
1468 1850 1506 1877 ut
1520 1856 1596 1878 cum
1613 1847 1693 1878 vitia
1708 1856 1784 1887 cog-

1101 1894 1189 1925 natis
1212 1895 1380 1926 vocabulis
1404 1899 1621 1935 excusantur,
1639 1896 1786 1927 nomina-

1101 1947 1155 1974 ret
1169 1942 1319 1979 Hirrum,
1334 1944 1428 1984 cujus
1453 1953 1572 1975 nomen
1595 1953 1670 1976 curn
1685 1944 1785 1976 balbo

1101 1991 1182 2022 nihil
1197 2001 1371 2024 commune
1386 1993 1488 2024 nabet
1503 1993 1515 2021 ?
1538 1993 1602 2024 Sed
1619 1994 1696 2034 quia
1712 1993 1784 2033 ipse

1101 2040 1179 2070 talis
1199 2044 1282 2080 erat,
1303 2041 1533 2079 urbanissimo,
1559 2050 1660 2081 supra
1683 2049 1782 2082 quam

1100 2087 1168 2119 dici
1191 2092 1314 2128 potest,
1336 2089 1416 2127 sale,
1435 2098 1497 2128 pro
1523 2089 1634 2125 vicino
1652 2090 1784 2121 nomine

1100 2135 1207 2174 ipsam
1223 2144 1398 2175 personam
1415 2137 1455 2166 ad
1467 2141 1580 2176 partes
1594 2143 1700 2176 vocat,
1715 2147 1780 2169 non

1099 2182 1198 2213 aliter
1219 2182 1292 2222 ejus
1319 2192 1438 2214 nomen
1471 2182 1654 2222 efferendo,
1682 2195 1781 2226 qnam

1099 2229 1173 2270 ipse
1187 2230 1307 2261 Hirrus
1330 2230 1363 2260 id
1389 2229 1512 2262 efferre
1528 2235 1674 2272 poterat.
1718 2234 1782 2266 Est

1099 2284 1212 2311 antem
1228 2280 1392 2320 particula
1405 2280 1434 2310 si
1446 2281 1633 2320 repetenda
1647 2290 1690 2312 ex
1701 2283 1757 2314 illo
1771 2293 1781 2314 ε

1098 2331 1128 2359 et
1140 2329 1276 2368 Pullum,
1289 2329 1366 2359 male
1379 2338 1490 2368 parvus
1505 2329 1543 2360 Si
1557 2330 1608 2360 cui
1618 2330 1711 2371 filius
1723 2335 1780 2364 m.

1097 2376 1133 2407 Si
1149 2377 1235 2408 male
1261 2386 1393 2416 parvus,
1418 2376 1445 2407 si
1473 2377 1627 2410 balbutit.
1669 2379 1782 2412 Quare

1099 2429 1207 2456 totum
1223 2426 1332 2456 locum
1348 2434 1412 2456 uon
1428 2425 1596 2457 dubitabis
1605 2426 1667 2458 hoe
1683 2427 1782 2460 modo

1098 2474 1222 2514 legere,
1238 2483 1278 2504 ac
1295 2474 1328 2504 in
1344 2473 1490 2505 editione
1512 2474 1597 2506 Rob.
1618 2476 1782 2517 Stephani

1098 2529 1290 2554 correctum
1316 2523 1452 2554 damus:
1482 2533 1581 2564 quem
1617 2525 1664 2556 ibi
1694 2526 1781 2558 vide.

1102 2572 1247 2611 Rutgers.

1138 2623 1181 2652 49
1203 2620 1307 2658 Frugi
1323 2619 1459 2660 dicatur]
1481 2618 1591 2651 Homo
1621 2619 1709 2662 frugi
1731 2621 1782 2654 di-

1098 2674 1195 2701 catur
1221 2673 1256 2700 et
1285 2672 1504 2709 temperatus.
1573 2668 1711 2710 Inepta-s.
1736 2671 1780 2701 Et

362 2730 441 2756 rum,
463 2723 569 2761 pravis
582 2723 705 2760 fultum
732 2723 915 2763 mulctatis]
945 2723 1049 2756 ‘Bal-
1089 2717 1275 2757 jssclssmwr]
1318 2717 1398 2748 Me⁰
1427 2716 1558 2756 jfldissffi
1588 2716 1777 2758 ‘ineptum'

363 2769 493 2801 butire'
514 2769 725 2811 Interpretes
750 2782 816 2805 non
838 2773 922 2806 bene
945 2774 1049 2807 inter-

1099 2771 1198 2800 vocat
1224 2766 1398 2806 Horatius,
1419 2765 1475 2807 qui
1492 2764 1580 2805 jocis
1603 2764 1778 2805 captandi·
