1904 3216
362 278 474 320 1692

362 379 546 411 secundos!
588 378 654 410 Alii
669 382 780 409 tamen
805 377 866 409 hoc
883 387 943 418 pro
966 378 1039 409 ‘ro-

813 287 948 317 NOTAE
981 286 1237 320 vARlomJM
1273 289 1321 318 lN

1087 379 1144 418 jus
1161 377 1299 416 vafrum,
1316 379 1485 418 appellat?
1528 379 1580 410 An
1603 379 1689 420 quod
1708 380 1766 411 hu·

361 427 462 467 gata'
479 431 661 467 exponunt.
704 425 771 456 Sed
797 435 837 456 eo
860 426 931 466 ipso
952 425 1040 466 quod
1084 427 1272 467 juscemodi
1295 427 1443 458 vafrities
1466 433 1520 459 est
1542 428 1574 458 in
1595 427 1768 460 Juriscon-

359 475 441 506 deos
466 475 614 508 colimus,
630 477 668 504 ut
691 472 829 513 propitii
853 473 932 511 sint,
945 482 1041 512 roga-

360 531 433 553 mus
446 531 576 562 quoque
591 531 602 558 ς
623 525 724 562 atque
740 521 823 552 adeo
838 521 870 552 in
887 522 958 561 ipso
973 523 1040 553 cul-

360 575 397 601 tu
413 579 529 610 preces
544 573 621 600 sunt
634 580 642 599 ε
658 578 762 610 quare
771 571 941 606 παθητικῶς
953 570 1040 601 acci-

360 627 442 659 pere
457 618 580 649 malim.
605 619 744 650 Tor-rent.

403 669 462 697 125
486 666 660 707 Explicuit,
682 665 752 707 qm]
786 667 829 698 Id
851 670 914 706 est,
939 665 1043 706 expli-

360 715 430 745 cuit
448 713 591 746 frontem
613 720 818 747 contractam
839 720 976 756 propter
990 724 1041 745 se-

361 763 423 801 ria,
434 762 467 793 id
480 767 545 798 est,
558 767 696 803 propter
709 772 816 798 curas,
829 773 900 803 qnae
914 773 934 794 a
946 763 1041 793 seriis

361 811 571 850 proveniunt.
585 811 750 843 Lamiam.
772 809 948 851 Explicuit]
965 810 1041 841 Dis-

361 859 476 891 cussit.
519 859 610 891 Seria
617 859 753 899 frontis]
774 860 841 890 Res
857 860 970 898 serias,
986 868 1043 890 cu·

361 919 427 950 ras,
439 915 475 941 et
489 911 670 950 molestias,
679 910 797 952 quibus
809 910 900 942 frons
910 915 1043 942 contra-

361 959 464 990 hitnr.

403 1009 465 1037 126
486 1005 613 1045 Saeniat,
629 1006 735 1046 aeque]
768 1006 820 1037 Sit
839 1006 918 1037 mihi
937 1006 1044 1038 sortu-

363 1063 407 1084 na
433 1053 546 1094 iniqua
571 1053 696 1094 (inquit
719 1052 864 1093 Ofellus)
885 1059 1044 1094 quantum

362 1100 465 1133 volet.
512 1101 687 1141 Tumultus]
721 1102 881 1133 Terrores
903 1108 940 1132 et
965 1102 1044 1132 alios

363 1155 473 1182 motus
491 1151 631 1182 excitet.

407 1200 466 1229 127
488 1198 576 1229 Hinc
589 1197 761 1238 imminuet]
778 1197 830 1229 De
844 1207 897 1234 eo,
910 1198 1000 1239 quod
1011 1198 1045 1229 in

362 1256 424 1278 usu
438 1247 553 1278 habeo.

405 1299 466 1328 128
491 1297 520 1327 Ο
538 1296 629 1336 pueri
646 1295 800 1335 nimi-stis]
836 1295 983 1336 Pingues
1009 1300 1046 1326 et

361 1345 459 1376 nitidi
482 1344 602 1376 fuistis.
645 1345 757 1376 Nitere
781 1344 869 1376 enim
894 1345 1044 1384 corporis

363 1392 477 1431 εὐεξίαν
506 1393 726 1424 demonstrat.
769 1393 862 1423 Male
895 1393 950 1434 qui
986 1401 1045 1432 pro

362 1441 511 1480 nituistis,
533 1441 660 1472 vixistis
678 1441 732 1472 hic
757 1442 894 1480 legunt:
931 1450 1045 1481 quam·

362 1500 460 1530 quam
474 1499 538 1521 non
554 1500 618 1520 uuo
634 1492 666 1520 in
682 1491 754 1521 cod.
766 1491 884 1521 Ms.sic
901 1491 1045 1530 repperi.

363 1538 476 1579 Atque
496 1539 544 1569 ita
564 1540 648 1570 nitor
661 1539 719 1570 olei
741 1548 800 1579 pro
821 1539 886 1569 olei
908 1539 1045 1578 pingue-

364 1586 443 1617 dine
459 1586 548 1626 apud
563 1587 752 1617 Vitruvium
769 1586 823 1617 lib.
846 1582 881 1618 iz.
896 1592 934 1617 ut
953 1588 962 1603 ‘
974 1587 1046 1626 pin-

364 1643 462 1673 guem
475 1633 483 1646 '
497 1638 532 1664 et
546 1639 554 1651 ⁸
568 1632 709 1664 nitidum
720 1634 728 1647 ’
741 1635 913 1674 conjunxit
923 1634 1045 1665 Horat.

363 1682 398 1712 in
414 1681 523 1721 Epist.
539 1681 580 1711 ad
595 1681 773 1712 Tibullum.
795 1682 954 1721 Virgilius
966 1692 1047 1723 quo-

364 1739 442 1770 que,
457 1730 514 1760 illo
529 1730 562 1760 in
578 1738 696 1761 versu:
711 1731 720 1746 ‘
732 1731 928 1770 Superoque
941 1731 1047 1761 uiten-

364 1782 433 1809 tem
447 1779 637 1810 Coelicolum
653 1779 722 1819 regi
734 1779 872 1810 mactavi
890 1779 923 1810 in
935 1779 1048 1811 littore

364 1826 520 1858 taurum.’
563 1827 650 1858 Nam
679 1828 825 1868 opimum
848 1833 952 1869 atque
981 1828 1049 1859 exi-

363 1875 465 1906 mium
479 1875 650 1916 intelligit.
679 1875 804 1907 Contra
817 1885 896 1907 vero
910 1877 1049 1917 graciles

363 1923 500 1955 nimium
525 1928 764 1966 attenuatoque
786 1934 938 1966 corpore,
953 1927 963 1944 ‘
976 1935 1049 1957 ves—

364 1974 477 2004 culos'
506 1974 732 2015 appellabant.
769 1979 886 2006 auctor
918 1976 1049 2007 Festus.

367 2023 507 2055 Torreat.
550 2024 718 2065 Nuuistis]
743 2025 856 2055 Minus
873 2025 1049 2065 splendide

365 2072 519 2103 vixistis?
567 2073 611 2103 Ue
634 2073 691 2104 huc
713 2083 807 2104 novus
830 2073 927 2104 incola
950 2073 1049 2112 venit]

365 2121 548 2161 Postquam
560 2121 624 2152 huc
639 2122 730 2152 venit
744 2122 945 2153 Umbrenus.

407 2171 469 2200 129
491 2169 575 2199 Nam
585 2170 721 2208 propria.»
733 2169 868 2208 telluris]
895 2170 1048 2200 Commo-

365 2217 460 2248 randi
477 2218 565 2248 enim
581 2220 700 2248 natura
711 2216 928 2248 diversorium
941 2218 1049 2256 nobis,

365 2266 473 2307 inquit
485 2266 570 2297 Cato
584 2266 705 2305 Major,
721 2275 787 2296 non
809 2265 981 2296 habitandi
1002 2266 1048 2296 lo-

366 2325 441 2347 cum
457 2315 560 2345 dedit.
590 2314 675 2344 Sunt
687 2318 799 2344 autem
814 2314 946 2353 privata
960 2314 1050 2344 nulla

366 2369 497 2395 natura.
519 2363 590 2394 Cic.
606 2360 706 2394 Offic.
722 2371 747 2393 1.
782 2361 884 2401 [Nam
895 2362 1050 2402 proprium

368 2412 512 2445 Chisian.
540 2414 570 2442 1.
597 2420 616 2442 a
641 2420 684 2442 m.
710 2419 779 2442 sec.
823 2410 908 2440 Nam
928 2411 1050 2450 proprie

367 2462 482 2502 plures
503 2459 600 2491 codd.
616 2460 675 2498 ap.
698 2459 812 2498 Feam,
827 2463 863 2490 et
884 2459 962 2490 edd.
984 2460 1051 2490 Ve-

366 2515 454 2542 nett.
477 2511 570 2540 1495.
601 2510 693 2540 1509.
733 2507 822 2548 quod
850 2514 1051 2548 receperunt

368 2559 449 2598 Fea,
464 2558 587 2593 Bothe,
601 2562 638 2588 et
651 2556 790 2597 Jaeck.]

411 2612 472 2640 130
487 2608 560 2648 Ille]
574 2607 763 2638 Umbrenus
777 2615 836 2647 per
847 2606 1050 2647 Augustum.

411 2660 470 2688 131
489 2655 665 2696 Nequitia]
688 2655 836 2686 Luxuria
850 2659 887 2686 et
900 2662 1051 2695 sumptus

370 2704 536 2745 profusus.
568 2703 634 2735 Aut
645 2704 727 2741 vqfri
737 2703 861 2734 inscitia
869 2703 968 2744 juris]
982 2703 1053 2735 Aut

372 2752 456 2785 vafri
471 2754 556 2793 juris
572 2754 747 2795 ignoratio.
789 2754 857 2787 Sed
872 2763 931 2786 cur
945 2753 1052 2786 Poeta

1090 476 1197 513 sultis,
1212 481 1249 506 ut
1263 475 1295 506 in
1311 480 1485 516 utramque
1500 481 1627 516 partem
1638 475 1697 516 jus
1711 484 1768 506 ex·

1091 529 1216 563 ponant
1238 530 1272 555 et
1287 524 1574 564 interpretentur?
1618 523 1695 555 Non
1711 532 1769 554 au-

1091 571 1155 602 deo
1171 571 1342 603 affirmare.

1134 622 1194 651 132
1222 621 1364 652 Vivacior
1381 620 1493 659 haeres]
1525 620 1618 651 Mors
1641 629 1771 660 posses·

1088 669 1186 706 soris,
1200 670 1253 700 cui
1267 670 1372 700 haeres
1386 669 1510 700 diutius
1527 669 1640 699 vivens
1655 677 1768 699 sucee-

1089 716 1151 748 dit.

1132 767 1193 796 134
1222 766 1312 797 Nulli
1337 764 1495 806 proprius]
1533 766 1625 797 Nulli
1647 775 1768 807 perpe-

1090 817 1178 844 tuus.

1133 865 1192 893 135
1218 863 1416 903 Fortes‚8fc.]
1437 863 1550 894 Vivite
1565 862 1643 894 forti
1659 863 1768 894 animo

1090 910 1248 941 adversus
1260 910 1400 941 fortunae
1414 911 1631 943 incommoda.
1673 912 1768 952 [Vat-

1093 959 1187 989 Rom.
1202 961 1232 989 6.
1249 961 1300 989 10.
1317 968 1395 989 nunc
1411 958 1510 997 aliis.]

1133 1007 1212 1047 [136
1234 1007 1413 1046 Martiaque
1427 1006 1546 1037 Sanad.
1558 1016 1601 1038 ex
1611 1006 1771 1047 ingenim]

1091 1056 1172 1087 SAT.
1188 1065 1244 1087 111.
1267 1056 1505 1095 Damasippum
1521 1054 1651 1086 inducit
1666 1055 1772 1095 ipsum

1136 1108 1346 1135 accusantem
1369 1103 1458 1144 quod
1483 1102 1564 1134 nihil
1587 1102 1773 1134 scriberet:

1135 1153 1256 1184 deinde
1268 1152 1329 1184 sub
1340 1161 1478 1192 persona
1489 1151 1687 1192 Damasippi
1699 1151 1774 1182 Sto·

1135 1203 1221 1233 icum
1244 1202 1436 1242 paradoxon
1460 1205 1595 1245 tractat,
1607 1200 1773 1240 nimirum,

1135 1253 1145 1270 ‘
1157 1251 1285 1283 Stultos
1299 1260 1410 1282 onmes
1425 1249 1594 1281 insanire.’

1137 1303 1154 1330 1
1178 1300 1232 1331 Sic
1246 1300 1332 1340 raro]
1359 1299 1528 1330 Festivum
1542 1297 1637 1331 Junii
1651 1298 1775 1330 Dama·

1093 1349 1180 1389 sippi
1209 1348 1275 1390 (sic
1311 1348 1398 1379 enim
1428 1346 1646 1379 Grammatici
1673 1346 1776 1377 nomi-

1094 1396 1188 1437 nant)
1209 1406 1284 1427 cum
1302 1396 1443 1427 Horatio
1458 1395 1676 1436 colloquium:
1709 1403 1775 1435 quo

1094 1447 1161 1485 ille,
1176 1455 1195 1476 e
1209 1450 1407 1484 mercatore,
1418 1445 1569 1476 Stertinii
1582 1452 1697 1484 opera,
1707 1442 1778 1474 fse-

1095 1498 1149 1524 tns
1166 1498 1304 1533 repente
1322 1493 1467 1532 Stoicus,
1481 1503 1501 1523 a
1524 1491 1638 1523 Poe'tae
1661 1499 1774 1531 repre·

1093 1542 1251 1573 hensione
1274 1541 1449 1580 incipiens,
1469 1550 1562 1571 raros
1577 1549 1651 1571 esse
1666 1539 1775 1570 stulti—

1095 1591 1151 1622 tiae
1164 1595 1318 1631 expertes
1333 1590 1445 1625 docet,
1455 1590 1574 1620 stultos
1586 1593 1696 1620 autem
1705 1597 1775 1619 om·

1096 1649 1154 1670 nes
1176 1639 1330 1669 insanire.
1373 1639 1470 1671 Quod
1487 1642 1597 1669 autem
1611 1637 1774 1678 Cruquius

1097 1696 1157 1728 pro
1173 1687 1227 1718 Sic
1240 1697 1310 1717 raro
1324 1686 1501 1726 legendum
1517 1690 1612 1726 putat
1627 1694 1669 1716 ex
1682 1685 1774 1716 libris

1097 1736 1181 1767 Mss.
1203 1735 1241 1766 Si
1262 1744 1345 1773 raro,
1360 1734 1392 1765 id
1416 1743 1477 1764 nec
1499 1733 1578 1764 mihi
1599 1732 1776 1773 displicet3

1097 1794 1163 1815 non
1178 1790 1288 1815 tamen
1301 1783 1387 1814 tanti
1403 1787 1465 1820 est,
1479 1786 1515 1813 ut
1530 1791 1549 1812 a
1565 1782 1698 1822 vulgata
1713 1782 1779 1813 lec·

1097 1833 1189 1864 tione
1206 1832 1372 1864 recedam.
1391 1830 1470 1862 Vid.
1482 1830 1630 1861 Turneb.
1646 1838 1709 1862 vu.
1727 1833 1777 1862 10.

1100 1881 1239 1912 Torrent-
1281 1881 1335 1912 Sic
1361 1880 1447 1921 raro]
1482 1880 1514 1911 Ο
1545 1879 1676 1910 Horati.
1735 1880 1779 1911 Ut

1097 1933 1160 1961 toto
1174 1939 1233 1961 non
1245 1933 1352 1970 quater
1365 1927 1460 1968 anno]
1494 1928 1579 1959 Haec
1597 1937 1658 1968 per
1673 1937 1774 1968 exag-

1098 1979 1305 2020 gerationem
1320 1976 1514 2013 efferuntur,
1529 1982 1567 2008 ut
1589 1986 1609 2007 a
1627 1981 1776 2017 tempore

1098 2033 1133 2058 et
1149 2027 1309 2058 tarditate
1324 2026 1368 2058 sit
1383 2026 1456 2067 ipsa
1470 2025 1647 2066 castigatio
1665 2025 1778 2057 verisi-

1097 2076 1216 2107 milior.
1243 2076 1337 2115 Cruq.

1139 2127 1160 2154 2
1183 2124 1394 2154 Membranam
1406 2123 1526 2162 poscas]
1561 2123 1686 2154 Charta
1702 2133 1778 2163 pro-

1097 2172 1168 2211 prie
1181 2172 1270 2202 dicta
1281 2180 1322 2201 ex
1339 2180 1465 2210 papyro
1477 2175 1564 2210 erat,
1576 2170 1710 2201 condita
1720 2171 1776 2201 de-

1098 2229 1184 2250 mum
1208 2218 1422 2253 Alexandria,
1445 2218 1478 2249 in
1500 2218 1644 2258 AEgypto
1665 2224 1778 2258 reper-

1097 2273 1154 2300 ta:
1178 2273 1214 2299 at
1239 2269 1249 2285 ⁴
1263 2267 1473 2299 membrana’
1496 2277 1538 2298 ex
1562 2267 1777 2299 animantium

1098 2317 1242 2358 pellibus
1257 2317 1455 2348 concinnata
1472 2320 1525 2347 est
1541 2317 1680 2356 primum
1695 2317 1778 2348 Per-

1098 2365 1197 2406 gami,
1221 2364 1307 2396 unde
1330 2364 1578 2404 ‘Pergamena’
1603 2364 1694 2396 dicta
1716 2369 1779 2404 est,

1099 2424 1174 2445 cum
1189 2414 1339 2446 chartam
1352 2413 1583 2453 supprimente
1594 2412 1779 2444 Ptolomaeo

1099 2463 1191 2502 Rege
1217 2461 1360 2502 AEgypti‚
1383 2461 1548 2491 Eumenes
1571 2461 1604 2491 in
1631 2459 1714 2492 Asia
1738 2460 1780 2491 ad

1097 2511 1202 2551 ipsius
1215 2510 1457 2542 aemulationem
1472 2514 1507 2541 et
1520 2509 1592 2550 ipse
1603 2509 1781 2541 bibliothe-

1098 2569 1170 2590 cam
1200 2559 1391 2590 instituerat
1407 2569 1415 2589 :
1459 2558 1507 2590 sic
1536 2559 1623 2589 enim
1651 2559 1780 2591 Plinius

1100 2616 1181 2639 xiii.
1199 2611 1251 2638 11.
1275 2607 1508 2647 Exprobrabat
1523 2606 1625 2647 igitur
1637 2607 1781 2640 Horatio

1099 2654 1434 2696 Damasippus‚quod
1448 2660 1514 2685 tam
1529 2664 1604 2686 raro
1616 2656 1778 2687 membra-

1099 2715 1174 2736 nam
1204 2708 1370 2745 posceret,
1394 2704 1428 2734 in
1451 2713 1549 2744 quam
1574 2704 1706 2735 tandem
1729 2713 1781 2744 ea,

1100 2763 1174 2795 quae
1190 2753 1313 2786 tamdiu
1329 2757 1447 2784 texens
1463 2757 1563 2793 atque
1578 2757 1732 2784 retexens
1745 2752 1778 2783 in
