1930 3204
503 314 715 347 HoRA'rn
750 313 1028 344 SERMONUM
1065 313 1158 344 mn.
1192 314 1222 343 1.
1251 301 1293 343 3.

167 410 308 444 Leviter
333 409 559 442 exsorbuerit.
602 404 701 450 [Vat.
727 408 823 439 Rom.
837 410 869 438 9.

167 462 326 503 Angelic.
342 464 374 493 2.
390 464 426 492 et
440 460 567 491 Venet.
583 461 678 491 1481.
699 457 869 498 trepidum-

167 522 224 552 que
236 523 249 549 ,·
271 511 359 553 quod
375 513 579 551 receperunt
590 508 673 548 Fea,
688 507 815 548 Bothe,
833 511 870 539 et

166 562 308 603 Jaeck.]

210 614 254 644 82
282 610 422 644 Labeone
449 609 601 650 insanior]
641 606 709 639 Hic
736 606 809 646 ille,
835 606 870 637 ni

168 661 282 703 fallor,
317 661 368 693 M.
400 660 569 692 Antistius
602 657 734 698 Labeo,
770 666 870 698 quem

169 711 292 752 Atejus
305 711 431 751 Capito
446 709 598 750 Epistola
614 707 761 749 quadam
778 706 869 746 apud

170 760 319 793 Gellium
336 767 422 791 xnt.
445 761 496 790 12.
514 761 655 790 testatus
671 761 723 788 est
738 765 870 787 morum

169 819 251 852 pop.
267 810 472 851 Rjurisque
485 807 593 839 civilis
605 806 743 838 doctum
757 806 870 846 appri-

168 868 223 891 me
237 858 353 890 fuisse.
398 858 494 890 Nihil
510 858 626 899 itaque
644 855 870 887 dubitandum

167 908 248 950 quin
275 908 310 940 in
334 908 479 939 Caesaris
505 907 649 948 gratiam
672 907 682 924 ‘
697 906 872 938 insauum'

166 967 244 990 eum
261 962 364 990 vocet
389 957 567 989 Horatius.
591 957 682 988 Torr.
730 956 872 988 Labeone

167 1007 307 1039 insanior
318 1007 419 1048 inter]
437 1005 783 1047 Labeojurisperitus
796 1010 873 1037 erat

168 1062 366 1097 contumax,
396 1057 453 1098 qui
489 1057 596 1088 multa
627 1055 727 1087 nimis
762 1055 872 1087 libere

170 1107 307 1138 dixerat
331 1107 365 1138 in
382 1105 588 1147 Augustum.
630 1105 776 1137 Labeone
790 1105 872 1136 insa-

171 1155 258 1197 nior]
283 1155 342 1187 Sic
374 1156 500 1196 dictus,
529 1157 583 1187 vel
607 1155 652 1186 ob
669 1156 873 1196 singularem

171 1207 246 1245 ejus
277 1207 526 1238 contumaciam
549 1215 632 1246 erga
659 1205 873 1246 Augustum:

172 1256 227 1287 vel
243 1261 282 1288 ut
298 1256 508 1296 Pomponius
531 1256 593 1288 lib.
609 1265 650 1287 n.
667 1257 756 1288 circa
772 1255 873 1287 tinem

171 1306 221 1337 D.
250 1305 294 1337 de
321 1305 422 1347 Orig.
447 1305 553 1342 Juris,
575 1308 642 1338 &c.
670 1306 718 1337 ita
735 1306 873 1338 scribit:

169 1355 322 1396 ‘Labeo‚
350 1357 476 1396 ingenii
500 1356 666 1397 qualitate
689 1361 724 1387 et
749 1355 875 1387 fiducia

172 1405 353 1446 doctrinae,
374 1406 452 1447 qnia
481 1412 514 1437 et
539 1406 667 1437 ceteris
682 1406 795 1446 operis
823 1416 875 1437 sa-

172 1456 309 1496 pientire
333 1465 474 1497 operam
491 1455 647 1494 dederat,
664 1456 808 1496 plurima
824 1455 875 1486 in-

173 1515 300 1538 novare
329 1506 505 1539 instituit?
558 1506 723 1538 Videmus
761 1511 873 1537 autem

171 1557 273 1596 vulgo
289 1565 360 1592 eos,
376 1557 432 1597 qui
449 1566 470 1587 a
496 1560 750 1597 praeceptorum
767 1555 874 1587 tradi·

172 1605 319 1637 tionibus
332 1605 511 1646 recedunt,
527 1610 564 1637 et
579 1615 682 1637 novas
705 1606 770 1646 ipsi
786 1615 876 1637 com·

171 1656 409 1695 miniscuntur,
432 1656 648 1698 quantumvis
662 1656 743 1697 jure
770 1656 805 1687 id
824 1655 876 1687 fa-

172 1707 281 1748 ciant,
306 1718 326 1739 a
349 1708 523 1749 plerisque
545 1707 730 1742 contemni,
747 1707 876 1746 rideri;

173 1757 374 1789 temerarios
400 1758 550 1798 demum,
582 1757 801 1796 impudentes
836 1765 876 1787 ac

173 1807 297 1838 stultos
336 1807 525 1847 nuncupari
543 1816 551 1836 :
590 1805 680 1846 quod
723 1805 877 1837 Labeoni

175 1855 356 1887 verisimile
388 1860 442 1887 est
466 1855 663 1896 contigisse,
694 1859 731 1886 ut
757 1855 830 1886 scil.
858 1864 878 1886 a

175 1906 280 1946 vulgo
296 1905 531 1946 despiceretur
545 1911 580 1936 et
593 1905 727 1935 insanus
739 1914 878 1935 vocare-

177 1959 254 1986 tur:
286 1959 323 1986 et
343 1955 510 1987 Horatius
534 1965 610 1987 cum
628 1955 728 1996 vulgo
744 1956 878 1987 locutus

177 2010 241 2036 est.
263 2005 384 2036 Deln'o.

219 2056 261 2085 83
296 2054 382 2086 Inter
403 2064 495 2086 sonos
523 2054 663 2094 dicatur]
701 2054 799 2086 Inter
825 2064 878 2086 sa·

178 2104 322 2145 pientes.
367 2104 492 2140 Quanto
517 2105 573 2135 hoc
589 2104 742 2143 furiosius
770 2102 878 2144 atque]

178 2153 363 2193 Furiosius,
379 2153 468 2195 qnod
490 2153 572 2186 fecit
595 2154 760 2189 dominus,
777 2163 878 2195 quam

177 2203 267 2245 qnod
283 2213 402 2235 servus
418 2203 575 2235 admisits

220 2254 260 2284 85
277 2254 450 2294 Comedus,
465 2253 611 2294 habeare]
638 2251 737 2285 Quod
755 2251 819 2283 nisi
831 2253 878 2292 ig-

177 2311 310 2335 noscas.

221 2356 264 2385 86
286 2353 480 2393 Drusonem]
503 2351 734 2391 Manuscripti
763 2360 879 2382 omnes

180 2403 348 2443 Rusonem,
365 2402 419 2433 vel
435 2402 622 2439 Russonem,
644 2401 696 2430 vel
719 2400 881 2430 Rissonem

180 2457 316 2484 vocant.
359 2451 573 2491 Interpretes
594 2449 820 2480 feneratorem
846 2459 880 2479 a-

181 2501 428 2539 cerbissimum,
453 2505 489 2531 et
514 2499 757 2539 ineptissimum
777 2499 882 2530 histo-

182 2552 307 2582 riarum
321 2550 540 2590 scriptorem,
552 2548 658 2580 fuisse
671 2548 808 2587 volunt;
825 2549 883 2590 qni

182 2600 358 2631 debitores
374 2609 501 2630 moram
518 2597 683 2630 facientes
698 2607 739 2629 eo
755 2602 883 2629 macta-

183 2651 243 2682 bat
258 2650 356 2685 malo,
377 2655 414 2681 ut
430 2649 632 2680 recitantem
644 2647 760 2678 andire
777 2648 883 2680 veluti

185 2700 311 2741 captivi
325 2704 544 2739 cogerentur.
566 2698 656 2729 Vide
668 2698 783 2729 Nann.
799 2697 883 2728 Mis-

186 2751 262 2782 ceil.
278 2750 337 2782 lib.
361 2759 411 2782 iv.
435 2749 524 2781 Torr.
568 2748 745 2780 Drusonem
765 2747 886 2779 debitor

185 2802 275 2843 eris]
299 2803 554 2834 Foeneratorem
580 2806 615 2833 et
635 2800 759 2832 malum
782 2801 884 2831 histo:

187 2853 310 2885 riarum
334 2852 548 2894 scriptorem.
578 2851 838 2893 [RosonemVat.
854 2852 886 2883 3·-

1507 301 1620 343 1615

918 417 937 438 a
953 416 996 439 m.
1013 416 1067 448 pr.
1086 407 1247 447 Rusonem,
1266 405 1434 437 {tt-usonem
1451 413 1524 436 var.
1537 405 1619 437 lect.

919 467 974 498 ap.
994 457 1127 498 Feam.]

961 510 1001 539 87
1025 507 1163 548 Misero]
1180 505 1347 538 Debitori.
1380 504 1542 545 Coleudoe]
1556 504 1621 536 Ca-

917 556 1036 594 lendis,
1053 557 1221 590 creditam
1236 555 1417 598 pecuuiam
1428 555 1622 587 reddebant

918 607 1105 640 debitores.
1149 607 1239 638 Vide
1264 605 1376 647 Epod.
1392 614 1451 637 ιιι.

964 660 1007 689 88
1031 657 1211 688 Mercedem
1238 660 1294 688 aut
1321 653 1476 694 nummos]
1499 656 1624 687 Merce-

917 709 985 738 dem
1002 712 1101 738 vocat
1119 717 1251 738 usuram
1265 707 1387 748 ipsam,
1400 716 1537 737 nummos
1551 715 1623 737 sor·

919 764 1000 790 tem.
1025 759 1116 790 Vide
1128 759 1200 790 Sat.
1215 758 1451 798 praecedente,
1463 761 1499 788 et
1513 756 1626 797 Epod.

917 817 959 840 ιι.
983 808 1126 839 Tora-ent.
1184 807 1363 838 Mercedem
1390 809 1447 837 aut
1469 805 1625 844 nummos]

918 858 1077 889 Usuram.
1141 857 1231 888 Unde
1254 857 1335 887 unde
1364 854 1519 896 extricat]
1550 853 1624 886 Ali-

918 906 1030 938 cunde
1046 911 1158 947 parat.

959 959 1003 988 89
1024 957 1175 988 Porrecto
1192 955 1305 996 jugulo
1327 954 1492 994 historias]
1517 953 1626 988 Quasi

913 1007 1064 1048 jugulari
1077 1008 1209 1044 mallet,
1224 1015 1324 1048 quam
1339 1005 1504 1038 Drusouis
1521 1005 1626 1036 histo-

919 1058 986 1089 rias
1002 1057 1133 1089 audire.

962 1111 1005 1139 90
1029 1108 1144 1149 Potus]
1171 1107 1312 1139 Amicus
1344 1111 1422 1136 tuus
1449 1104 1538 1136 bene
1567 1113 1627 1144 po-

922 1162 993 1190 tus.

965 1210 1004 1238 91
1031 1205 1176 1238 Evandri
1188 1204 1332 1237 manibus
1341 1203 1468 1244 tritum]
1487 1203 1537 1234 Ac
1551 1211 1628 1244 pro-

926 1257 1019 1295 inde,
1035 1257 1079 1288 ob
1097 1261 1304 1288 vetustatem
1329 1256 1476 1294 scilicet,
1501 1254 1630 1295 pretio-

924 1307 1062 1338 siorem.
1105 1306 1222 1337 Simile
1240 1305 1324 1336 illud
1348 1304 1434 1335 libro
1451 1313 1493 1335 ιι.
1508 1304 1583 1336 Sat.
1598 1305 1631 1334 3.

924 1360 933 1375 ⁸
945 1358 1109 1390 Quaerere
1126 1356 1294 1393 amabam,
1309 1355 1384 1387 Quo
1398 1353 1494 1385 vafer
1505 1354 1561 1384 ille
1575 1362 1633 1393 pe-

924 1406 984 1438 des
998 1407 1135 1438 lavisset
1147 1406 1312 1446 Sisyphus
1323 1403 1416 1436 aere.’
1433 1405 1524 1435 Torr-
1558 1403 1632 1434 Tri-

922 1460 990 1489 tum
1010 1456 1136 1497 deiecit]
1159 1457 1318 1488 Catinum
1346 1454 1632 1495 antiquissimum,

925 1519 992 1550 quo
1008 1518 1087 1539 usus
1104 1513 1158 1539 est
1183 1506 1358 1543 Evander,
1379 1504 1549 1536 Pallantis
1568 1504 1632 1534 ΑΙ·-

923 1559 1031 1590 cadiae
1049 1559 1138 1599 regis
1149 1567 1266 1598 nepos.
1292 1557 1341 1587 Ob
1352 1556 1432 1587 hanc
1446 1555 1526 1597 rem]
1543 1554 1632 1587 Quia

924 1609 1078 1640 catillum
1094 1607 1237 1650 dejecit.

966 1662 1008 1691 93
1033 1659 1144 1690 Minus
1160 1658 1229 1698 hoc]
1254 1657 1370 1688 Minus
1388 1656 1432 1686 ob
1456 1655 1532 1686 lioc.

967 1713 1008 1741 95
1036 1710 1208 1740 Commissa
1223 1707 1310 1749 fide]
1333 1707 1403 1737 Pro
1433 1709 1441 1723 ¹
1459 1704 1565 1735 fidei.'
1596 1708 1634 1734 ut

926 1767 983 1790 ιιι.
1001 1758 1071 1790 Od.
1083 1761 1116 1789 7.
1132 1762 1142 1776 ‘
1153 1757 1351 1788 Constantis
1362 1755 1527 1796 juvenem
1541 1753 1634 1785 fide!

929 1808 1072 1839 Torreat.
1096 1807 1192 1847 Fide]
1210 1805 1396 1837 Commissa
1413 1804 1507 1835 fidei.
1534 1803 1633 1843 Spon-

926 1866 1031 1888 sumve
1045 1857 1186 1897 negarit]
1208 1855 1287 1886 Non
1312 1856 1386 1885 leve
1403 1853 1538 1894 aliquod
1556 1862 1634 1893 pro-

929 1907 1064 1937 missum
1089 1906 1187 1942 dicit,
1206 1905 1265 1937 sed
1293 1903 1424 1935 solenni
1441 1903 1634 1944 stipulatio-

927 1966 983 1988 ne.
1026 1955 1128 1988 Unde
1151 1961 1160 1974 ⁴
1175 1965 1217 1987 ex
1249 1963 1373 1995 sponso
1399 1952 1518 1993 agere’
1542 1953 1634 1993 apud

929 2011 1079 2044 veteres,
1097 2015 1156 2047 pro
1173 2015 1215 2036 ex
1241 2004 1406 2044 stipulatu
1424 2015 1430 2032 :
1457 2009 1465 2022 ¹
1481 2004 1634 2044 sponsio-

929 2055 1001 2086 nis’
1017 2056 1106 2087 enim
1123 2053 1355 2095 appellatione
1373 2054 1480 2084 omnis
1493 2054 1635 2093 promis—

929 2106 979 2136 sio
995 2105 1246 2146 stipulatioque
1263 2104 1469 2134 continetur.
1506 2102 1635 2133 Paulus

928 2156 1040 2188 JCtus
1055 2156 1078 2186 Ι.
1091 2164 1157 2186 vu.
1175 2155 1217 2185 de
1228 2153 1334 2185 Verb.
1352 2151 1466 2192 signif.
1492 2153 1637 2183 Tamne.

931 2204 1136 2246 sponsumve]
1161 2203 1382 2235 Promissum.
1417 2202 1517 2242 [Vat.
1533 2202 1635 2234 Rom.

934 2258 967 2286 9.
983 2259 1018 2286 et
1036 2253 1194 2295 Angelic.
1209 2256 1238 2284 l.
1253 2252 1484 2294 sponsumque]

972 2307 1014 2335 96
1041 2303 1154 2343 Queis]
1177 2303 1315 2334 Stoicis.
1363 2302 1461 2333 Paria
1476 2310 1541 2332 esse
1546 2301 1636 2341 sere]

932 2353 1062 2384 Notum
1098 2353 1226 2384 Stoicae
1265 2357 1369 2383 sectoe
1407 2353 1637 2390 Pau-adoxum,

923 2401 1000 2432 ‘Ort
1013 2400 1068 2432 ἵσα
1082 2401 1124 2433 τὰ
1139 2400 1356 2442 ἁμαρτήματα.
1400 2400 1502 2432 Quod
1520 2401 1635 2431 illusu-

932 2461 988 2482 rns
1014 2451 1194 2490 Horatius,
1221 2460 1240 2482 a
1268 2451 1438 2482 communi
1464 2450 1635 2481 hominum

931 2511 1031 2532 sensu
1048 2501 1232 2532 abhorrere
1245 2501 1409 2531 ostendit.
1442 2501 1561 2531 Dictio
1578 2508 1637 2529 au-

933 2556 1001 2582 tem
1020 2550 1095 2587 sere
1124 2550 1205 2581 nihil
1235 2551 1417 2581 sententiae
1449 2549 1635 2590 propositae

933 2601 1095 2636 detrahit,
1119 2600 1178 2631 sed
1205 2599 1255 2630 ita
1275 2600 1434 2638 loquitur.
1451 2603 1489 2629 ut
1506 2607 1546 2629 Π.
1561 2599 1636 2630 Sat.

933 2654 965 2683 3.
981 2652 991 2669 ⁴
1006 2650 1137 2682 Insauis
1154 2654 1190 2681 et
1205 2653 1256 2689 tu,
1268 2649 1434 2690 stultique
1448 2658 1554 2690 prope
1566 2659 1637 2680 om-

932 2700 1018 2732 nes!
1061 2700 1239 2731 Particula
1269 2709 1350 2739 ergo
1379 2699 1436 2730 illa
1457 2699 1543 2739 fere,
1569 2709 1635 2730 non

934 2751 1107 2783 minimam
1124 2750 1190 2781 vim
1207 2749 1361 2788 obtinet;
1383 2749 1528 2780 includit
1543 2749 1634 2781 cnim'

934 2801 970 2832 in
987 2811 1022 2832 se
1039 2800 1344 2839 universalitatem,
1354 2799 1401 2831 ita
1413 2805 1449 2831 ut
1465 2800 1517 2830 vel
1534 2800 1633 2831 omis-

936 2861 972 2883 so
989 2851 1043 2882 vel
1054 2849 1212 2892 apposito
1226 2850 1407 2882 universali
1418 2850 1529 2892 signo,
1542 2850 1634 2882 idem
