<?xml version="1.0" encoding="UTF-8"?>
<!DOCTYPE html PUBLIC "-//W3C//DTD XHTML 1.0 Transitional//EN"
    "http://www.w3.org/TR/xhtml1/DTD/xhtml1-transitional.dtd">
<html xmlns="http://www.w3.org/1999/xhtml" xml:lang="en" lang="en">
 <head>
  <title>
</title>
<meta http-equiv="Content-Type" content="text/html;charset=utf-8" />
  <meta name='ocr-system' content='tesseract 3.04.00' />
  <meta name='ocr-capabilities' content='ocr_page ocr_carea ocr_par ocr_line ocrx_word'/>
</head>
<body>
  <div class='ocr_page' id='page_1' title='image "./operazeune03horauoft/operazeune03horauoft_0218.png"; bbox 0 0 1916 3262; ppageno 0'>
   <div class='ocr_carea' id='block_1_1' title="bbox 398 279 508 322">
    <p class='ocr_par' dir='ltr' id='par_1_1' title="bbox 398 279 508 322">
     <span class='ocr_line' id='line_1_1' title="bbox 398 279 508 322; baseline 0 -1"><span class='ocrx_word' id='word_1_1' title='bbox 398 279 508 322; x_wconf 78' lang='lat'>1364</span> 
     </span>
    </p>
   </div>
   <div class='ocr_carea' id='block_1_2' title="bbox 379 383 1083 2816">
    <p class='ocr_par' dir='ltr' id='par_1_2' title="bbox 398 383 1083 425">
     <span class='ocr_line' id='line_1_2' title="bbox 398 383 1083 425; baseline 0.001 -11"><span class='ocrx_word' id='word_1_2' title='bbox 398 383 462 414; x_wconf 88' lang='lat' dir='ltr'>cile</span> <span class='ocrx_word' id='word_1_3' title='bbox 476 383 644 415; x_wconf 84' lang='lat' dir='ltr'>extrlcare</span> <span class='ocrx_word' id='word_1_4' title='bbox 667 393 732 416; x_wconf 92' lang='lat' dir='ltr'>non</span> <span class='ocrx_word' id='word_1_5' title='bbox 757 385 873 424; x_wconf 85' lang='lat' dir='ltr'>possis.</span> <span class='ocrx_word' id='word_1_6' title='bbox 919 384 1083 425; x_wconf 74' lang='lat' dir='ltr'>cycladas]</span> 
     </span>
    </p>

    <p class='ocr_par' dir='ltr' id='par_1_3' title="bbox 397 434 1080 474">
     <span class='ocr_line' id='line_1_3' title="bbox 397 434 1080 474; baseline 0.001 -9"><span class='ocrx_word' id='word_1_7' title='bbox 397 434 554 474; x_wconf 79' lang='lat' dir='ltr'>Cycladae</span> <span class='ocrx_word' id='word_1_8' title='bbox 569 439 646 466; x_wconf 87' lang='lat' dir='ltr'>sunt</span> <span class='ocrx_word' id='word_1_9' title='bbox 666 435 788 466; x_wconf 87' lang='lat' dir='ltr'>lusulae</span> <span class='ocrx_word' id='word_1_10' title='bbox 805 436 837 466; x_wconf 88' lang='lat' dir='ltr'>in</span> <span class='ocrx_word' id='word_1_11' title='bbox 863 436 945 466; x_wconf 84' lang='lat' dir='ltr'>mari</span> <span class='ocrx_word' id='word_1_12' title='bbox 971 435 1080 474; x_wconf 88' lang='lat' dir='ltr'>Ionio,</span> 
     </span>
    </p>

    <p class='ocr_par' dir='ltr' id='par_1_4' title="bbox 397 484 1081 525">
     <span class='ocr_line' id='line_1_4' title="bbox 397 484 1081 525; baseline 0 -11"><span class='ocrx_word' id='word_1_13' title='bbox 397 492 533 515; x_wconf 88' lang='lat' dir='ltr'>numero</span> <span class='ocrx_word' id='word_1_14' title='bbox 558 486 611 514; x_wconf 81' lang='lat'>53.</span> <span class='ocrx_word' id='word_1_15' title='bbox 644 484 692 515; x_wconf 87' lang='lat' dir='ltr'>sic</span> <span class='ocrx_word' id='word_1_16' title='bbox 720 485 911 524; x_wconf 80' lang='lat' dir='ltr'>appellatae,</span> <span class='ocrx_word' id='word_1_17' title='bbox 938 484 1025 525; x_wconf 87' lang='lat' dir='ltr'>quod</span> <span class='ocrx_word' id='word_1_18' title='bbox 1048 484 1081 514; x_wconf 91' lang='lat' dir='ltr'>in</span> 
     </span>
    </p>

    <p class='ocr_par' dir='ltr' id='par_1_5' title="bbox 396 531 880 573">
     <span class='ocr_line' id='line_1_5' title="bbox 396 531 880 573; baseline 0.002 -11"><span class='ocrx_word' id='word_1_19' title='bbox 396 532 483 571; x_wconf 85' lang='lat' dir='ltr'>cycli</span> <span class='ocrx_word' id='word_1_20' title='bbox 496 531 634 563; x_wconf 82' lang='lat' dir='ltr'>formam</span> <span class='ocrx_word' id='word_1_21' title='bbox 650 533 880 573; x_wconf 86' lang='lat' dir='ltr'>disponuntur.</span> 
     </span>
    </p>

    <p class='ocr_par' dir='ltr' id='par_1_6' title="bbox 397 581 1080 769">
     <span class='ocr_line' id='line_1_6' title="bbox 397 581 1080 623; baseline -0.001 -10"><span class='ocrx_word' id='word_1_22' title='bbox 397 581 480 613; x_wconf 75' lang='lat' dir='ltr'>Onu</span> <span class='ocrx_word' id='word_1_23' title='bbox 493 590 553 613; x_wconf 84' lang='lat' dir='ltr'>xv.</span> <span class='ocrx_word' id='word_1_24' title='bbox 585 582 764 623; x_wconf 82' lang='grc' dir='ltr'>Θρηνητικὴ.</span> <span class='ocrx_word' id='word_1_25' title='bbox 795 583 912 614; x_wconf 69' lang='lat' dir='ltr'>Neam</span> <span class='ocrx_word' id='word_1_26' title='bbox 926 582 1080 614; x_wconf 81' lang='lat' dir='ltr'>vaticini-</span> 
     </span>
     <span class='ocr_line' id='line_1_7' title="bbox 435 631 1079 671; baseline -0.003 -9"><span class='ocrx_word' id='word_1_27' title='bbox 435 641 492 662; x_wconf 90' lang='lat' dir='ltr'>um</span> <span class='ocrx_word' id='word_1_28' title='bbox 519 632 562 662; x_wconf 89' lang='lat' dir='ltr'>de</span> <span class='ocrx_word' id='word_1_29' title='bbox 583 632 680 663; x_wconf 88' lang='lat' dir='ltr'>ruina</span> <span class='ocrx_word' id='word_1_30' title='bbox 694 632 819 671; x_wconf 79' lang='lat' dir='ltr'>Trojae.</span> <span class='ocrx_word' id='word_1_31' title='bbox 861 631 975 662; x_wconf 84' lang='lat' dir='ltr'>Paridi</span> <span class='ocrx_word' id='word_1_32' title='bbox 994 640 1079 670; x_wconf 85' lang='lat' dir='ltr'>prae-</span> 
     </span>
     <span class='ocr_line' id='line_1_8' title="bbox 433 679 1079 718; baseline -0.005 -7"><span class='ocrx_word' id='word_1_33' title='bbox 433 681 548 711; x_wconf 85' lang='lat' dir='ltr'>sertim</span> <span class='ocrx_word' id='word_1_34' title='bbox 563 681 670 711; x_wconf 85' lang='lat' dir='ltr'>multa</span> <span class='ocrx_word' id='word_1_35' title='bbox 684 680 772 710; x_wconf 87' lang='lat' dir='ltr'>mala</span> <span class='ocrx_word' id='word_1_36' title='bbox 786 679 972 718; x_wconf 81' lang='lat' dir='ltr'>denuntiat,</span> <span class='ocrx_word' id='word_1_37' title='bbox 987 687 1079 709; x_wconf 82' lang='lat' dir='ltr'>suam</span> 
     </span>
     <span class='ocr_line' id='line_1_9' title="bbox 435 729 888 769; baseline -0.004 -9"><span class='ocrx_word' id='word_1_38' title='bbox 435 729 609 760; x_wconf 89' lang='lat' dir='ltr'>mollitiem</span> <span class='ocrx_word' id='word_1_39' title='bbox 625 729 655 760; x_wconf 92' lang='lat' dir='ltr'>ei</span> <span class='ocrx_word' id='word_1_40' title='bbox 670 729 888 769; x_wconf 82' lang='lat' dir='ltr'>exprobrans.</span> 
     </span>
    </p>

    <p class='ocr_par' dir='ltr' id='par_1_7' title="bbox 388 776 1079 1255">
     <span class='ocr_line' id='line_1_10' title="bbox 434 776 1079 818; baseline -0.002 -11"><span class='ocrx_word' id='word_1_41' title='bbox 434 779 451 807; x_wconf 81' lang='lat'>1</span> <span class='ocrx_word' id='word_1_42' title='bbox 476 777 606 818; x_wconf 80' lang='lat' dir='ltr'>Pastor]</span> <span class='ocrx_word' id='word_1_43' title='bbox 630 779 698 808; x_wconf 85' lang='lat' dir='ltr'>Per</span> <span class='ocrx_word' id='word_1_44' title='bbox 713 781 941 816; x_wconf 86' lang='lat' dir='ltr'>contemptum</span> <span class='ocrx_word' id='word_1_45' title='bbox 957 777 998 807; x_wconf 91' lang='lat' dir='ltr'>de</span> <span class='ocrx_word' id='word_1_46' title='bbox 1014 776 1079 806; x_wconf 82' lang='lat' dir='ltr'>Pa-</span> 
     </span>
     <span class='ocr_line' id='line_1_11' title="bbox 391 825 1079 868; baseline 0.003 -12"><span class='ocrx_word' id='word_1_47' title='bbox 391 825 475 864; x_wconf 88' lang='lat' dir='ltr'>ride,</span> <span class='ocrx_word' id='word_1_48' title='bbox 491 828 547 868; x_wconf 89' lang='lat' dir='ltr'>qui</span> <span class='ocrx_word' id='word_1_49' title='bbox 563 827 596 857; x_wconf 89' lang='lat' dir='ltr'>in</span> <span class='ocrx_word' id='word_1_50' title='bbox 612 827 673 857; x_wconf 74' lang='lat' dir='ltr'>ida</span> <span class='ocrx_word' id='word_1_51' title='bbox 688 831 801 858; x_wconf 87' lang='lat' dir='ltr'>monte</span> <span class='ocrx_word' id='word_1_52' title='bbox 818 830 934 867; x_wconf 85' lang='lat' dir='ltr'>pastor</span> <span class='ocrx_word' id='word_1_53' title='bbox 955 825 1079 858; x_wconf 82' lang='lat' dir='ltr'>fuerat.</span> 
     </span>
     <span class='ocr_line' id='line_1_12' title="bbox 390 874 1078 916; baseline -0.003 -10"><span class='ocrx_word' id='word_1_54' title='bbox 390 874 575 916; x_wconf 84' lang='lat' dir='ltr'>Postquam</span> <span class='ocrx_word' id='word_1_55' title='bbox 592 885 672 915; x_wconf 85' lang='lat' dir='ltr'>ergo</span> <span class='ocrx_word' id='word_1_56' title='bbox 696 875 836 916; x_wconf 88' lang='lat' dir='ltr'>hospitis</span> <span class='ocrx_word' id='word_1_57' title='bbox 857 875 906 906; x_wconf 91' lang='lat' dir='ltr'>sui</span> <span class='ocrx_word' id='word_1_58' title='bbox 931 874 1078 905; x_wconf 82' lang='lat' dir='ltr'><strong>Menelai</strong></span> 
     </span>
     <span class='ocr_line' id='line_1_13' title="bbox 390 924 1076 955; baseline -0.003 0"><span class='ocrx_word' id='word_1_59' title='bbox 390 933 526 955; x_wconf 84' lang='lat' dir='ltr'>uxorem</span> <span class='ocrx_word' id='word_1_60' title='bbox 556 925 721 955; x_wconf 87' lang='lat' dir='ltr'>Helenam</span> <span class='ocrx_word' id='word_1_61' title='bbox 757 925 829 954; x_wconf 89' lang='lat' dir='ltr'>viro</span> <span class='ocrx_word' id='word_1_62' title='bbox 865 924 1004 954; x_wconf 85' lang='lat' dir='ltr'>absente</span> <span class='ocrx_word' id='word_1_63' title='bbox 1035 934 1076 954; x_wconf 91' lang='lat' dir='ltr'>ex</span> 
     </span>
     <span class='ocr_line' id='line_1_14' title="bbox 391 972 1076 1012; baseline 0.001 -10"><span class='ocrx_word' id='word_1_64' title='bbox 391 972 514 1012; x_wconf 78' lang='lat' dir='ltr'>Sparta</span> <span class='ocrx_word' id='word_1_65' title='bbox 544 972 723 1012; x_wconf 76' lang='lat' dir='ltr'><strong>rapuisset,</strong></span> <span class='ocrx_word' id='word_1_66' title='bbox 746 981 813 1002; x_wconf 85' lang='lat' dir='ltr'>nou</span> <span class='ocrx_word' id='word_1_67' title='bbox 841 973 973 1011; x_wconf 85' lang='lat' dir='ltr'>Trojarn</span> <span class='ocrx_word' id='word_1_68' title='bbox 999 972 1076 1003; x_wconf 86' lang='lat' dir='ltr'>ilico</span> 
     </span>
     <span class='ocr_line' id='line_1_15' title="bbox 388 1020 1077 1060; baseline 0.001 -9"><span class='ocrx_word' id='word_1_69' title='bbox 388 1029 544 1051; x_wconf 80' lang='lat' dir='ltr'>reversus</span> <span class='ocrx_word' id='word_1_70' title='bbox 569 1025 635 1059; x_wconf 83' lang='lat' dir='ltr'>est,</span> <span class='ocrx_word' id='word_1_71' title='bbox 663 1020 723 1051; x_wconf 89' lang='lat' dir='ltr'>sed</span> <span class='ocrx_word' id='word_1_72' title='bbox 751 1021 862 1060; x_wconf 88' lang='lat' dir='ltr'>plures</span> <span class='ocrx_word' id='word_1_73' title='bbox 890 1021 1077 1060; x_wconf 85' lang='lat' dir='ltr'>provincias</span> 
     </span>
     <span class='ocr_line' id='line_1_16' title="bbox 390 1068 1076 1108; baseline 0.001 -9"><span class='ocrx_word' id='word_1_74' title='bbox 390 1068 519 1108; x_wconf 86' lang='lat' dir='ltr'>adiens,</span> <span class='ocrx_word' id='word_1_75' title='bbox 527 1068 660 1098; x_wconf 79' lang='lat' dir='ltr'>tandem</span> <span class='ocrx_word' id='word_1_76' title='bbox 669 1069 702 1098; x_wconf 89' lang='lat' dir='ltr'>in</span> <span class='ocrx_word' id='word_1_77' title='bbox 715 1068 855 1107; x_wconf 87' lang='lat' dir='ltr'>patriam</span> <span class='ocrx_word' id='word_1_78' title='bbox 867 1068 965 1100; x_wconf 89' lang='lat' dir='ltr'>redit.</span> <span class='ocrx_word' id='word_1_79' title='bbox 988 1069 1076 1100; x_wconf 84' lang='lat' dir='ltr'>Hinc</span> 
     </span>
     <span class='ocr_line' id='line_1_17' title="bbox 388 1116 1078 1158; baseline 0.001 -10"><span class='ocrx_word' id='word_1_80' title='bbox 388 1126 467 1156; x_wconf 85' lang='lat' dir='ltr'>ergo</span> <span class='ocrx_word' id='word_1_81' title='bbox 482 1117 604 1148; x_wconf 78' lang='lat' dir='ltr'>trahere</span> <span class='ocrx_word' id='word_1_82' title='bbox 619 1116 717 1154; x_wconf 85' lang='lat' dir='ltr'><strong>dixit,</strong></span> <span class='ocrx_word' id='word_1_83' title='bbox 743 1126 805 1156; x_wconf 91' lang='lat' dir='ltr'>pro</span> <span class='ocrx_word' id='word_1_84' title='bbox 829 1117 921 1147; x_wconf 88' lang='lat' dir='ltr'>lenta</span> <span class='ocrx_word' id='word_1_85' title='bbox 942 1118 1078 1158; x_wconf 84' lang='lat' dir='ltr'>naviga-</span> 
     </span>
     <span class='ocr_line' id='line_1_18' title="bbox 388 1166 1078 1205; baseline 0.003 -8"><span class='ocrx_word' id='word_1_86' title='bbox 388 1167 481 1198; x_wconf 85' lang='lat' dir='ltr'>tione</span> <span class='ocrx_word' id='word_1_87' title='bbox 499 1166 763 1198; x_wconf 82' lang='lat' dir='ltr'>circumducere.</span> <span class='ocrx_word' id='word_1_88' title='bbox 807 1166 914 1205; x_wconf 79' lang='lat' dir='ltr'>Steph.</span> <span class='ocrx_word' id='word_1_89' title='bbox 939 1167 1078 1199; x_wconf 80' lang='lat' dir='ltr'>Torrent-</span> 
     </span>
     <span class='ocr_line' id='line_1_19' title="bbox 388 1214 652 1255; baseline -0.008 -9"><span class='ocrx_word' id='word_1_90' title='bbox 388 1215 518 1255; x_wconf 78' lang='lat' dir='ltr'>Pastor]</span> <span class='ocrx_word' id='word_1_91' title='bbox 543 1214 652 1245; x_wconf 88' lang='lat' dir='ltr'>Paris.</span> 
     </span>
    </p>

    <p class='ocr_par' dir='ltr' id='par_1_8' title="bbox 386 1263 1078 1449">
     <span class='ocr_line' id='line_1_20' title="bbox 430 1263 1078 1303; baseline 0.002 -8"><span class='ocrx_word' id='word_1_92' title='bbox 430 1267 451 1295; x_wconf 76' lang='lat'>2</span> <span class='ocrx_word' id='word_1_93' title='bbox 474 1263 568 1294; x_wconf 83' lang='lat' dir='ltr'>Idaeis</span> <span class='ocrx_word' id='word_1_94' title='bbox 581 1263 744 1303; x_wconf 75' lang='lat' dir='ltr'>Helenam]</span> <span class='ocrx_word' id='word_1_95' title='bbox 768 1263 919 1295; x_wconf 84' lang='lat' dir='ltr'>Navibus</span> <span class='ocrx_word' id='word_1_96' title='bbox 935 1263 1078 1296; x_wconf 83' lang='lat' dir='ltr'>fabrica-</span> 
     </span>
     <span class='ocr_line' id='line_1_21' title="bbox 387 1313 1075 1352; baseline 0.001 -9"><span class='ocrx_word' id='word_1_97' title='bbox 387 1313 432 1343; x_wconf 87' lang='lat' dir='ltr'>tis</span> <span class='ocrx_word' id='word_1_98' title='bbox 447 1313 481 1343; x_wconf 88' lang='lat' dir='ltr'>iu</span> <span class='ocrx_word' id='word_1_99' title='bbox 496 1313 558 1342; x_wconf 89' lang='lat' dir='ltr'>Ida</span> <span class='ocrx_word' id='word_1_100' title='bbox 571 1313 724 1352; x_wconf 79' lang='lat' dir='ltr'>Plirygiae</span> <span class='ocrx_word' id='word_1_101' title='bbox 747 1316 872 1347; x_wconf 86' lang='lat' dir='ltr'>monte,</span> <span class='ocrx_word' id='word_1_102' title='bbox 898 1313 954 1343; x_wconf 88' lang='lat' dir='ltr'>ubi</span> <span class='ocrx_word' id='word_1_103' title='bbox 978 1314 1075 1344; x_wconf 86' lang='lat' dir='ltr'>Paris</span> 
     </span>
     <span class='ocr_line' id='line_1_22' title="bbox 387 1360 1076 1401; baseline 0 -11"><span class='ocrx_word' id='word_1_104' title='bbox 387 1360 453 1391; x_wconf 88' lang='lat' dir='ltr'>fuit</span> <span class='ocrx_word' id='word_1_105' title='bbox 481 1360 654 1391; x_wconf 80' lang='lat' dir='ltr'>educatus.</span> <span class='ocrx_word' id='word_1_106' title='bbox 713 1360 875 1399; x_wconf 78' lang='lat' dir='ltr'>Perfidus]</span> <span class='ocrx_word' id='word_1_107' title='bbox 907 1360 1076 1401; x_wconf 83' lang='lat' dir='ltr'>Perfidus,</span> 
     </span>
     <span class='ocr_line' id='line_1_23' title="bbox 386 1408 976 1449; baseline -0.002 -9"><span class='ocrx_word' id='word_1_108' title='bbox 386 1409 553 1449; x_wconf 83' lang='lat' dir='ltr'>quiajura</span> <span class='ocrx_word' id='word_1_109' title='bbox 562 1408 801 1448; x_wconf 72' lang='lat' dir='ltr'><strong>hospitalitatis</strong></span> <span class='ocrx_word' id='word_1_110' title='bbox 816 1408 976 1448; x_wconf 79' lang='lat' dir='ltr'>fregerat.</span> 
     </span>
    </p>

    <p class='ocr_par' dir='ltr' id='par_1_9' title="bbox 382 1456 1075 2078">
     <span class='ocr_line' id='line_1_24' title="bbox 431 1456 1074 1498; baseline 0 -10"><span class='ocrx_word' id='word_1_111' title='bbox 431 1460 450 1488; x_wconf 81' lang='lat'>3</span> <span class='ocrx_word' id='word_1_112' title='bbox 467 1458 597 1496; x_wconf 76' lang='lat' dir='ltr'>Ingrato</span> <span class='ocrx_word' id='word_1_113' title='bbox 609 1457 721 1487; x_wconf 77' lang='lat' dir='ltr'>celeres</span> <span class='ocrx_word' id='word_1_114' title='bbox 738 1456 839 1487; x_wconf 77' lang='lat' dir='ltr'>obruit</span> <span class='ocrx_word' id='word_1_115' title='bbox 860 1458 921 1488; x_wconf 81' lang='lat' dir='ltr'>otio</span> <span class='ocrx_word' id='word_1_116' title='bbox 949 1457 1074 1498; x_wconf 76' lang='lat' dir='ltr'>Ventos]</span> 
     </span>
     <span class='ocr_line' id='line_1_25' title="bbox 387 1504 1075 1537; baseline 0 0"><span class='ocrx_word' id='word_1_117' title='bbox 387 1505 505 1537; x_wconf 89' lang='lat' dir='ltr'>Otium</span> <span class='ocrx_word' id='word_1_118' title='bbox 535 1509 710 1536; x_wconf 82' lang='lat' dir='ltr'>ventorum</span> <span class='ocrx_word' id='word_1_119' title='bbox 738 1509 835 1536; x_wconf 84' lang='lat' dir='ltr'>vocat</span> <span class='ocrx_word' id='word_1_120' title='bbox 859 1504 1008 1537; x_wconf 85' lang='lat' dir='ltr'>‘sacrum</span> <span class='ocrx_word' id='word_1_121' title='bbox 1034 1507 1075 1537; x_wconf 85' lang='lat' dir='ltr'>si·</span> 
     </span>
     <span class='ocr_line' id='line_1_26' title="bbox 386 1555 1074 1595; baseline 0.001 -10"><span class='ocrx_word' id='word_1_122' title='bbox 386 1555 550 1586; x_wconf 86' lang='lat' dir='ltr'>lentium.’</span> <span class='ocrx_word' id='word_1_123' title='bbox 593 1555 728 1587; x_wconf 80' lang='lat' dir='ltr'>Quare?</span> <span class='ocrx_word' id='word_1_124' title='bbox 751 1555 909 1595; x_wconf 82' lang='lat' dir='ltr'>quiajam</span> <span class='ocrx_word' id='word_1_125' title='bbox 925 1555 1074 1586; x_wconf 85' lang='lat' dir='ltr'>dicturus</span> 
     </span>
     <span class='ocr_line' id='line_1_27' title="bbox 386 1605 1073 1636; baseline 0.001 -1"><span class='ocrx_word' id='word_1_126' title='bbox 386 1609 461 1635; x_wconf 89' lang='lat' dir='ltr'>erat</span> <span class='ocrx_word' id='word_1_127' title='bbox 475 1605 619 1635; x_wconf 78' lang='lat' dir='ltr'>Nereus.</span> <span class='ocrx_word' id='word_1_128' title='bbox 648 1605 762 1635; x_wconf 85' lang='lat' dir='ltr'>Solent</span> <span class='ocrx_word' id='word_1_129' title='bbox 778 1608 889 1635; x_wconf 82' lang='lat' dir='ltr'>autem</span> <span class='ocrx_word' id='word_1_130' title='bbox 905 1605 1073 1636; x_wconf 87' lang='lat' dir='ltr'>silentium</span> 
     </span>
     <span class='ocr_line' id='line_1_28' title="bbox 389 1653 1073 1685; baseline 0.004 -3"><span class='ocrx_word' id='word_1_131' title='bbox 389 1657 566 1684; x_wconf 84' lang='lat' dir='ltr'>ventorum</span> <span class='ocrx_word' id='word_1_132' title='bbox 585 1658 621 1683; x_wconf 87' lang='lat' dir='ltr'>et</span> <span class='ocrx_word' id='word_1_133' title='bbox 643 1653 743 1683; x_wconf 82' lang='lat' dir='ltr'>maris</span> <span class='ocrx_word' id='word_1_134' title='bbox 765 1653 969 1683; x_wconf 83' lang='lat' dir='ltr'>orationibus</span> <span class='ocrx_word' id='word_1_135' title='bbox 984 1654 1073 1685; x_wconf 88' lang='lat' dir='ltr'>Deo-</span> 
     </span>
     <span class='ocr_line' id='line_1_29' title="bbox 387 1700 1072 1740; baseline 0.001 -9"><span class='ocrx_word' id='word_1_136' title='bbox 387 1710 460 1731; x_wconf 87' lang='lat' dir='ltr'>rum</span> <span class='ocrx_word' id='word_1_137' title='bbox 477 1701 684 1740; x_wconf 78' lang='lat' dir='ltr'>praemittere</span> <span class='ocrx_word' id='word_1_138' title='bbox 700 1700 826 1731; x_wconf 65' lang='lat' dir='ltr'>Poetae.</span> <span class='ocrx_word' id='word_1_139' title='bbox 868 1701 1000 1732; x_wconf 81' lang='lat' dir='ltr'>Nereus</span> <span class='ocrx_word' id='word_1_140' title='bbox 1021 1710 1072 1732; x_wconf 87' lang='lat' dir='ltr'>er-</span> 
     </span>
     <span class='ocr_line' id='line_1_30' title="bbox 389 1749 1074 1789; baseline 0.001 -10"><span class='ocrx_word' id='word_1_141' title='bbox 389 1758 444 1788; x_wconf 84' lang='lat' dir='ltr'>go,</span> <span class='ocrx_word' id='word_1_142' title='bbox 461 1749 637 1789; x_wconf 83' lang='lat' dir='ltr'>majestate</span> <span class='ocrx_word' id='word_1_143' title='bbox 651 1749 811 1779; x_wconf 81' lang='lat' dir='ltr'>orationis</span> <span class='ocrx_word' id='word_1_144' title='bbox 825 1758 905 1786; x_wconf 79' lang='lat' dir='ltr'>suae,</span> <span class='ocrx_word' id='word_1_145' title='bbox 925 1749 1074 1788; x_wconf 79' lang='grc' dir='ltr'>εὐφημίαν</span> 
     </span>
     <span class='ocr_line' id='line_1_31' title="bbox 385 1797 1073 1838; baseline 0.003 -11"><span class='ocrx_word' id='word_1_146' title='bbox 385 1798 494 1828; x_wconf 87' lang='lat' dir='ltr'>ventis</span> <span class='ocrx_word' id='word_1_147' title='bbox 509 1797 633 1836; x_wconf 87' lang='lat' dir='ltr'>invitis,</span> <span class='ocrx_word' id='word_1_148' title='bbox 647 1802 695 1836; x_wconf 89' lang='lat' dir='ltr'>et,</span> <span class='ocrx_word' id='word_1_149' title='bbox 716 1803 752 1828; x_wconf 90' lang='lat' dir='ltr'>ut</span> <span class='ocrx_word' id='word_1_150' title='bbox 766 1798 907 1828; x_wconf 80' lang='lat' dir='ltr'>Plautus</span> <span class='ocrx_word' id='word_1_151' title='bbox 922 1799 1073 1838; x_wconf 89' lang='lat' dir='ltr'>loquere-</span> 
     </span>
     <span class='ocr_line' id='line_1_32' title="bbox 386 1845 1072 1886; baseline 0.003 -10"><span class='ocrx_word' id='word_1_152' title='bbox 386 1851 452 1886; x_wconf 87' lang='lat' dir='ltr'>tur,</span> <span class='ocrx_word' id='word_1_153' title='bbox 468 1846 633 1886; x_wconf 87' lang='lat' dir='ltr'>ingratiis,</span> <span class='ocrx_word' id='word_1_154' title='bbox 647 1846 790 1877; x_wconf 88' lang='lat' dir='ltr'>induxit.</span> <span class='ocrx_word' id='word_1_155' title='bbox 818 1845 900 1877; x_wconf 88' lang='lat' dir='ltr'>Ideo</span> <span class='ocrx_word' id='word_1_156' title='bbox 915 1846 1072 1885; x_wconf 72' lang='lat' dir='ltr'>ing-mlum</span> 
     </span>
     <span class='ocr_line' id='line_1_33' title="bbox 383 1895 1070 1937; baseline 0.006 -13"><span class='ocrx_word' id='word_1_157' title='bbox 383 1898 482 1925; x_wconf 81' lang='lat' dir='ltr'>vocat</span> <span class='ocrx_word' id='word_1_158' title='bbox 496 1895 602 1925; x_wconf 80' lang='lat' dir='ltr'>otium.</span> <span class='ocrx_word' id='word_1_159' title='bbox 624 1895 793 1926; x_wconf 84' lang='lat' dir='ltr'>Heinsius.</span> <span class='ocrx_word' id='word_1_160' title='bbox 831 1896 976 1937; x_wconf 79' lang='lat' dir='ltr'>Ingrato]</span> <span class='ocrx_word' id='word_1_161' title='bbox 988 1897 1070 1928; x_wconf 81' lang='lat' dir='ltr'>otio</span> 
     </span>
     <span class='ocr_line' id='line_1_34' title="bbox 383 1943 1069 1984; baseline 0.004 -11"><span class='ocrx_word' id='word_1_162' title='bbox 383 1943 523 1974; x_wconf 86' lang='lat' dir='ltr'>molesto</span> <span class='ocrx_word' id='word_1_163' title='bbox 547 1943 745 1983; x_wconf 84' lang='lat' dir='ltr'>compressit</span> <span class='ocrx_word' id='word_1_164' title='bbox 765 1948 892 1982; x_wconf 86' lang='lat' dir='ltr'>ventos,</span> <span class='ocrx_word' id='word_1_165' title='bbox 908 1954 948 1974; x_wconf 89' lang='lat' dir='ltr'>ne</span> <span class='ocrx_word' id='word_1_166' title='bbox 967 1946 1069 1984; x_wconf 83' lang='lat' dir='ltr'>spira-</span> 
     </span>
     <span class='ocr_line' id='line_1_35' title="bbox 382 1991 1069 2031; baseline 0.004 -11"><span class='ocrx_word' id='word_1_167' title='bbox 382 1993 471 2028; x_wconf 88' lang='lat' dir='ltr'>rent,</span> <span class='ocrx_word' id='word_1_168' title='bbox 496 1991 575 2021; x_wconf 82' lang='lat' dir='ltr'>nihil</span> <span class='ocrx_word' id='word_1_169' title='bbox 590 1991 674 2021; x_wconf 89' lang='lat' dir='ltr'>enirn</span> <span class='ocrx_word' id='word_1_170' title='bbox 692 1992 800 2021; x_wconf 83' lang='lat' dir='ltr'>ventis</span> <span class='ocrx_word' id='word_1_171' title='bbox 816 1993 922 2031; x_wconf 85' lang='lat' dir='ltr'>magis</span> <span class='ocrx_word' id='word_1_172' title='bbox 948 1996 1000 2023; x_wconf 84' lang='lat' dir='ltr'>est</span> <span class='ocrx_word' id='word_1_173' title='bbox 1021 1994 1069 2023; x_wconf 90' lang='lat' dir='ltr'>in-</span> 
     </span>
     <span class='ocr_line' id='line_1_36' title="bbox 383 2038 827 2078; baseline 0 -10"><span class='ocrx_word' id='word_1_174' title='bbox 383 2044 526 2078; x_wconf 84' lang='lat' dir='ltr'>gratum,</span> <span class='ocrx_word' id='word_1_175' title='bbox 542 2048 638 2078; x_wconf 87' lang='lat' dir='ltr'>quam</span> <span class='ocrx_word' id='word_1_176' title='bbox 656 2048 721 2069; x_wconf 90' lang='lat' dir='ltr'>non</span> <span class='ocrx_word' id='word_1_177' title='bbox 735 2038 827 2070; x_wconf 83' lang='lat' dir='ltr'>flare.</span> 
     </span>
    </p>

    <p class='ocr_par' dir='ltr' id='par_1_10' title="bbox 382 2088 1068 2178">
     <span class='ocr_line' id='line_1_37' title="bbox 423 2088 1068 2127; baseline 0.006 -9"><span class='ocrx_word' id='word_1_178' title='bbox 423 2091 443 2118; x_wconf 82' lang='grc'>4</span> <span class='ocrx_word' id='word_1_179' title='bbox 468 2088 563 2127; x_wconf 79' lang='lat' dir='ltr'>Fer-u]</span> <span class='ocrx_word' id='word_1_180' title='bbox 589 2089 674 2119; x_wconf 78' lang='lat' dir='ltr'>Fata</span> <span class='ocrx_word' id='word_1_181' title='bbox 700 2090 864 2127; x_wconf 88' lang='lat' dir='ltr'>luctuosa,</span> <span class='ocrx_word' id='word_1_182' title='bbox 883 2099 948 2121; x_wconf 83' lang='lat' dir='ltr'>non</span> <span class='ocrx_word' id='word_1_183' title='bbox 964 2091 1068 2122; x_wconf 83' lang='lat' dir='ltr'>solum</span> 
     </span>
     <span class='ocr_line' id='line_1_38' title="bbox 382 2136 1043 2178; baseline 0.006 -12"><span class='ocrx_word' id='word_1_184' title='bbox 382 2136 511 2174; x_wconf 87' lang='lat' dir='ltr'>Paridi,</span> <span class='ocrx_word' id='word_1_185' title='bbox 529 2136 587 2167; x_wconf 90' lang='lat' dir='ltr'>sed</span> <span class='ocrx_word' id='word_1_186' title='bbox 603 2137 753 2167; x_wconf 82' lang='lat' dir='ltr'>omnibus</span> <span class='ocrx_word' id='word_1_187' title='bbox 768 2138 868 2168; x_wconf 85' lang='lat' dir='ltr'>etiam</span> <span class='ocrx_word' id='word_1_188' title='bbox 883 2139 1043 2178; x_wconf 82' lang='lat' dir='ltr'>Trojanis.</span> 
     </span>
    </p>

    <p class='ocr_par' dir='ltr' id='par_1_11' title="bbox 379 2185 1067 2816">
     <span class='ocr_line' id='line_1_39' title="bbox 422 2185 1066 2227; baseline 0.003 -11"><span class='ocrx_word' id='word_1_189' title='bbox 422 2189 440 2216; x_wconf 83' lang='lat'><strong>5</strong></span> <span class='ocrx_word' id='word_1_190' title='bbox 467 2185 679 2223; x_wconf 72' lang='lat' dir='ltr'>Nereusfutu]</span> <span class='ocrx_word' id='word_1_191' title='bbox 692 2186 778 2216; x_wconf 89' lang='lat' dir='ltr'>Sunt</span> <span class='ocrx_word' id='word_1_192' title='bbox 794 2186 850 2225; x_wconf 88' lang='lat' dir='ltr'>qui</span> <span class='ocrx_word' id='word_1_193' title='bbox 862 2186 994 2218; x_wconf 75' lang='lat' dir='ltr'>Proteus</span> <span class='ocrx_word' id='word_1_194' title='bbox 1005 2196 1066 2227; x_wconf 88' lang='lat' dir='ltr'>pro</span> 
     </span>
     <span class='ocr_line' id='line_1_40' title="bbox 383 2233 1067 2274; baseline 0.003 -10"><span class='ocrx_word' id='word_1_195' title='bbox 383 2235 504 2265; x_wconf 78' lang='lat' dir='ltr'>Nereus</span> <span class='ocrx_word' id='word_1_196' title='bbox 530 2233 707 2274; x_wconf 88' lang='lat' dir='ltr'>legendum</span> <span class='ocrx_word' id='word_1_197' title='bbox 744 2243 818 2264; x_wconf 89' lang='lat' dir='ltr'>esse</span> <span class='ocrx_word' id='word_1_198' title='bbox 850 2235 1067 2266; x_wconf 84' lang='lat' dir='ltr'>contendunt.</span> 
     </span>
     <span class='ocr_line' id='line_1_41' title="bbox 379 2282 1066 2315; baseline 0.003 -2"><span class='ocrx_word' id='word_1_199' title='bbox 379 2282 468 2314; x_wconf 84' lang='lat' dir='ltr'>Vide</span> <span class='ocrx_word' id='word_1_200' title='bbox 484 2282 630 2313; x_wconf 83' lang='lat' dir='ltr'>Turueb.</span> <span class='ocrx_word' id='word_1_201' title='bbox 647 2291 726 2313; x_wconf 77' lang='lat' dir='ltr'>Xix.</span> <span class='ocrx_word' id='word_1_202' title='bbox 741 2285 771 2313; x_wconf 72' lang='lat'>3.</span> <span class='ocrx_word' id='word_1_203' title='bbox 788 2287 823 2313; x_wconf 88' lang='lat' dir='ltr'>et</span> <span class='ocrx_word' id='word_1_204' title='bbox 833 2283 970 2314; x_wconf 78' lang='lat' dir='ltr'>Junium</span> <span class='ocrx_word' id='word_1_205' title='bbox 986 2283 1066 2315; x_wconf 84' lang='lat' dir='ltr'>Ani·</span> 
     </span>
     <span class='ocr_line' id='line_1_42' title="bbox 381 2331 1065 2371; baseline 0.001 -9"><span class='ocrx_word' id='word_1_206' title='bbox 381 2332 549 2363; x_wconf 85' lang='lat' dir='ltr'>madv.1v.</span> <span class='ocrx_word' id='word_1_207' title='bbox 565 2334 619 2363; x_wconf 76' lang='lat'>23.</span> <span class='ocrx_word' id='word_1_208' title='bbox 663 2331 878 2371; x_wconf 64' lang='lat' dir='ltr'>Nare-casata]</span> <span class='ocrx_word' id='word_1_209' title='bbox 896 2333 988 2363; x_wconf 86' lang='lat' dir='ltr'>Deus</span> <span class='ocrx_word' id='word_1_210' title='bbox 1001 2343 1065 2363; x_wconf 82' lang='lat' dir='ltr'>nia-</span> 
     </span>
     <span class='ocr_line' id='line_1_43' title="bbox 379 2380 1066 2421; baseline 0.003 -10"><span class='ocrx_word' id='word_1_211' title='bbox 379 2381 483 2419; x_wconf 81' lang='lat' dir='ltr'>riuus,</span> <span class='ocrx_word' id='word_1_212' title='bbox 500 2381 603 2412; x_wconf 87' lang='lat' dir='ltr'>Ponti</span> <span class='ocrx_word' id='word_1_213' title='bbox 619 2380 719 2421; x_wconf 80' lang='lat' dir='ltr'>filius,</span> <span class='ocrx_word' id='word_1_214' title='bbox 745 2390 764 2411; x_wconf 86' lang='lat' dir='ltr'>a</span> <span class='ocrx_word' id='word_1_215' title='bbox 788 2381 962 2412; x_wconf 86' lang='lat' dir='ltr'>mendacio</span> <span class='ocrx_word' id='word_1_216' title='bbox 985 2383 1066 2413; x_wconf 87' lang='lat' dir='ltr'>alie—</span> 
     </span>
     <span class='ocr_line' id='line_1_44' title="bbox 380 2429 1066 2471; baseline 0.004 -12"><span class='ocrx_word' id='word_1_217' title='bbox 380 2438 453 2460; x_wconf 89' lang='lat' dir='ltr'>nus.</span> <span class='ocrx_word' id='word_1_218' title='bbox 496 2430 586 2460; x_wconf 81' lang='lat' dir='ltr'>Mala</span> <span class='ocrx_word' id='word_1_219' title='bbox 613 2429 678 2468; x_wconf 79' lang='lat' dir='ltr'>avi]</span> <span class='ocrx_word' id='word_1_220' title='bbox 703 2429 745 2460; x_wconf 88' lang='lat' dir='ltr'>Id</span> <span class='ocrx_word' id='word_1_221' title='bbox 766 2431 874 2470; x_wconf 84' lang='lat' dir='ltr'>tangit</span> <span class='ocrx_word' id='word_1_222' title='bbox 891 2430 1066 2471; x_wconf 81' lang='lat' dir='ltr'>Horatius,</span> 
     </span>
     <span class='ocr_line' id='line_1_45' title="bbox 380 2477 1067 2519; baseline 0.006 -12"><span class='ocrx_word' id='word_1_223' title='bbox 380 2477 468 2518; x_wconf 86' lang='lat' dir='ltr'>quod</span> <span class='ocrx_word' id='word_1_224' title='bbox 480 2486 540 2508; x_wconf 87' lang='lat' dir='ltr'>suo</span> <span class='ocrx_word' id='word_1_225' title='bbox 552 2482 703 2518; x_wconf 88' lang='lat' dir='ltr'>tempore</span> <span class='ocrx_word' id='word_1_226' title='bbox 717 2479 854 2519; x_wconf 82' lang='lat' dir='ltr'>vulgare</span> <span class='ocrx_word' id='word_1_227' title='bbox 870 2485 960 2511; x_wconf 82' lang='lat' dir='ltr'>erat:</span> <span class='ocrx_word' id='word_1_228' title='bbox 977 2489 1067 2511; x_wconf 88' lang='lat' dir='ltr'>nem-</span> 
     </span>
     <span class='ocr_line' id='line_1_46' title="bbox 380 2526 1066 2567; baseline 0.004 -10"><span class='ocrx_word' id='word_1_229' title='bbox 380 2537 435 2567; x_wconf 83' lang='lat' dir='ltr'>pe,</span> <span class='ocrx_word' id='word_1_230' title='bbox 458 2531 495 2557; x_wconf 87' lang='lat' dir='ltr'>ut</span> <span class='ocrx_word' id='word_1_231' title='bbox 506 2527 555 2557; x_wconf 92' lang='lat' dir='ltr'>rei</span> <span class='ocrx_word' id='word_1_232' title='bbox 572 2526 669 2558; x_wconf 88' lang='lat' dir='ltr'>bonae</span> <span class='ocrx_word' id='word_1_233' title='bbox 686 2533 854 2563; x_wconf 83' lang='lat' dir='ltr'>eventum,</span> <span class='ocrx_word' id='word_1_234' title='bbox 869 2530 878 2547; x_wconf 89' lang='lat'>‘</span> <span class='ocrx_word' id='word_1_235' title='bbox 891 2529 984 2560; x_wconf 84' lang='lat' dir='ltr'>bonis</span> <span class='ocrx_word' id='word_1_236' title='bbox 999 2530 1066 2560; x_wconf 87' lang='lat' dir='ltr'>avi-</span> 
     </span>
     <span class='ocr_line' id='line_1_47' title="bbox 379 2576 1065 2618; baseline 0.003 -11"><span class='ocrx_word' id='word_1_237' title='bbox 379 2576 466 2612; x_wconf 89' lang='lat' dir='ltr'>bus,&#39;</span> <span class='ocrx_word' id='word_1_238' title='bbox 491 2577 599 2615; x_wconf 66' lang='lat' dir='ltr'>malm,</span> <span class='ocrx_word' id='word_1_239' title='bbox 624 2577 718 2607; x_wconf 87' lang='lat' dir='ltr'>malis</span> <span class='ocrx_word' id='word_1_240' title='bbox 745 2578 882 2608; x_wconf 76' lang='lat' dir='ltr'>cessisse</span> <span class='ocrx_word' id='word_1_241' title='bbox 898 2577 1065 2618; x_wconf 83' lang='lat' dir='ltr'>dicerent,</span> 
     </span>
     <span class='ocr_line' id='line_1_48' title="bbox 380 2625 1065 2665; baseline 0.006 -10"><span class='ocrx_word' id='word_1_242' title='bbox 380 2634 421 2655; x_wconf 86' lang='lat' dir='ltr'>ex</span> <span class='ocrx_word' id='word_1_243' title='bbox 438 2625 610 2665; x_wconf 86' lang='lat' dir='ltr'>Augurum</span> <span class='ocrx_word' id='word_1_244' title='bbox 626 2626 872 2658; x_wconf 83' lang='lat' dir='ltr'>observatione.</span> <span class='ocrx_word' id='word_1_245' title='bbox 913 2629 992 2659; x_wconf 77' lang='lat' dir='ltr'>Avis</span> <span class='ocrx_word' id='word_1_246' title='bbox 1013 2638 1065 2659; x_wconf 88' lang='lat' dir='ltr'>er-</span> 
     </span>
     <span class='ocr_line' id='line_1_49' title="bbox 379 2674 1063 2715; baseline 0.004 -12"><span class='ocrx_word' id='word_1_247' title='bbox 379 2683 420 2711; x_wconf 83' lang='lat' dir='ltr'>go</span> <span class='ocrx_word' id='word_1_248' title='bbox 436 2674 488 2704; x_wconf 86' lang='lat' dir='ltr'>hic</span> <span class='ocrx_word' id='word_1_249' title='bbox 504 2675 677 2715; x_wconf 85' lang='lat' dir='ltr'>augurium</span> <span class='ocrx_word' id='word_1_250' title='bbox 697 2676 807 2715; x_wconf 85' lang='lat' dir='ltr'>ipsum</span> <span class='ocrx_word' id='word_1_251' title='bbox 829 2682 864 2707; x_wconf 82' lang='lat' dir='ltr'>et</span> <span class='ocrx_word' id='word_1_252' title='bbox 885 2686 981 2708; x_wconf 89' lang='lat' dir='ltr'>omen</span> <span class='ocrx_word' id='word_1_253' title='bbox 1009 2678 1063 2707; x_wconf 83' lang='lat' dir='ltr'>de-</span> 
     </span>
     <span class='ocr_line' id='line_1_50' title="bbox 380 2724 1063 2765; baseline 0.007 -13"><span class='ocrx_word' id='word_1_254' title='bbox 380 2727 486 2753; x_wconf 78' lang='lat' dir='ltr'>notat.</span> <span class='ocrx_word' id='word_1_255' title='bbox 508 2724 667 2755; x_wconf 76' lang='lat' dir='ltr'>Erasmus.</span> <span class='ocrx_word' id='word_1_256' title='bbox 711 2725 813 2764; x_wconf 80' lang='lat' dir='ltr'>Mala]</span> <span class='ocrx_word' id='word_1_257' title='bbox 848 2725 878 2756; x_wconf 94' lang='grc' dir='ltr'>Ο</span> <span class='ocrx_word' id='word_1_258' title='bbox 907 2726 999 2765; x_wconf 86' lang='lat' dir='ltr'>Pari,</span> <span class='ocrx_word' id='word_1_259' title='bbox 1029 2731 1063 2757; x_wconf 90' lang='lat' dir='ltr'>tu</span> 
     </span>
     <span class='ocr_line' id='line_1_51' title="bbox 380 2771 1065 2816; baseline 0.012 -16"><span class='ocrx_word' id='word_1_260' title='bbox 380 2771 512 2812; x_wconf 87' lang='lat' dir='ltr'>quidem</span> <span class='ocrx_word' id='word_1_261' title='bbox 526 2773 617 2803; x_wconf 77' lang='lat' dir='ltr'>malis</span> <span class='ocrx_word' id='word_1_262' title='bbox 628 2773 784 2813; x_wconf 80' lang='lat' dir='ltr'>auspiciis</span> <span class='ocrx_word' id='word_1_263' title='bbox 804 2774 846 2805; x_wconf 81' lang='lat' dir='ltr'>ad</span> <span class='ocrx_word' id='word_1_264' title='bbox 861 2774 993 2808; x_wconf 82' lang='lat' dir='ltr'>domum</span> <span class='ocrx_word' id='word_1_265' title='bbox 1008 2785 1065 2816; x_wconf 84' lang='lat' dir='ltr'>pa-</span> 
     </span>
    </p>
   </div>
   <div class='ocr_carea' id='block_1_3' title="bbox 852 292 1367 323">
    <p class='ocr_par' dir='ltr' id='par_1_12' title="bbox 852 292 1367 323">
     <span class='ocr_line' id='line_1_52' title="bbox 852 292 1367 323; baseline 0.004 -2"><span class='ocrx_word' id='word_1_266' title='bbox 852 292 988 322; x_wconf 74' lang='lat' dir='ltr'>NOTAE</span> <span class='ocrx_word' id='word_1_267' title='bbox 1022 292 1281 323; x_wconf 78' lang='lat' dir='ltr'>VAmoRUM</span> <span class='ocrx_word' id='word_1_268' title='bbox 1317 293 1367 323; x_wconf 82' lang='lat' dir='ltr'>IN</span> 
     </span>
    </p>
   </div>
   <div class='ocr_carea' id='block_1_4' title="bbox 1112 383 1822 2814">
    <p class='ocr_par' dir='ltr' id='par_1_13' title="bbox 1130 383 1705 416">
     <span class='ocr_line' id='line_1_53' title="bbox 1130 383 1705 416; baseline 0.002 -1"><span class='ocrx_word' id='word_1_269' title='bbox 1130 388 1256 416; x_wconf 86' lang='lat' dir='ltr'>ternam</span> <span class='ocrx_word' id='word_1_270' title='bbox 1273 384 1367 415; x_wconf 75' lang='lat' dir='ltr'>ducis</span> <span class='ocrx_word' id='word_1_271' title='bbox 1383 383 1560 416; x_wconf 79' lang='lat' dir='ltr'>Helenam.</span> <span class='ocrx_word' id='word_1_272' title='bbox 1703 409 1705 412; x_wconf 91' lang='lat'>.</span> 
     </span>
    </p>

    <p class='ocr_par' dir='ltr' id='par_1_14' title="bbox 1129 433 1816 527">
     <span class='ocr_line' id='line_1_54' title="bbox 1171 433 1816 474; baseline 0.003 -10"><span class='ocrx_word' id='word_1_273' title='bbox 1171 436 1192 464; x_wconf 82' lang='lat'>6</span> <span class='ocrx_word' id='word_1_274' title='bbox 1218 434 1332 473; x_wconf 79' lang='lat' dir='ltr'>Quam]</span> <span class='ocrx_word' id='word_1_275' title='bbox 1357 434 1464 466; x_wconf 85' lang='lat' dir='ltr'>Quam</span> <span class='ocrx_word' id='word_1_276' title='bbox 1486 433 1622 465; x_wconf 82' lang='lat' dir='ltr'>Graecia</span> <span class='ocrx_word' id='word_1_277' title='bbox 1634 442 1709 465; x_wconf 84' lang='lat' dir='ltr'>curn</span> <span class='ocrx_word' id='word_1_278' title='bbox 1723 442 1816 474; x_wconf 73' lang='lat' dir='ltr'>mag-</span> 
     </span>
     <span class='ocr_line' id='line_1_55' title="bbox 1129 483 1670 527; baseline 0.004 -15"><span class='ocrx_word' id='word_1_279' title='bbox 1129 491 1173 512; x_wconf 90' lang='lat' dir='ltr'>no</span> <span class='ocrx_word' id='word_1_280' title='bbox 1189 484 1340 513; x_wconf 87' lang='lat' dir='ltr'>exercitu</span> <span class='ocrx_word' id='word_1_281' title='bbox 1363 483 1523 522; x_wconf 83' lang='lat' dir='ltr'>requiret.</span> <span class='ocrx_word' id='word_1_282' title='bbox 1666 523 1670 527; x_wconf 23' lang='lat' dir='ltr'><em>q</em></span> 
     </span>
    </p>

    <p class='ocr_par' dir='ltr' id='par_1_15' title="bbox 1127 530 1822 854">
     <span class='ocr_line' id='line_1_56' title="bbox 1171 530 1815 572; baseline 0.006 -13"><span class='ocrx_word' id='word_1_283' title='bbox 1171 533 1190 560; x_wconf 89' lang='grc'><strong>7</strong></span> <span class='ocrx_word' id='word_1_284' title='bbox 1203 530 1383 570; x_wconf 74' lang='lat' dir='ltr'>conjurata]</span> <span class='ocrx_word' id='word_1_285' title='bbox 1398 532 1562 562; x_wconf 87' lang='lat' dir='ltr'>Omnibus</span> <span class='ocrx_word' id='word_1_286' title='bbox 1577 531 1722 562; x_wconf 77' lang='lat' dir='ltr'>Graeciae</span> <span class='ocrx_word' id='word_1_287' title='bbox 1738 540 1815 572; x_wconf 89' lang='lat' dir='ltr'>pro-</span> 
     </span>
     <span class='ocr_line' id='line_1_57' title="bbox 1130 578 1821 619; baseline 0.004 -12"><span class='ocrx_word' id='word_1_288' title='bbox 1130 578 1493 619; x_wconf 84' lang='lat' dir='ltr'>ceribusjurejurando</span> <span class='ocrx_word' id='word_1_289' title='bbox 1517 580 1549 610; x_wconf 87' lang='lat' dir='ltr'>in</span> <span class='ocrx_word' id='word_1_290' title='bbox 1566 584 1665 618; x_wconf 83' lang='lat' dir='ltr'>portu</span> <span class='ocrx_word' id='word_1_291' title='bbox 1681 579 1821 614; x_wconf 71' lang='lat' dir='ltr'>Aulidis,</span> 
     </span>
     <span class='ocr_line' id='line_1_58' title="bbox 1129 626 1815 666; baseline 0.004 -10"><span class='ocrx_word' id='word_1_292' title='bbox 1129 626 1312 666; x_wconf 81' lang='lat' dir='ltr'>obstrictis,</span> <span class='ocrx_word' id='word_1_293' title='bbox 1345 628 1388 659; x_wconf 84' lang='lat' dir='ltr'>ad</span> <span class='ocrx_word' id='word_1_294' title='bbox 1426 628 1628 659; x_wconf 86' lang='lat' dir='ltr'>unanimiter</span> <span class='ocrx_word' id='word_1_295' title='bbox 1655 628 1815 660; x_wconf 76' lang='lat' dir='ltr'>dimican-</span> 
     </span>
     <span class='ocr_line' id='line_1_59' title="bbox 1130 675 1817 716; baseline 0.004 -11"><span class='ocrx_word' id='word_1_296' title='bbox 1130 675 1218 716; x_wconf 89' lang='lat' dir='ltr'>dum,</span> <span class='ocrx_word' id='word_1_297' title='bbox 1245 676 1351 708; x_wconf 86' lang='lat' dir='ltr'>donec</span> <span class='ocrx_word' id='word_1_298' title='bbox 1378 678 1543 708; x_wconf 85' lang='lat' dir='ltr'>Helenam</span> <span class='ocrx_word' id='word_1_299' title='bbox 1573 683 1687 709; x_wconf 86' lang='lat' dir='ltr'>essent</span> <span class='ocrx_word' id='word_1_300' title='bbox 1715 678 1817 709; x_wconf 77' lang='lat' dir='ltr'>nacti.</span> 
     </span>
     <span class='ocr_line' id='line_1_60' title="bbox 1130 723 1822 766; baseline 0.004 -13"><span class='ocrx_word' id='word_1_301' title='bbox 1130 723 1296 764; x_wconf 81' lang='lat' dir='ltr'>Rumpere]</span> <span class='ocrx_word' id='word_1_302' title='bbox 1307 725 1494 756; x_wconf 82' lang='lat' dir='ltr'>Dissolvere</span> <span class='ocrx_word' id='word_1_303' title='bbox 1503 730 1576 756; x_wconf 85' lang='lat' dir='ltr'>tuas</span> <span class='ocrx_word' id='word_1_304' title='bbox 1589 725 1721 756; x_wconf 76' lang='lat' dir='ltr'>illicitas</span> <span class='ocrx_word' id='word_1_305' title='bbox 1732 729 1822 766; x_wconf 68' lang='lat' dir='ltr'>nup-&#39;</span> 
     </span>
     <span class='ocr_line' id='line_1_61' title="bbox 1130 771 1814 815; baseline 0.004 -14"><span class='ocrx_word' id='word_1_306' title='bbox 1130 771 1206 810; x_wconf 89' lang='lat' dir='ltr'>tias,</span> <span class='ocrx_word' id='word_1_307' title='bbox 1215 777 1251 803; x_wconf 88' lang='lat' dir='ltr'>et</span> <span class='ocrx_word' id='word_1_308' title='bbox 1258 777 1411 804; x_wconf 86' lang='lat' dir='ltr'>evertere</span> <span class='ocrx_word' id='word_1_309' title='bbox 1423 774 1594 815; x_wconf 82' lang='lat' dir='ltr'>antiquum</span> <span class='ocrx_word' id='word_1_310' title='bbox 1604 775 1729 806; x_wconf 81' lang='lat' dir='ltr'>Priami</span> <span class='ocrx_word' id='word_1_311' title='bbox 1739 783 1814 814; x_wconf 81' lang='lat' dir='ltr'>reg-</span> 
     </span>
     <span class='ocr_line' id='line_1_62' title="bbox 1127 829 1819 854; baseline 0 -4"><span class='ocrx_word' id='word_1_312' title='bbox 1127 829 1219 850; x_wconf 80' lang='lat' dir='ltr'>num.</span> <span class='ocrx_word' id='word_1_313' title='bbox 1817 852 1819 854; x_wconf 73' lang='grc'><strong>,</strong></span> 
     </span>
    </p>

    <p class='ocr_par' dir='ltr' id='par_1_16' title="bbox 1124 869 1818 1002">
     <span class='ocr_line' id='line_1_63' title="bbox 1167 869 1814 909; baseline 0.005 -10"><span class='ocrx_word' id='word_1_314' title='bbox 1167 871 1189 899; x_wconf 87' lang='grc'><strong>9</strong></span> <span class='ocrx_word' id='word_1_315' title='bbox 1224 869 1322 909; x_wconf 78' lang='lat' dir='ltr'>Eheu]</span> <span class='ocrx_word' id='word_1_316' title='bbox 1356 871 1501 904; x_wconf 82' lang='lat' dir='ltr'>Quidam</span> <span class='ocrx_word' id='word_1_317' title='bbox 1530 872 1737 905; x_wconf 85' lang='lat' dir='ltr'>contendunt</span> <span class='ocrx_word' id='word_1_318' title='bbox 1765 872 1814 902; x_wconf 91' lang='lat' dir='ltr'>le-</span> 
     </span>
     <span class='ocr_line' id='line_1_64' title="bbox 1126 917 1813 961; baseline 0.007 -14"><span class='ocrx_word' id='word_1_319' title='bbox 1126 917 1284 958; x_wconf 87' lang='lat' dir='ltr'>gendum,</span> <span class='ocrx_word' id='word_1_320' title='bbox 1299 919 1384 958; x_wconf 83' lang='lat' dir='ltr'>Heu,</span> <span class='ocrx_word' id='word_1_321' title='bbox 1406 921 1472 952; x_wconf 80' lang='lat' dir='ltr'>heu.</span> <span class='ocrx_word' id='word_1_322' title='bbox 1518 921 1622 961; x_wconf 79' lang='lat' dir='ltr'>Eheu]</span> <span class='ocrx_word' id='word_1_323' title='bbox 1657 921 1813 952; x_wconf 76' lang='lat' dir='ltr'>nolentis</span> 
     </span>
     <span class='ocr_line' id='line_1_65' title="bbox 1124 971 1818 1002; baseline 0.006 -4"><span class='ocrx_word' id='word_1_324' title='bbox 1124 971 1186 998; x_wconf 83' lang='lat' dir='ltr'>est.</span> <span class='ocrx_word' id='word_1_325' title='bbox 1816 999 1818 1002; x_wconf 77' lang='grc'>,</span> 
     </span>
    </p>

    <p class='ocr_par' dir='ltr' id='par_1_17' title="bbox 1124 1017 1818 1247">
     <span class='ocr_line' id='line_1_66' title="bbox 1168 1017 1814 1060; baseline 0.006 -14"><span class='ocrx_word' id='word_1_326' title='bbox 1168 1019 1208 1047; x_wconf 89' lang='grc'>10</span> <span class='ocrx_word' id='word_1_327' title='bbox 1230 1017 1348 1058; x_wconf 78' lang='lat' dir='ltr'>Sudor]</span> <span class='ocrx_word' id='word_1_328' title='bbox 1371 1018 1479 1051; x_wconf 84' lang='lat' dir='ltr'>Labor</span> <span class='ocrx_word' id='word_1_329' title='bbox 1492 1019 1645 1052; x_wconf 79' lang='lat' dir='ltr'>bellicus.</span> <span class='ocrx_word' id='word_1_330' title='bbox 1675 1020 1814 1060; x_wconf 80' lang='lat' dir='ltr'>Funera]</span> 
     </span>
     <span class='ocr_line' id='line_1_67' title="bbox 1126 1065 1818 1109; baseline 0.007 -12"><span class='ocrx_word' id='word_1_331' title='bbox 1126 1065 1278 1097; x_wconf 81' lang='lat' dir='ltr'>Quantas</span> <span class='ocrx_word' id='word_1_332' title='bbox 1304 1071 1434 1106; x_wconf 76' lang='lat' dir='ltr'>strages</span> <span class='ocrx_word' id='word_1_333' title='bbox 1458 1078 1646 1100; x_wconf 83' lang='lat' dir='ltr'>commoves</span> <span class='ocrx_word' id='word_1_334' title='bbox 1660 1069 1818 1109; x_wconf 20' lang='lat' dir='ltr'>Trojanaev</span> 
     </span>
     <span class='ocr_line' id='line_1_68' title="bbox 1126 1114 1811 1156; baseline 0.001 -13"><span class='ocrx_word' id='word_1_335' title='bbox 1126 1114 1241 1153; x_wconf 88' lang='lat' dir='ltr'>genti;</span> <span class='ocrx_word' id='word_1_336' title='bbox 1265 1124 1338 1154; x_wconf 82' lang='lat' dir='ltr'>quae</span> <span class='ocrx_word' id='word_1_337' title='bbox 1366 1115 1443 1146; x_wconf 91' lang='lat' dir='ltr'>olim</span> <span class='ocrx_word' id='word_1_338' title='bbox 1466 1116 1558 1147; x_wconf 89' lang='lat' dir='ltr'>dicta</span> <span class='ocrx_word' id='word_1_339' title='bbox 1575 1121 1625 1146; x_wconf 84' lang='lat' dir='ltr'>est</span> <span class='ocrx_word' id='word_1_340' title='bbox 1642 1116 1811 1156; x_wconf 69' lang='lat' dir='ltr'>Dan-dane,</span> 
     </span>
     <span class='ocr_line' id='line_1_69' title="bbox 1126 1163 1815 1206; baseline 0.006 -14"><span class='ocrx_word' id='word_1_341' title='bbox 1126 1172 1145 1193; x_wconf 82' lang='lat' dir='ltr'>a</span> <span class='ocrx_word' id='word_1_342' title='bbox 1165 1163 1323 1194; x_wconf 81' lang='lat' dir='ltr'>Dardano</span> <span class='ocrx_word' id='word_1_343' title='bbox 1338 1165 1394 1205; x_wconf 85' lang='lat' dir='ltr'>qui</span> <span class='ocrx_word' id='word_1_344' title='bbox 1411 1164 1494 1197; x_wconf 82' lang='lat' dir='ltr'>vixit</span> <span class='ocrx_word' id='word_1_345' title='bbox 1509 1170 1660 1206; x_wconf 85' lang='lat' dir='ltr'>tempore</span> <span class='ocrx_word' id='word_1_346' title='bbox 1674 1165 1815 1205; x_wconf 68' lang='lat' dir='ltr'>Moysis,</span> 
     </span>
     <span class='ocr_line' id='line_1_70' title="bbox 1124 1210 1813 1247; baseline 0.009 -6"><span class='ocrx_word' id='word_1_347' title='bbox 1124 1210 1223 1242; x_wconf 88' lang='lat' dir='ltr'>Auno</span> <span class='ocrx_word' id='word_1_348' title='bbox 1239 1212 1353 1242; x_wconf 89' lang='lat' dir='ltr'>rnundi</span> <span class='ocrx_word' id='word_1_349' title='bbox 1371 1215 1462 1244; x_wconf 76' lang='lat'>1733.</span> <span class='ocrx_word' id='word_1_350' title='bbox 1807 1237 1813 1247; x_wconf 81' lang='grc'><strong>.</strong></span> 
     </span>
    </p>

    <p class='ocr_par' dir='ltr' id='par_1_18' title="bbox 1119 1261 1812 2082">
     <span class='ocr_line' id='line_1_71' title="bbox 1167 1261 1811 1302; baseline 0.005 -11"><span class='ocrx_word' id='word_1_351' title='bbox 1167 1263 1204 1291; x_wconf 88' lang='lat'>11</span> <span class='ocrx_word' id='word_1_352' title='bbox 1227 1261 1302 1292; x_wconf 67' lang='lat' dir='ltr'>«lam</span> <span class='ocrx_word' id='word_1_353' title='bbox 1326 1262 1449 1300; x_wconf 81' lang='lat' dir='ltr'>galeam</span> <span class='ocrx_word' id='word_1_354' title='bbox 1478 1261 1601 1302; x_wconf 76' lang='lat' dir='ltr'>Pallas]</span> <span class='ocrx_word' id='word_1_355' title='bbox 1638 1261 1811 1294; x_wconf 78' lang='lat' dir='ltr'>Palladem</span> 
     </span>
     <span class='ocr_line' id='line_1_72' title="bbox 1125 1311 1810 1352; baseline 0.006 -14"><span class='ocrx_word' id='word_1_356' title='bbox 1125 1311 1248 1349; x_wconf 82' lang='lat' dir='ltr'>potius,</span> <span class='ocrx_word' id='word_1_357' title='bbox 1263 1320 1360 1350; x_wconf 78' lang='lat' dir='ltr'>qnam</span> <span class='ocrx_word' id='word_1_358' title='bbox 1376 1311 1520 1342; x_wconf 86' lang='lat' dir='ltr'>Martem</span> <span class='ocrx_word' id='word_1_359' title='bbox 1545 1312 1706 1348; x_wconf 78' lang='lat' dir='ltr'>nominat,</span> <span class='ocrx_word' id='word_1_360' title='bbox 1729 1321 1810 1352; x_wconf 71' lang='grc' dir='ltr'><strong>(μισ-</strong></span> 
     </span>
     <span class='ocr_line' id='line_1_73' title="bbox 1122 1359 1812 1399; baseline 0.006 -11"><span class='ocrx_word' id='word_1_361' title='bbox 1122 1359 1209 1389; x_wconf 83' lang='lat' dir='ltr'>niam</span> <span class='ocrx_word' id='word_1_362' title='bbox 1224 1360 1297 1389; x_wconf 89' lang='lat' dir='ltr'>Dea</span> <span class='ocrx_word' id='word_1_363' title='bbox 1308 1360 1378 1396; x_wconf 81' lang='lat' dir='ltr'>illa,</span> <span class='ocrx_word' id='word_1_364' title='bbox 1390 1370 1456 1391; x_wconf 81' lang='lat' dir='ltr'>una</span> <span class='ocrx_word' id='word_1_365' title='bbox 1467 1370 1542 1391; x_wconf 90' lang='lat' dir='ltr'>cum</span> <span class='ocrx_word' id='word_1_366' title='bbox 1555 1361 1701 1399; x_wconf 86' lang='lat' dir='ltr'>Junone,</span> <span class='ocrx_word' id='word_1_367' title='bbox 1713 1361 1812 1392; x_wconf 78' lang='lat' dir='ltr'>Grae·</span> 
     </span>
     <span class='ocr_line' id='line_1_74' title="bbox 1124 1409 1812 1450; baseline 0.006 -13"><span class='ocrx_word' id='word_1_368' title='bbox 1124 1417 1236 1438; x_wconf 87' lang='lat' dir='ltr'>corum</span> <span class='ocrx_word' id='word_1_369' title='bbox 1261 1417 1296 1438; x_wconf 87' lang='lat' dir='ltr'>se</span> <span class='ocrx_word' id='word_1_370' title='bbox 1324 1409 1427 1439; x_wconf 88' lang='lat' dir='ltr'>veluti</span> <span class='ocrx_word' id='word_1_371' title='bbox 1450 1409 1570 1440; x_wconf 87' lang='lat' dir='ltr'>ducem</span> <span class='ocrx_word' id='word_1_372' title='bbox 1588 1411 1758 1450; x_wconf 67' lang='lat' dir='ltr'>praestitit,</span> <span class='ocrx_word' id='word_1_373' title='bbox 1774 1414 1812 1441; x_wconf 86' lang='lat' dir='ltr'>et</span> 
     </span>
     <span class='ocr_line' id='line_1_75' title="bbox 1124 1457 1810 1499; baseline 0.006 -13"><span class='ocrx_word' id='word_1_374' title='bbox 1124 1457 1245 1497; x_wconf 87' lang='lat' dir='ltr'>alioqui</span> <span class='ocrx_word' id='word_1_375' title='bbox 1272 1457 1367 1487; x_wconf 85' lang='lat' dir='ltr'>bellis</span> <span class='ocrx_word' id='word_1_376' title='bbox 1393 1462 1429 1488; x_wconf 94' lang='lat' dir='ltr'>et</span> <span class='ocrx_word' id='word_1_377' title='bbox 1454 1458 1528 1497; x_wconf 82' lang='lat' dir='ltr'>ipsa</span> <span class='ocrx_word' id='word_1_378' title='bbox 1553 1463 1697 1499; x_wconf 81' lang='lat' dir='ltr'>praeest:</span> <span class='ocrx_word' id='word_1_379' title='bbox 1721 1459 1810 1490; x_wconf 83' lang='lat' dir='ltr'>unde</span> 
     </span>
     <span class='ocr_line' id='line_1_76' title="bbox 1124 1505 1811 1547; baseline 0.004 -12"><span class='ocrx_word' id='word_1_380' title='bbox 1124 1511 1248 1536; x_wconf 82' lang='lat' dir='ltr'>armata</span> <span class='ocrx_word' id='word_1_381' title='bbox 1263 1505 1347 1543; x_wconf 85' lang='lat' dir='ltr'>fere,</span> <span class='ocrx_word' id='word_1_382' title='bbox 1362 1506 1466 1537; x_wconf 86' lang='lat' dir='ltr'>oculis</span> <span class='ocrx_word' id='word_1_383' title='bbox 1480 1507 1595 1546; x_wconf 83' lang='lat' dir='ltr'>torvis,</span> <span class='ocrx_word' id='word_1_384' title='bbox 1610 1511 1748 1547; x_wconf 84' lang='lat' dir='ltr'>aspectu</span> <span class='ocrx_word' id='word_1_385' title='bbox 1763 1509 1811 1538; x_wconf 85' lang='lat' dir='ltr'>vi-</span> 
     </span>
     <span class='ocr_line' id='line_1_77' title="bbox 1124 1555 1807 1596; baseline 0.004 -12"><span class='ocrx_word' id='word_1_386' title='bbox 1124 1555 1312 1594; x_wconf 87' lang='lat' dir='ltr'>rili‚capite</span> <span class='ocrx_word' id='word_1_387' title='bbox 1333 1555 1477 1595; x_wconf 83' lang='lat' dir='ltr'>galeato,</span> <span class='ocrx_word' id='word_1_388' title='bbox 1500 1555 1642 1596; x_wconf 80' lang='lat' dir='ltr'>aegidem</span> <span class='ocrx_word' id='word_1_389' title='bbox 1669 1561 1807 1596; x_wconf 83' lang='lat' dir='ltr'>pectore</span> 
     </span>
     <span class='ocr_line' id='line_1_78' title="bbox 1123 1602 1807 1644; baseline 0.004 -11"><span class='ocrx_word' id='word_1_390' title='bbox 1123 1602 1322 1642; x_wconf 65' lang='lat' dir='ltr'>praeferens,</span> <span class='ocrx_word' id='word_1_391' title='bbox 1337 1606 1400 1634; x_wconf 85' lang='lat' dir='ltr'>&amp;c-</span> <span class='ocrx_word' id='word_1_392' title='bbox 1445 1604 1490 1635; x_wconf 84' lang='lat' dir='ltr'>At</span> <span class='ocrx_word' id='word_1_393' title='bbox 1511 1605 1669 1644; x_wconf 67' lang='lat' dir='ltr'>‘aegidem</span> <span class='ocrx_word' id='word_1_394' title='bbox 1682 1605 1692 1618; x_wconf 85' lang='lat'><em>&#39;</em></span> <span class='ocrx_word' id='word_1_395' title='bbox 1719 1606 1807 1636; x_wconf 82' lang='lat' dir='ltr'>illam</span> 
     </span>
     <span class='ocr_line' id='line_1_79' title="bbox 1122 1652 1810 1694; baseline 0.006 -13"><span class='ocrx_word' id='word_1_396' title='bbox 1122 1652 1309 1683; x_wconf 79' lang='lat' dir='ltr'>horrificam</span> <span class='ocrx_word' id='word_1_397' title='bbox 1319 1662 1415 1684; x_wconf 84' lang='lat' dir='ltr'>nemo</span> <span class='ocrx_word' id='word_1_398' title='bbox 1431 1653 1548 1686; x_wconf 86' lang='lat' dir='ltr'>melius</span> <span class='ocrx_word' id='word_1_399' title='bbox 1559 1655 1724 1694; x_wconf 81' lang='lat' dir='ltr'>expressit</span> <span class='ocrx_word' id='word_1_400' title='bbox 1734 1655 1810 1685; x_wconf 86' lang='lat' dir='ltr'>Vir-</span> 
     </span>
     <span class='ocr_line' id='line_1_80' title="bbox 1123 1700 1808 1744; baseline 0.007 -14"><span class='ocrx_word' id='word_1_401' title='bbox 1123 1701 1200 1739; x_wconf 87' lang='lat' dir='ltr'>gilio</span> <span class='ocrx_word' id='word_1_402' title='bbox 1216 1700 1347 1732; x_wconf 87' lang='lat' dir='ltr'>AEneid.</span> <span class='ocrx_word' id='word_1_403' title='bbox 1365 1709 1446 1732; x_wconf 78' lang='lat' dir='ltr'>vni.</span> <span class='ocrx_word' id='word_1_404' title='bbox 1461 1703 1471 1718; x_wconf 90' lang='lat'>‘</span> <span class='ocrx_word' id='word_1_405' title='bbox 1483 1702 1666 1744; x_wconf 85' lang='lat' dir='ltr'>AEgidaque</span> <span class='ocrx_word' id='word_1_406' title='bbox 1678 1703 1808 1737; x_wconf 82' lang='lat' dir='ltr'>horrifi-</span> 
     </span>
     <span class='ocr_line' id='line_1_81' title="bbox 1121 1750 1806 1791; baseline 0.007 -13"><span class='ocrx_word' id='word_1_407' title='bbox 1121 1758 1193 1779; x_wconf 82' lang='lat' dir='ltr'>cam</span> <span class='ocrx_word' id='word_1_408' title='bbox 1225 1750 1368 1780; x_wconf 79' lang='lat' dir='ltr'>tnrbatae</span> <span class='ocrx_word' id='word_1_409' title='bbox 1405 1750 1556 1782; x_wconf 80' lang='lat' dir='ltr'>Palladis</span> <span class='ocrx_word' id='word_1_410' title='bbox 1592 1751 1705 1791; x_wconf 80' lang='lat' dir='ltr'>arma‚&#39;</span> <span class='ocrx_word' id='word_1_411' title='bbox 1739 1755 1806 1784; x_wconf 68' lang='grc' dir='ltr'>ὅτε.</span> 
     </span>
     <span class='ocr_line' id='line_1_82' title="bbox 1122 1797 1807 1841; baseline 0.004 -12"><span class='ocrx_word' id='word_1_412' title='bbox 1122 1797 1220 1829; x_wconf 83' lang='lat' dir='ltr'>Quod</span> <span class='ocrx_word' id='word_1_413' title='bbox 1237 1807 1315 1829; x_wconf 89' lang='lat' dir='ltr'>vero</span> <span class='ocrx_word' id='word_1_414' title='bbox 1328 1801 1338 1816; x_wconf 88' lang='lat'>‘</span> <span class='ocrx_word' id='word_1_415' title='bbox 1351 1808 1467 1830; x_wconf 86' lang='lat' dir='ltr'>currus</span> <span class='ocrx_word' id='word_1_416' title='bbox 1477 1799 1485 1813; x_wconf 85' lang='lat'>’</span> <span class='ocrx_word' id='word_1_417' title='bbox 1500 1800 1606 1836; x_wconf 79' lang='lat' dir='ltr'>addit,</span> <span class='ocrx_word' id='word_1_418' title='bbox 1620 1801 1807 1841; x_wconf 83' lang='lat' dir='ltr'>sciendum,</span> 
     </span>
     <span class='ocr_line' id='line_1_83' title="bbox 1122 1848 1809 1890; baseline 0.007 -13"><span class='ocrx_word' id='word_1_419' title='bbox 1122 1848 1299 1889; x_wconf 84' lang='lat' dir='ltr'>quadrigas</span> <span class='ocrx_word' id='word_1_420' title='bbox 1324 1849 1481 1890; x_wconf 86' lang='lat' dir='ltr'>bigasque</span> <span class='ocrx_word' id='word_1_421' title='bbox 1503 1850 1637 1882; x_wconf 75' lang='lat' dir='ltr'>bellicas</span> <span class='ocrx_word' id='word_1_422' title='bbox 1657 1851 1809 1882; x_wconf 79' lang='lat' dir='ltr'>Palladis</span> 
     </span>
     <span class='ocr_line' id='line_1_84' title="bbox 1121 1896 1806 1939; baseline 0.007 -13"><span class='ocrx_word' id='word_1_423' title='bbox 1121 1896 1291 1928; x_wconf 85' lang='lat' dir='ltr'>inventum</span> <span class='ocrx_word' id='word_1_424' title='bbox 1305 1898 1412 1930; x_wconf 87' lang='lat' dir='ltr'>credi.</span> <span class='ocrx_word' id='word_1_425' title='bbox 1453 1898 1529 1930; x_wconf 84' lang='lat' dir='ltr'>Jam</span> <span class='ocrx_word' id='word_1_426' title='bbox 1546 1903 1714 1939; x_wconf 86' lang='lat' dir='ltr'>postremo</span> <span class='ocrx_word' id='word_1_427' title='bbox 1734 1901 1806 1931; x_wconf 83' lang='lat' dir='ltr'>loco</span> 
     </span>
     <span class='ocr_line' id='line_1_85' title="bbox 1121 1945 1806 1989; baseline 0.01 -15"><span class='ocrx_word' id='word_1_428' title='bbox 1121 1945 1286 1975; x_wconf 90' lang='lat' dir='ltr'>‘rabiem’</span> <span class='ocrx_word' id='word_1_429' title='bbox 1310 1946 1474 1986; x_wconf 82' lang='lat' dir='ltr'>adjungit,</span> <span class='ocrx_word' id='word_1_430' title='bbox 1497 1948 1567 1978; x_wconf 81' lang='lat' dir='ltr'>sine</span> <span class='ocrx_word' id='word_1_431' title='bbox 1594 1957 1658 1989; x_wconf 78' lang='lat' dir='ltr'>qua</span> <span class='ocrx_word' id='word_1_432' title='bbox 1680 1949 1806 1980; x_wconf 80' lang='lat' dir='ltr'>nullum</span> 
     </span>
     <span class='ocr_line' id='line_1_86' title="bbox 1119 1994 1803 2037; baseline 0.009 -14"><span class='ocrx_word' id='word_1_433' title='bbox 1119 1994 1247 2030; x_wconf 83' lang='lat' dir='ltr'>geritur</span> <span class='ocrx_word' id='word_1_434' title='bbox 1274 1994 1407 2029; x_wconf 87' lang='lat' dir='ltr'>bellum,</span> <span class='ocrx_word' id='word_1_435' title='bbox 1435 1998 1646 2036; x_wconf 82' lang='lat' dir='ltr'>quantumvis</span> <span class='ocrx_word' id='word_1_436' title='bbox 1662 1998 1803 2037; x_wconf 82' lang='lat' dir='ltr'>justum.</span> 
     </span>
     <span class='ocr_line' id='line_1_87' title="bbox 1121 2041 1769 2082; baseline 0.011 -12"><span class='ocrx_word' id='word_1_437' title='bbox 1121 2041 1260 2072; x_wconf 74' lang='lat' dir='ltr'>Tor-rent.</span> <span class='ocrx_word' id='word_1_438' title='bbox 1299 2043 1431 2082; x_wconf 79' lang='lat' dir='ltr'>AEgida]</span> <span class='ocrx_word' id='word_1_439' title='bbox 1453 2044 1591 2075; x_wconf 87' lang='lat' dir='ltr'>Scutum</span> <span class='ocrx_word' id='word_1_440' title='bbox 1601 2045 1769 2077; x_wconf 83' lang='lat' dir='ltr'>Palladis.</span> 
     </span>
    </p>

    <p class='ocr_par' dir='ltr' id='par_1_19' title="bbox 1160 2090 1761 2130">
     <span class='ocr_line' id='line_1_88' title="bbox 1160 2090 1761 2130; baseline 0.01 -11"><span class='ocrx_word' id='word_1_441' title='bbox 1160 2091 1199 2120; x_wconf 83' lang='lat'>12</span> <span class='ocrx_word' id='word_1_442' title='bbox 1223 2090 1349 2120; x_wconf 75' lang='lat' dir='ltr'>Rabiem</span> <span class='ocrx_word' id='word_1_443' title='bbox 1360 2091 1467 2130; x_wconf 76' lang='lat' dir='ltr'>parat]</span> <span class='ocrx_word' id='word_1_444' title='bbox 1489 2092 1648 2123; x_wconf 87' lang='lat' dir='ltr'>Furorem</span> <span class='ocrx_word' id='word_1_445' title='bbox 1667 2092 1761 2127; x_wconf 86' lang='lat' dir='ltr'>belli.</span> 
     </span>
    </p>

    <p class='ocr_par' dir='ltr' id='par_1_20' title="bbox 1115 2138 1802 2315">
     <span class='ocr_line' id='line_1_89' title="bbox 1160 2138 1802 2179; baseline 0.009 -11"><span class='ocrx_word' id='word_1_446' title='bbox 1160 2140 1198 2168; x_wconf 81' lang='lat'>13</span> <span class='ocrx_word' id='word_1_447' title='bbox 1216 2138 1438 2179; x_wconf 73' lang='lat' dir='ltr'>Nequicquam]</span> <span class='ocrx_word' id='word_1_448' title='bbox 1453 2141 1602 2173; x_wconf 87' lang='lat' dir='ltr'>Frustra.</span> <span class='ocrx_word' id='word_1_449' title='bbox 1638 2141 1725 2173; x_wconf 85' lang='lat' dir='ltr'>Nam</span> <span class='ocrx_word' id='word_1_450' title='bbox 1734 2143 1802 2174; x_wconf 78' lang='lat' dir='ltr'>Ve-</span> 
     </span>
     <span class='ocr_line' id='line_1_90' title="bbox 1116 2187 1802 2230; baseline 0.01 -15"><span class='ocrx_word' id='word_1_451' title='bbox 1116 2195 1190 2224; x_wconf 85' lang='lat' dir='ltr'>nus,</span> <span class='ocrx_word' id='word_1_452' title='bbox 1203 2195 1277 2217; x_wconf 86' lang='lat' dir='ltr'>cum</span> <span class='ocrx_word' id='word_1_453' title='bbox 1295 2196 1358 2216; x_wconf 89' lang='lat' dir='ltr'>uon</span> <span class='ocrx_word' id='word_1_454' title='bbox 1371 2187 1412 2218; x_wconf 85' lang='lat' dir='ltr'>sit</span> <span class='ocrx_word' id='word_1_455' title='bbox 1429 2188 1595 2224; x_wconf 84' lang='lat' dir='ltr'>bellicosa,</span> <span class='ocrx_word' id='word_1_456' title='bbox 1610 2199 1674 2220; x_wconf 90' lang='lat' dir='ltr'>non</span> <span class='ocrx_word' id='word_1_457' title='bbox 1689 2196 1802 2230; x_wconf 85' lang='lat' dir='ltr'>potest</span> 
     </span>
     <span class='ocr_line' id='line_1_91' title="bbox 1115 2235 1801 2280; baseline 0.007 -14"><span class='ocrx_word' id='word_1_458' title='bbox 1115 2244 1189 2266; x_wconf 84' lang='lat' dir='ltr'>esse</span> <span class='ocrx_word' id='word_1_459' title='bbox 1219 2235 1334 2266; x_wconf 83' lang='lat' dir='ltr'>Paridi</span> <span class='ocrx_word' id='word_1_460' title='bbox 1361 2237 1528 2276; x_wconf 70' lang='lat' dir='ltr'>praesidio.</span> <span class='ocrx_word' id='word_1_461' title='bbox 1574 2239 1692 2280; x_wconf 70' lang='lat' dir='ltr'>Ferox]</span> <span class='ocrx_word' id='word_1_462' title='bbox 1719 2239 1801 2271; x_wconf 76' lang='lat' dir='ltr'>Ani-</span> 
     </span>
     <span class='ocr_line' id='line_1_92' title="bbox 1115 2293 1235 2315; baseline 0.008 -1"><span class='ocrx_word' id='word_1_463' title='bbox 1115 2293 1235 2315; x_wconf 79' lang='lat' dir='ltr'>mosus.</span> 
     </span>
    </p>

    <p class='ocr_par' dir='ltr' id='par_1_21' title="bbox 1157 2335 1698 2377">
     <span class='ocr_line' id='line_1_93' title="bbox 1157 2335 1698 2377; baseline 0.009 -12"><span class='ocrx_word' id='word_1_464' title='bbox 1157 2337 1198 2365; x_wconf 73' lang='lat'>14</span> <span class='ocrx_word' id='word_1_465' title='bbox 1222 2335 1344 2376; x_wconf 83' lang='lat' dir='ltr'>Pectes]</span> <span class='ocrx_word' id='word_1_466' title='bbox 1369 2335 1513 2367; x_wconf 83' lang='lat' dir='ltr'>Oruabis</span> <span class='ocrx_word' id='word_1_467' title='bbox 1529 2337 1698 2377; x_wconf 75' lang='lat' dir='ltr'>capillum.</span> 
     </span>
    </p>

    <p class='ocr_par' dir='ltr' id='par_1_22' title="bbox 1112 2385 1800 2814">
     <span class='ocr_line' id='line_1_94' title="bbox 1157 2385 1800 2430; baseline 0.012 -16"><span class='ocrx_word' id='word_1_468' title='bbox 1157 2387 1194 2415; x_wconf 88' lang='lat'>15</span> <span class='ocrx_word' id='word_1_469' title='bbox 1218 2385 1352 2425; x_wconf 81' lang='lat' dir='ltr'>Imbelli]</span> <span class='ocrx_word' id='word_1_470' title='bbox 1375 2386 1512 2417; x_wconf 83' lang='lat' dir='ltr'>Cithara</span> <span class='ocrx_word' id='word_1_471' title='bbox 1534 2387 1622 2419; x_wconf 88' lang='lat' dir='ltr'>bello</span> <span class='ocrx_word' id='word_1_472' title='bbox 1637 2397 1702 2420; x_wconf 89' lang='lat' dir='ltr'>non</span> <span class='ocrx_word' id='word_1_473' title='bbox 1718 2395 1800 2430; x_wconf 79' lang='lat' dir='ltr'>apta</span> 
     </span>
     <span class='ocr_line' id='line_1_95' title="bbox 1115 2433 1798 2472; baseline 0.01 -8"><span class='ocrx_word' id='word_1_474' title='bbox 1115 2438 1178 2472; x_wconf 82' lang='lat' dir='ltr'>est,</span> <span class='ocrx_word' id='word_1_475' title='bbox 1192 2433 1250 2464; x_wconf 85' lang='lat' dir='ltr'>sed</span> <span class='ocrx_word' id='word_1_476' title='bbox 1271 2443 1395 2465; x_wconf 83' lang='lat' dir='ltr'>meusae</span> <span class='ocrx_word' id='word_1_477' title='bbox 1417 2435 1458 2465; x_wconf 87' lang='lat' dir='ltr'>ad</span> <span class='ocrx_word' id='word_1_478' title='bbox 1485 2435 1697 2469; x_wconf 81' lang='lat' dir='ltr'>hilaritatem.</span> <span class='ocrx_word' id='word_1_479' title='bbox 1743 2439 1798 2470; x_wconf 78' lang='lat' dir='ltr'>Ci-</span> 
     </span>
     <span class='ocr_line' id='line_1_96' title="bbox 1114 2483 1798 2528; baseline 0.01 -16"><span class='ocrx_word' id='word_1_480' title='bbox 1114 2483 1203 2514; x_wconf 75' lang='lat' dir='ltr'>thara</span> <span class='ocrx_word' id='word_1_481' title='bbox 1211 2484 1346 2514; x_wconf 76' lang='lat' dir='ltr'>carmina</span> <span class='ocrx_word' id='word_1_482' title='bbox 1361 2484 1495 2524; x_wconf 78' lang='lat' dir='ltr'>divides]</span> <span class='ocrx_word' id='word_1_483' title='bbox 1517 2485 1575 2516; x_wconf 87' lang='lat' dir='ltr'>Sic</span> <span class='ocrx_word' id='word_1_484' title='bbox 1589 2485 1729 2518; x_wconf 72' lang='lat' dir='ltr'>dicimus</span> <span class='ocrx_word' id='word_1_485' title='bbox 1751 2488 1798 2528; x_wconf 77' lang='lat' dir='ltr'>ly-</span> 
     </span>
     <span class='ocr_line' id='line_1_97' title="bbox 1115 2534 1796 2579; baseline 0.01 -16"><span class='ocrx_word' id='word_1_486' title='bbox 1115 2542 1184 2563; x_wconf 83' lang='lat' dir='ltr'>ram</span> <span class='ocrx_word' id='word_1_487' title='bbox 1202 2538 1379 2573; x_wconf 85' lang='lat' dir='ltr'>percutere</span> <span class='ocrx_word' id='word_1_488' title='bbox 1399 2534 1478 2566; x_wconf 80' lang='grc' dir='ltr'>κατὰ</span> <span class='ocrx_word' id='word_1_489' title='bbox 1491 2534 1590 2576; x_wconf 80' lang='grc' dir='ltr'><strong><em>μέρος,</em></strong></span> <span class='ocrx_word' id='word_1_490' title='bbox 1605 2537 1693 2568; x_wconf 86' lang='lat' dir='ltr'>idem</span> <span class='ocrx_word' id='word_1_491' title='bbox 1709 2538 1796 2579; x_wconf 84' lang='lat' dir='ltr'>quod</span> 
     </span>
     <span class='ocr_line' id='line_1_98' title="bbox 1114 2582 1797 2627; baseline 0.009 -15"><span class='ocrx_word' id='word_1_492' title='bbox 1114 2582 1295 2622; x_wconf 83' lang='lat' dir='ltr'>sigillatim,</span> <span class='ocrx_word' id='word_1_493' title='bbox 1306 2582 1477 2623; x_wconf 82' lang='lat' dir='ltr'>distincte,</span> <span class='ocrx_word' id='word_1_494' title='bbox 1491 2590 1526 2616; x_wconf 85' lang='lat' dir='ltr'>et</span> <span class='ocrx_word' id='word_1_495' title='bbox 1540 2587 1797 2627; x_wconf 73' lang='lat' dir='ltr'>accommodate,</span> 
     </span>
     <span class='ocr_line' id='line_1_99' title="bbox 1113 2631 1794 2676; baseline 0.009 -15"><span class='ocrx_word' id='word_1_496' title='bbox 1113 2631 1210 2662; x_wconf 89' lang='lat' dir='ltr'>modo</span> <span class='ocrx_word' id='word_1_497' title='bbox 1225 2632 1323 2671; x_wconf 85' lang='lat' dir='ltr'>hunc,</span> <span class='ocrx_word' id='word_1_498' title='bbox 1340 2632 1437 2663; x_wconf 87' lang='lat' dir='ltr'>modo</span> <span class='ocrx_word' id='word_1_499' title='bbox 1454 2633 1552 2664; x_wconf 90' lang='lat' dir='ltr'>alium</span> <span class='ocrx_word' id='word_1_500' title='bbox 1575 2638 1675 2676; x_wconf 82' lang='lat' dir='ltr'>atque</span> <span class='ocrx_word' id='word_1_501' title='bbox 1696 2635 1794 2667; x_wconf 80' lang='lat' dir='ltr'>alium</span> 
     </span>
     <span class='ocr_line' id='line_1_100' title="bbox 1112 2681 1796 2724; baseline 0.007 -14"><span class='ocrx_word' id='word_1_502' title='bbox 1112 2681 1193 2720; x_wconf 78' lang='lat' dir='ltr'>lyroe</span> <span class='ocrx_word' id='word_1_503' title='bbox 1209 2690 1347 2711; x_wconf 85' lang='lat' dir='ltr'>nervum</span> <span class='ocrx_word' id='word_1_504' title='bbox 1362 2681 1472 2722; x_wconf 84' lang='lat' dir='ltr'>digitis</span> <span class='ocrx_word' id='word_1_505' title='bbox 1482 2692 1632 2723; x_wconf 79' lang='lat' dir='ltr'>carpere,</span> <span class='ocrx_word' id='word_1_506' title='bbox 1642 2684 1796 2724; x_wconf 84' lang='lat' dir='ltr'>autplec-</span> 
     </span>
     <span class='ocr_line' id='line_1_101' title="bbox 1114 2731 1795 2772; baseline 0.006 -12"><span class='ocrx_word' id='word_1_507' title='bbox 1114 2734 1166 2760; x_wconf 88' lang='lat' dir='ltr'>tro</span> <span class='ocrx_word' id='word_1_508' title='bbox 1190 2731 1330 2767; x_wconf 84' lang='lat' dir='ltr'>tentare,</span> <span class='ocrx_word' id='word_1_509' title='bbox 1354 2735 1389 2762; x_wconf 90' lang='lat' dir='ltr'>et</span> <span class='ocrx_word' id='word_1_510' title='bbox 1411 2731 1472 2762; x_wconf 85' lang='lat' dir='ltr'>hoc</span> <span class='ocrx_word' id='word_1_511' title='bbox 1486 2738 1549 2770; x_wconf 83' lang='lat' dir='ltr'>est,</span> <span class='ocrx_word' id='word_1_512' title='bbox 1561 2731 1646 2772; x_wconf 85' lang='lat' dir='ltr'>quod</span> <span class='ocrx_word' id='word_1_513' title='bbox 1663 2733 1708 2764; x_wconf 78' lang='lat' dir='ltr'>ait</span> <span class='ocrx_word' id='word_1_514' title='bbox 1724 2733 1795 2764; x_wconf 85' lang='lat' dir='ltr'>Ho-</span> 
     </span>
     <span class='ocr_line' id='line_1_102' title="bbox 1114 2778 1794 2814; baseline 0.006 -6"><span class='ocrx_word' id='word_1_515' title='bbox 1114 2783 1175 2810; x_wconf 81' lang='lat' dir='ltr'>rat.</span> <span class='ocrx_word' id='word_1_516' title='bbox 1205 2778 1348 2810; x_wconf 81' lang='lat' dir='ltr'>‘imbelli</span> <span class='ocrx_word' id='word_1_517' title='bbox 1374 2780 1501 2811; x_wconf 81' lang='lat' dir='ltr'>cithara</span> <span class='ocrx_word' id='word_1_518' title='bbox 1532 2782 1678 2812; x_wconf 73' lang='lat' dir='ltr'>carmina</span> <span class='ocrx_word' id='word_1_519' title='bbox 1710 2782 1794 2814; x_wconf 85' lang='lat' dir='ltr'>divi-</span> 
     </span>
    </p>
   </div>
  </div>
 </body>
</html>
