1904 3216
470 251 678 283 uoRATu
713 250 993 283 snumoNUM
1029 251 1122 282 Lis.
1157 252 1208 283 11.
1238 241 1281 283 3.

192 349 234 379 87
259 345 440 387 Frumenti]
478 347 664 378 Maximam
689 346 753 378 vim
776 345 846 377 fru-

149 397 267 429 menti.
309 396 438 437 Africo]
471 396 648 429 Frumenti
680 394 848 427 feracissi-

149 456 216 479 ma.
259 446 334 478 Sive
360 455 418 486 ego
442 447 555 488 prave]
584 445 671 477 Haec
699 445 847 477 Staberii

150 496 255 528 verba
281 506 357 528 esse
386 497 516 538 volunt,
554 505 617 536 ego
647 496 847 537 Damasippi

148 556 223 578 esse
239 546 457 579 crediderim.
501 546 666 578 Horatius
683 546 772 578 enim
790 556 846 578 au-

148 596 224 628 dita
240 601 310 629 tam
325 597 469 629 ridicula
483 595 629 629 Staberii
642 596 796 637 historia,
809 601 848 629 ut

147 647 184 679 in
206 649 338 680 comico
352 657 505 679 sermone
520 646 572 687 fit,
594 650 654 678 aut
674 648 768 678 vultu
789 651 848 679 aut

149 697 251 729 etiam
269 697 379 729 verbis
395 696 592 729 ostenderat
601 695 690 728 forte
703 696 767 728 sibi
781 706 848 728 non

149 747 286 789 probari
300 758 309 778 =
327 748 416 779 alter
431 756 533 778 vero:
558 745 619 786 At,
635 746 758 788 inquit,
774 747 847 778 sive

149 807 266 838 prave,
295 797 368 828 sive
394 801 502 836 recte,
531 796 595 828 hoc
625 797 728 837 volui,
756 796 847 838 quod

147 857 228 879 mox
243 847 376 879 scilicet
390 847 628 879 declaraturus
644 851 718 879 est:
737 852 774 879 tu
791 857 848 879 au·

147 901 229 934 tem,
253 901 423 940 tamqnam
447 901 588 939 patruus
609 901 667 929 aut
682 900 776 929 tutor
791 897 850 934 sis,

148 958 192 980 ne
209 947 443 990 reprehende:
474 947 579 979 credo
602 946 758 988 equidem
783 947 848 978 hoc

149 997 340 1030 Staberium
363 996 551 1039 prudenter
571 996 696 1028 vidisse
711 1006 752 1028 ac
767 1005 847 1027 con-

150 1048 330 1080 siderasse.
373 1046 465 1080 Quid
481 1056 564 1088 ergo
580 1047 685 1078 sensit
700 1046 712 1076 ?
749 1045 848 1086 Haec,

150 1103 190 1130 nt
211 1102 309 1139 puto,
326 1106 484 1138 germana
505 1097 602 1137 hujus
624 1097 692 1128 loci
715 1100 848 1128 senten-

149 1149 199 1180 tia
213 1153 277 1180 est.
323 1147 423 1179 Unde
432 1146 614 1179 manifesto
627 1147 847 1183 convincitur,

150 1209 331 1242 perperam
347 1204 467 1232 contra
481 1201 628 1232 omnium
644 1198 849 1240 exemplari-

149 1259 205 1282 um
221 1249 323 1282 fidem
337 1250 406 1291 legi
421 1260 439 1281 a
455 1250 773 1289 Lambinojusst'sse,
787 1258 850 1290 pro

148 1300 264 1332 vidisse
277 1311 288 1332 :
317 1310 393 1332 cum
424 1301 570 1342 seipsum
599 1301 850 1341 interpretetur

150 1350 326 1382 Horatius.
369 1351 468 1382 Idem
489 1351 578 1383 euim
594 1351 604 1368 ‘
618 1349 764 1382 sentire’
780 1349 851 1390 bic,

150 1402 240 1443 qnod
251 1401 382 1434 videre.
403 1402 544 1434 Torreat.
585 1401 661 1433 Sive
670 1412 726 1442 ego
740 1401 850 1442 prave]

149 1451 346 1484 Staberium
385 1452 434 1484 sic
463 1453 660 1494 loquentem
701 1451 849 1483 inducit.

150 1501 237 1534 Haec
246 1507 298 1533 est
313 1503 434 1534 ultima
448 1511 523 1534 mea
533 1503 703 1543 voluntas,
718 1502 791 1532 sive
805 1500 850 1532 sit

148 1560 267 1593 prava,
281 1553 353 1583 sive
370 1557 478 1584 recta.

191 1603 234 1632 88
258 1601 311 1632 Ne
326 1601 371 1632 sis
380 1600 529 1642 patruus]
554 1601 648 1633 Nota
663 1605 715 1633 est
732 1603 849 1641 patru-

149 1658 244 1682 orum
260 1651 294 1682 in
311 1656 455 1691 nepotes
468 1651 633 1682 severitas
648 1662 656 1681 z
674 1650 763 1681 uude
780 1658 852 1680 me-

149 1699 346 1741 taphorieas
368 1703 502 1741 patruus
527 1709 588 1740 pro
615 1709 756 1731 censore
781 1710 849 1731 mo-

151 1759 226 1781 rum
241 1754 278 1782 et
293 1750 514 1792 objurgatore
529 1751 672 1782 sumitur
685 1761 695 1783 :
711 1751 788 1783 hinc
802 1752 851 1783 ait

152 1799 294 1831 Persius
312 1809 321 1831 ι
362 1800 372 1817 ‘
387 1800 473 1831 Cum
500 1800 650 1840 sapimus
687 1800 851 1841 patruos-³

155 1848 254 1890 Cruq.
301 1849 352 1880 Ne
376 1849 420 1880 sis
440 1849 589 1890 patruus]
614 1849 694 1881 Noli
716 1859 770 1881 me
793 1851 850 1882 ob-

147 1899 305 1940 jurgare,
330 1903 368 1930 ut
389 1899 500 1931 solent
525 1899 637 1940 patrui
657 1909 734 1932 suos
747 1909 850 1942 nepo-

155 1955 220 1980 tes.
268 1949 384 1990 Credo]
401 1949 600 1990 Respondet
612 1949 853 1992 Damasippus,

154 1999 225 2030 sive
237 1999 312 2041 quis
327 1999 423 2031 alins.
468 1998 643 2041 [Angelic.
654 2002 685 2032 1.
695 2001 852 2038 votuihoc.

153 2059 213 2081 neu
224 2049 298 2090 sia]

197 2101 241 2131 89
262 2099 469 2141 Prudentem]
489 2099 635 2132 Ironice.

197 2150 256 2190 [90
278 2150 417 2182 Venett.
434 2152 529 2182 1483.
542 2153 638 2182 1552.
653 2151 850 2193 insculpere]

194 2201 235 2231 91
275 2200 385 2236 Quoad
412 2200 511 2241 vixit]
545 2201 714 2234 Quamdiu
752 2202 849 2234 vixit.

155 2249 263 2290 [Quod
277 2251 318 2282 od
331 2250 417 2282 vixit
431 2250 592 2282 vallicel.
608 2251 655 2291 1.]

196 2305 239 2334 92
261 2301 394 2340 Acrius]
407 2301 503 2332 Nihil
513 2301 605 2332 cavit
619 2301 852 2332 vehementius

157 2361 256 2393 quam
269 2353 521 2391 paupertatem.
566 2350 682 2390 [Vatt.
694 2353 724 2380 l.
737 2353 769 2381 3.
785 2351 853 2381 Ve-

157 2403 245 2431 nett.
269 2401 363 2430 1490.
383 2401 479 2430 1492.
499 2398 596 2431 Jnnt.
617 2401 710 2430 1503.
730 2404 767 2432 et
788 2400 854 2432 Cu-

158 2449 252 2488 ning.
265 2449 313 2480 nil
326 2448 458 2489 acrium]

202 2500 245 2529 93
268 2498 377 2529 Minus
390 2498 580 2539 locuplesJSi
591 2507 657 2530 uno
667 2498 855 2539 quadrante

160 2547 341 2588 pauperior
351 2552 444 2578 esset
454 2552 619 2579 mortuus.

202 2599 246 2628 94
268 2595 423 2637 Nequior]
451 2596 682 2628 Luxuriosior.
730 2598 857 2640 Omnis]

165 2646 251 2679 Haec
266 2645 428 2678 dicuntur
442 2655 485 2677 ex
499 2655 643 2687 persona
656 2647 814 2680 Staberii.

203 2698 246 2727 97
271 2696 383 2726 Clarus
407 2695 484 2735 erit]
521 2696 572 2727 Ex
597 2697 690 2728 avari
711 2697 856 2738 judicio.

162 2745 343 2786 δηρίομαι,
365 2745 460 2776 etiam
474 2748 504 2776 et
525 2745 598 2786 rex]
630 2747 804 2779 Particula
817 2758 855 2780 ne

162 2795 371 2838 reperiturin
380 2794 533 2827 omnibus
541 2796 622 2829 Mss.
630 2797 688 2829 sed
699 2797 854 2830 meliores

1485 243 1596 285 1701

901 347 1180 388 interrogationis
1198 349 1311 379 notam
1323 350 1521 388 apponunt:
1540 347 1600 379 Sa·

900 398 1042 438 piensue?
1057 397 1152 429 etiam
1166 400 1197 429 et
1213 406 1283 438 rex,
1295 397 1339 428 Et
1350 397 1494 438 quicquid
1506 398 1599 429 volet.

899 446 958 478 Ita
979 451 1017 479 ut
1033 457 1053 478 a
1068 448 1194 479 Flacco
1208 447 1478 488 interrumpatur
1489 448 1600 479 conti-

901 507 969 528 nua
991 498 1194 539 Damasippi
1218 497 1349 529 oratio:
1378 498 1435 529 ille
1461 507 1541 529 vero
1564 497 1599 528 id

901 558 1037 591 qnoque
1054 549 1235 588 admittat;
1259 558 1326 580 non
1342 552 1456 580 tamen
1471 558 1514 580 ex
1529 558 1602 589 sna,

901 599 958 640 qui
982 599 1119 631 Stoicus
1142 604 1246 638 esset,
1268 598 1328 630 sed
1349 598 1498 630 Staberii
1525 607 1602 630 sen-

900 649 1021 681 tentia.
1064 649 1135 681 Alii
1158 648 1198 680 τὺ
1218 659 1256 680 ne
1270 648 1427 690 παρέλιπον
1441 658 1515 680 esse
1530 659 1600 680 ma-

899 697 987 738 lunt,
1002 699 1056 729 vel
1069 708 1131 739 pro
1147 703 1156 716 ‘
1170 698 1306 739 utique’
1329 699 1524 739 accipiunt3
1541 699 1601 730 sed

898 748 962 779 hoc
991 748 1091 779 male.
1118 749 1259 779 Torreat.
1302 748 1463 789 [septena
1479 750 1601 788 justus·

899 808 970 839 que,
981 798 1077 830 etium
1092 801 1123 843 qt
1137 808 1195 829 rex
1208 798 1290 830 Vat.
1306 797 1376 838 12.]

942 850 984 879 98
1008 847 1079 879 Hoc
1093 848 1191 879 veluti
1203 848 1322 879 virtute
1333 847 1494 889 puratum]
1527 847 1601 879 Has

899 896 1036 929 divitias
1053 898 1292 929 accumulatas.

943 950 986 979 99
1008 948 1141 987 Magnae
1166 947 1268 988 laudi]
1297 947 1351 979 Ad
1379 947 1521 979 nominis
1550 947 1601 979 sui

901 998 1203 1030 immortalitatem.
1248 998 1346 1039 [Vat.
1360 998 1460 1030 Rom.
1475 1001 1507 1030 6.
1521 1007 1541 1029 a
1555 1007 1601 1029 in.

902 1058 954 1089 pr.
967 1048 1067 1079 sintita
1080 1048 1180 1089 istim]

945 1101 1008 1130 100
1043 1099 1176 1130 Graecus
1203 1098 1400 1139 Aristippus]
1437 1097 1526 1129 Vide
1557 1097 1603 1129 P.

901 1148 1092 1180 Victorium
1113 1158 1195 1180 viu.
1211 1151 1262 1180 18.
1281 1149 1424 1180 Torreat.
1472 1148 1604 1179 Groecus

901 1198 1098 1240 Aristimms]
1123 1198 1320 1240 Aristippus
1340 1198 1493 1230 Socratis
1508 1198 1603 1230 audi-

902 1253 969 1289 tor,
996 1258 1065 1281 non
1095 1249 1238 1280 Graecus
1262 1248 1414 1288 natione,
1439 1248 1499 1280 sed
1525 1247 1603 1279 ideo

902 1300 1046 1332 Graecus
1072 1299 1211 1338 dicitur,
1237 1299 1316 1341 quia
1335 1299 1468 1331 Groecis
1494 1298 1604 1330 literis

892 1349 1156 1394 ⁴philosophatus
1171 1354 1235 1382 est.

946 1402 1008 1432 102
1036 1399 1117 1431 Uter
1136 1399 1199 1440 ese]
1233 1398 1418 1435 Staberius‚
1442 1406 1484 1429 an
1508 1396 1604 1429 Aris·

901 1450 1018 1491 tippus
1033 1450 1046 1480 ?

945 1503 1007 1532 103
1039 1500 1099 1531 Nil
1112 1500 1182 1540 agit
1196 1499 1384 1540 exemplum]
1408 1497 1541 1537 Virtus,
1565 1502 1603 1529 ut

901 1549 936 1581 in
959 1549 1126 1592 Epistolis
1147 1549 1350 1591 videbimus,
1375 1553 1430 1581 est
1453 1547 1603 1581 medium

903 1599 1085 1632 vitiorum:
1109 1600 1168 1641 qui
1194 1609 1277 1640 ergo
1298 1599 1342 1630 de
1363 1599 1475 1630 altero
1506 1598 1604 1630 vitio-

903 1658 978 1679 rum
1007 1652 1200 1689 accusatus,
1229 1653 1354 1688 utpote
1382 1647 1426 1678 de
1457 1647 1604 1679 avaritia

904 1698 1096 1738 Staberius,
1112 1698 1284 1730 contrario
1308 1697 1496 1729 laborantis
1512 1696 1604 1729 forte

905 1748 1072 1790 Aristippi
1088 1749 1245 1789 exemplo
1265 1757 1302 1779 se
1316 1747 1484 1783 defendit,
1498 1751 1604 1789 atque

905 1804 1068 1839 excusat3
1093 1800 1121 1830 is
1144 1797 1315 1840 profecto,
1339 1798 1434 1830 litem
1457 1798 1519 1830 lite
1550 1807 1605 1829 re-

903 1850 1049 1886 solvens,
1073 1849 1153 1880 nihil
1168 1849 1250 1890 agit,
1264 1858 1375 1890 neque
1398 1847 1535 1889 proficit
1555 1848 1605 1879 hi-

904 1900 996 1931 lum:
1019 1909 1085 1931 nou
1109 1900 1216 1940 magis
1238 1908 1337 1941 quam
1364 1899 1472 1931 videri
1498 1898 1605 1941 possit

905 1951 1047 1982 solvisse
1067 1951 1290 1993 quaestionem
1303 1950 1367 1982 sibi
1383 1949 1606 1991 propositam,

903 2001 932 2033 is
949 2002 1007 2044 qui
1032 2002 1210 2033 solutionis
1233 2002 1310 2033 loco
1335 2001 1437 2032 aliam
1458 2010 1525 2032 non
1541 2001 1605 2032 mi-

903 2062 966 2085 nus
993 2052 1168 2085 difficilem
1192 2056 1302 2093 roget·
1347 2051 1425 2084 Hoc
1440 2056 1494 2083 est
1509 2051 1607 2082 nimi-

903 2113 977 2135 rum
990 2103 1079 2145 quod
1096 2103 1191 2134 aiunt
1208 2113 1215 2134 ε
1240 2108 1250 2121 ‘
1267 2103 1356 2133 Dum
1373 2101 1484 2133 vitant
1507 2101 1605 2133 stulti

903 2154 997 2190 vitia,
1027 2153 1061 2184 in
1091 2153 1264 2185 contraria
1289 2155 1432 2183 currunt
1446 2151 1469 2183 :’
1491 2151 1604 2192 ignari

902 2212 1026 2244 nempe
1051 2202 1285 2244 philosophiae.
1311 2202 1456 2233 Torreat.
1500 2201 1606 2232 Litem

902 2254 997 2294 quod]
1021 2252 1122 2286 Quod
1138 2263 1181 2284 ex
1207 2252 1270 2283 lite
1293 2251 1455 2283 dissoluta
1481 2260 1604 2282 novam

904 2303 998 2333 litem
1011 2312 1054 2333 ex
1070 2312 1107 2333 se
1119 2302 1240 2343 gignit.
1271 2300 1398 2341 [Codd.
1413 2310 1469 2341 ap.
1486 2301 1606 2340 Feam,

903 2352 983 2391 quod
995 2351 1109 2391 litem]
1388 2361 1395 2366 ·

949 2403 1012 2432 104
1032 2400 1068 2431 Si
1082 2401 1150 2441 quis
1164 2400 1262 2441 emat]
1288 2399 1430 2430 Ausonii
1457 2399 1606 2440 perlepi-

906 2451 985 2482 dum
998 2451 1236 2491 Epigramma:
1255 2451 1264 2468 ‘
1279 2450 1388 2481 Emtis
1402 2449 1493 2491 quod
1509 2449 1606 2481 libris

904 2501 966 2533 tibi
975 2500 1183 2532 bibliotheca
1193 2499 1322 2532 referta
1333 2500 1554 2540 est,Doctum
1570 2505 1607 2534 et
1663 2539 1666 2542 Δ

907 2550 1176 2582 Grammaticum
1186 2555 1236 2589 te,
1251 2550 1459 2584 Philomuse,
1483 2550 1607 2590 putas?

907 2601 985 2632 Hoc
1001 2609 1124 2640 genere
1137 2605 1174 2631 et
1187 2599 1342 2637 chordas,
1357 2604 1393 2631 et
1410 2599 1553 2640 plectra,
1570 2605 1607 2631 et

906 2650 1041 2682 barbita
1055 2649 1183 2688 conde;
1206 2650 1382 2681 Mercator
1402 2648 1517 2688 bodie,
1530 2659 1606 2682 cras

908 2699 1114 2732 citharoedus
1128 2698 1218 2730 eris)
1237 2699 1378 2731 Torreat.

950 2751 1030 2792 [105
1058 2749 1217 2791 Angelic.
1244 2752 1277 2781 2.
1301 2750 1371 2781 Nec
1394 2749 1523 2781 eithara:
1539 2753 1604 2781 stu-

906 2799 986 2840 dim]
