1890 3230
478 282 999 316 nonsrusannouuu
1031 282 1127 315 mn.
1160 283 1214 314 11.
1241 273 1283 314 4.

135 380 293 422 uiasque,
322 382 359 411 et
387 378 560 419 insulsius,
594 376 836 419 interpretabi-

135 439 231 462 mur:
271 439 292 461 a
318 428 487 461 coloribus
516 428 634 467 ducta,
669 431 708 459 ut
737 430 835 467 puto,

135 479 354 521 Metapbora,
370 488 453 521 quos
468 487 546 510 cum
562 476 655 518 pleni
669 485 710 508 ac
725 476 834 507 saturi

133 534 215 562 sunt
231 529 418 565 laudamus,
431 529 556 560 dilutos
571 526 720 559 minime.
749 525 832 558 Gel-

132 579 199 610 lius
223 588 286 612 xx.
316 581 347 610 1.
377 578 434 610 ubi
460 579 505 610 de
528 586 595 610 xrr.
617 575 724 608 Tabb.
751 577 832 616 agit.

132 629 262 670 Irriguo
275 628 357 661 nihi!
367 632 416 660 est
427 628 542 661 elutius
555 626 659 667 horto]
679 626 832 668 Scripse-

132 683 188 712 rat
201 679 328 721 absque
352 679 455 711 dubio
469 677 593 717 Poeta,
613 676 733 716 irrigui
751 677 833 709 nihil

128 729 414 764 mani-chorei.
459 728 584 760 Melius
607 726 651 758 ad
669 731 830 759 mentem.

132 779 229 812 Nihil
243 783 297 812 est
319 779 446 811 elutius
468 777 558 809 horti
579 776 699 816 irrigui
722 777 831 808 caule.

129 827 246 860 Heius.
284 827 413 867 Irriguo
427 827 508 858 nihil
520 825 582 866 est]
602 826 694 858 Nihil
712 830 764 857 est
779 826 829 857 in-

126 877 271 918 sipidius
294 877 392 910 caule
418 875 570 908 hortensi
594 875 710 907 multis
734 875 829 917 aquis

127 926 284 966 irrigato.
776 954 781 956 .

169 978 211 1008 1⁷
246 976 286 1008 Si
312 974 520 1016 vespertinus]
558 974 614 1007 Sic
650 974 684 1006 in
715 975 828 1016 Epist.

127 1026 139 1044 ⁴
152 1026 294 1059 Gnavus
310 1034 409 1058 mane
425 1024 549 1066 forum,
561 1030 596 1057 et
614 1026 828 1066 vespertinus

127 1081 208 1118 pete
225 1075 379 1109 tectum!
424 1076 570 1117 Elegans
593 1086 729 1118 quoque
751 1086 826 1108 ver·

125 1125 207 1158 bum
222 1126 233 1143 ⁴
244 1134 446 1166 responsare
458 1125 573 1166 palato
583 1125 605 1164 ;'
617 1130 654 1157 nt
667 1130 676 1144 ¹
691 1135 828 1167 respon·

125 1184 203 1206 sare
219 1173 460 1215 cupidinibus,’
479 1174 490 1191 ‘
502 1183 703 1214 responsare
719 1173 827 1206 fortu-

124 1224 205 1263 nae,'
227 1234 289 1266 pro
309 1224 416 1257 obniti
431 1229 467 1255 et
483 1224 654 1256 reluctari.
679 1225 825 1258 Tor-rent.

124 1274 166 1306 Sa·
179 1273 390 1315 vespertinus]
406 1274 443 1306 Si
467 1274 604 1315 vesperi
626 1275 749 1316 hospes
766 1275 825 1307 ad-

124 1325 272 1357 venerit.

167 1376 210 1406 18
233 1374 405 1415 Responsa
421 1375 500 1405 dura
512 1373 632 1415 palato]
657 1374 711 1407 Ne
728 1375 825 1414 galli-

123 1433 168 1455 na
192 1424 279 1456 male
301 1424 503 1456 adversetur
521 1423 652 1464 palato,
665 1429 701 1455 et
717 1423 824 1456 fauci-

123 1472 188 1504 bus
202 1474 404 1506 reluctetur.

166 1525 208 1554 19
229 1522 351 1555 Doctus
363 1523 443 1563 eris]
462 1523 574 1554 Nosse
591 1523 708 1554 debes.
738 1524 822 1555 Mis—

120 1575 153 1602 to
174 1571 325 1612 nermo]
358 1572 505 1604 Falerno
535 1582 613 1604 cum
651 1583 741 1614 aqua
772 1573 822 1604 di-

118 1620 206 1653 luto.

160 1674 205 1704 2⁰
227 1671 300 1704 Hoc
313 1675 452 1704 teneram
462 1671 583 1711 faciet]
609 1671 659 1704 Ac
677 1673 820 1712 proinde

119 1722 172 1755 ori
188 1731 230 1754 ac
245 1722 421 1754 stomacho
443 1727 480 1752 et
503 1721 670 1761 aptiorem
692 1726 728 1752 et
744 1731 820 1761 gra-

119 1771 255 1803 tiorem.
298 1770 309 1788 ‘
327 1770 517 1801 Tenernm'
545 1770 648 1810 igitur
676 1769 711 1801 in
734 1770 820 1801 cibis

119 1821 306 1862 opponitur
319 1821 329 1838 4
345 1819 455 1851 duro!
491 1819 609 1851 Graeci
622 1818 754 1860 τακερὸν
767 1819 820 1851 καὶ

118 1870 254 1912 ψαθνρδν
266 1869 317 1902 καὶ
332 1869 454 1905 ἁπαλὸν
470 1874 602 1901 vocant.
647 1870 726 1901 Pet.
739 1871 819 1901 Vic-

117 1922 226 1953 torius
238 1929 369 1953 xxxix.
381 1922 413 1951 3.
445 1919 547 1951 Nunc
563 1929 696 1960 quoque
712 1920 818 1952 inciso

114 1975 256 2012 gutture
279 1980 384 2011 capos
410 1970 620 2011 gallinasque
646 1970 681 2000 in
697 1979 817 2011 aquam

116 2021 207 2054 illico
219 2020 388 2062 injiciunt,
397 2025 436 2052 nt
450 2020 657 2061 palpitantes
673 2020 816 2052 morian-

117 2077 185 2110 tur,
200 2080 268 2112 quo
283 2070 469 2102 reddantur
491 2070 699 2102 teneriores:
725 2071 814 2112 quod

115 2121 203 2153 haud
228 2120 333 2152 dubie
356 2120 501 2152 celerius
520 2119 581 2152 fiet
595 2120 749 2152 admixto
766 2122 816 2152 vi-

114 2181 172 2212 no,
198 2175 236 2202 nt
262 2170 421 2212 praecipit
446 2170 576 2208 Catius,
591 2170 695 2201 etiam
709 2180 815 2212 mero,

113 2221 176 2253 nisi
205 2221 369 2260 impensae
397 2227 527 2259 parcas.
551 2219 696 2250 Torrent.
740 2220 814 2251 Hoc

112 2269 265 2311 emm]
287 2270 376 2303 Haec
391 2278 445 2302 res
464 2269 669 2301 molliculam
685 2268 813 2303 efficiet

113 2330 261 2352 carnem.
317 2319 528 2351 Pramnio„
555 2319 671 2358 optima
696 2320 814 2359 fungis

114 2368 260 2409 Natura]
276 2368 352 2400 Hoc
365 2376 498 2409 quoque
511 2367 668 2407 ambigue
682 2368 813 2401 dictum

115 2426 180 2453 est.
226 2418 386 2459 Nam'qui
401 2417 463 2449 sub
485 2418 494 2435 ‘
511 2417 739 2457 pratensium’
756 2428 814 2451 no.

115 2471 220 2510 mine,
244 2469 356 2509 fungis
371 2467 488 2500 humili
504 2473 540 2499 et
558 2468 721 2508 uliginoso
737 2470 812 2501 loco

113 2519 205 2552 natis
218 2519 362 2560 palmam
376 2517 516 2554 tribuat,
527 2519 717 2558 praesertim
731 2524 811 2550 tam-

114 2579 216 2611 quam
232 2567 491 2607 salubrioribus,
511 2567 540 2598 is
557 2566 714 2608 profecto
729 2570 813 2601 mul-

114 2626 185 2651 tum
200 2622 306 2651 erret.
348 2617 488 2648 Terram
509 2617 597 2647 enim
613 2623 727 2649 amant
752 2629 814 2660 pu-

113 2675 213 2705 trem,
238 2673 446 2708 tenuemque
471 2668 579 2708 magis
609 2674 645 2699 et
671 2669 812 2712 aeriam,

113 2728 214 2761 quam
226 2717 366 2750 densam
378 2722 480 2759 atque
494 2717 654 2758 pinguem
663 2728 673 2757 ς
682 2719 718 2749 1ιί
729 2729 813 2760 prae.

113 2769 230 2801 sertim
246 2768 304 2809 qui
319 2767 448 2798 innoxii
461 2767 640 2798 habentur.
664 2772 672 2785 ¹
684 2768 791 2801 Prata
802 2769 812 2784 '

111 2828 192 2851 vero
209 2818 314 2851 etiam
329 2818 364 2850 in
379 2817 549 2849 montibus
563 2826 637 2849 esse
652 2825 810 2860 possunt:

1474 275 1588 318 1719

886 385 965 408 cum
993 375 1037 408 ab
1062 386 1124 408 usu
1148 375 1266 407 villici
1291 374 1334 407 ad
1357 373 1485 407 foenum
1510 377 1587 409 ber-

886 425 1043 468 bamque,
1058 435 1124 457 non
1141 435 1162 458 a
1177 425 1244 457 situ
1258 425 1331 467 ipso
1347 425 1586 466 appellentur-3

885 485 950 508 nec
972 476 1052 508 ideo
1072 476 1182 508 minus
1205 480 1305 516 prata
1328 475 1409 516 sint,
1427 474 1516 517 quod
1533 484 1585 507 ar-

885 526 986 558 bores
1002 535 1136 567 quoqne
1150 524 1277 558 ferant.
1304 526 1446 558 Tor-rent.

925 579 966 608 21
991 576 1078 608 Aliis
1091 577 1171 608 male
1189 576 1346 618 creditur]
1365 575 1453 608 Aliis
1474 574 1585 618 fungis

883 627 1111 667 periculosum
1129 631 1181 658 est
1198 627 1300 658 vesci.

924 679 966 708 22
991 676 1057 712 Qui
1078 676 1181 716 nigris
1201 677 1334 717 prandia
1349 676 1444 708 moris
1461 675 1584 717 finiet]

882 725 963 757 Non
980 727 1088 758 minor
1107 736 1210 767 super
1232 726 1330 758 moris
1352 734 1452 768 quam
1465 725 1585 766 fungis

878 775 1061 808 altercatio
1077 780 1150 808 est:
1174 785 1250 807 nam
1266 777 1324 816 qui
1340 776 1429 807 Catii
1455 775 1583 807 doctri-

879 834 958 857 nam
980 823 1160 861 defendat,
1176 824 1204 855 is
1221 824 1388 855 Galenum
1413 834 1489 855 cum
1508 829 1583 856 tota

880 873 1086 905 medicorum
1104 878 1208 914 gente
1223 874 1375 914 graviter
1386 872 1582 905 offenderit.

825 934 829 938 ·
878 924 888 941 ‘
904 922 1020 955 Mora’
1043 923 1144 959 enim,
1169 923 1258 964 quod
1289 923 1414 955 leviter
1440 922 1581 965 refrige-

878 978 969 1015 rent,
1001 983 1108 1005 vacuo
1138 972 1259 1005 inferri
1289 973 1482 1005 ventriculo
1511 983 1580 1006 non

878 1023 1075 1064 improbant
1089 1034 1097 1054 ε
1123 1027 1159 1054 at
1174 1024 1263 1055 mala
1278 1023 1538 1063 comminantur,
1552 1024 1581 1055 si

879 1077 956 1114 post
973 1073 1038 1104 alia
1054 1072 1183 1104 cibaria
1199 1077 1386 1104 sumantur.
1430 1073 1509 1105 Hoc
1524 1082 1582 1104 ve·

879 1123 936 1154 riti
964 1121 1108 1154 fortasse
1125 1122 1308 1154 Turnebus
1331 1126 1368 1153 et
1394 1122 1512 1154 Lamb.
1531 1121 1580 1153 nil

876 1177 1006 1214 praeter
1026 1182 1119 1204 mora
1137 1172 1298 1213 pranderi
1314 1172 1439 1204 debere
1461 1173 1578 1204 aiunt:

876 1233 952 1264 quae
970 1221 1127 1264 profecto
1143 1224 1312 1254 sententia
1328 1233 1396 1254 non
1414 1229 1484 1254 tam
1497 1222 1578 1254 ridi-

875 1274 954 1304 cula
979 1278 1042 1312 est,
1065 1283 1164 1314 quam
1191 1273 1342 1304 nonnulli
1371 1273 1580 1314 existimant,

876 1324 904 1354 si
921 1323 964 1354 de
981 1323 1112 1359 aestivo,
1127 1324 1190 1355 hoc
1207 1328 1273 1363 est,
1288 1323 1460 1355 levissimo
1478 1333 1579 1364 pran-

876 1373 932 1404 dio
946 1374 1056 1405 locum
1073 1373 1162 1404 hunc
1178 1373 1467 1415 interpretemur:
1485 1374 1578 1415 quali

874 1425 908 1456 in
938 1425 1076 1456 summis
1106 1425 1277 1456 caloribus
1317 1427 1470 1456 contenti
1503 1435 1576 1457 esse

874 1476 1015 1515 debent,
1038 1476 1096 1516 qui
1124 1476 1255 1516 prolixe
1282 1476 1450 1507 coenaturi
1476 1480 1576 1508 sunt:

874 1529 978 1565 atque
1007 1534 1061 1565 ea,
1091 1524 1127 1555 ni
1157 1524 1271 1561 fallor,
1301 1525 1433 1556 ratione
1464 1529 1577 1556 sumta

873 1583 964 1605 mora
981 1574 1145 1605 adversus
1160 1578 1280 1605 aestum
1298 1574 1478 1615 plurimum
1495 1585 1576 1616 pro-

871 1623 1010 1655 fuerint.
1047 1624 1126 1656 Jam
1144 1633 1224 1655 vero
1241 1628 1322 1655 ante
1338 1625 1441 1655 solern
1459 1625 1574 1665 legen-

871 1674 914 1704 da
930 1683 1018 1710 esse,
1033 1683 1098 1705 nec
1120 1674 1245 1704 medici
1262 1674 1472 1714 negaverint.
1497 1675 1573 1706 Tor-

870 1727 951 1754 rent.
996 1722 1164 1763 [Chisian.
1178 1725 1207 1753 1.
1224 1727 1260 1754 et
1275 1723 1432 1754 Vallicel.
1449 1726 1480 1754 3.
1503 1733 1575 1764 per-

870 1771 971 1812 agit]
1558 1796 1570 1803 ι

914 1824 955 1853 23
985 1821 1104 1862 Finiec]
1126 1820 1350 1853 Tei-minabit.
1395 1821 1479 1853 Ante
1497 1832 1572 1862 gra-

869 1881 938 1903 vem
961 1871 1046 1913 quae]
1071 1871 1157 1904 Quae
1180 1880 1279 1903 mane
1303 1881 1347 1903 ex
1369 1871 1491 1903 arbore
1514 1872 1574 1904 de·

870 1922 1050 1962 cerpserit.
1559 1943 1562 1947 ⁴

909 1975 953 2004 24
970 1972 1064 2004 Furti
1078 1972 1224 2004 miscebat
1238 1973 1330 2004 mella
1343 1973 1494 2014 Falerno]
1511 1973 1570 2004 vi·

867 2022 902 2053 ni
917 2022 1052 2063 quidem
1066 2023 1304 2054 austeritatem
1319 2027 1454 2054 veteres
1469 2023 1571 2054 melle

868 2073 1116 2114 temperabant,
1142 2073 1232 2114 quod
1255 2078 1291 2104 et
1319 2073 1414 2113 Virg.
1438 2074 1572 2112 docuit;

866 2132 930 2154 nec
942 2129 1175 2164 temperatura
1190 2124 1324 2163 melior,
1338 2133 1436 2164 quam
1453 2124 1510 2155 illa
1526 2122 1569 2154 de

865 2182 933 2213 qua
962 2173 1127 2204 Horatius
1157 2173 1229 2204 Sat.
1253 2176 1284 2204 2.
1308 2173 1366 2204 lib.
1388 2182 1429 2204 11.
1465 2174 1475 2190 4
1492 2173 1570 2204 Nisi

864 2223 1046 2264 Hymettia
1068 2223 1170 2254 mella
1192 2223 1338 2254 Falerno
1362 2222 1418 2253 Ne
1442 2222 1569 2254 biberis

864 2273 995 2306 diluta.’
1031 2274 1160 2305 Verum
1177 2273 1220 2304 de
1236 2278 1245 2291 ‘
1261 2273 1470 2314 promulside
1483 2272 1492 2286 '
1512 2273 1568 2304 hic

865 2324 992 2364 agitur,
1008 2323 1099 2363 quod
1125 2328 1162 2353 et
1187 2323 1264 2363 ipsa
1288 2324 1456 2364 praecepti
1481 2324 1569 2355 ratio

864 2370 1046 2402 manifeste
1062 2371 1231 2410 ostendit,
1244 2375 1279 2402 et
1295 2375 1391 2403 recte
1406 2372 1568 2403 observa·

865 2421 914 2452 vit
926 2420 1105 2452 Turnebus
1123 2429 1150 2451 1.
1164 2422 1217 2451 23.
1260 2420 1359 2451 Inter
1377 2421 1387 2438 ‘
1401 2420 1567 2452 mulsum'

864 2475 978 2502 autem
1003 2474 1040 2500 et
1060 2470 1070 2487 ‘
1085 2469 1347 2510 promulsidem’
1371 2469 1568 2502 differentia

863 2530 929 2551 non
957 2521 992 2552 in
1023 2529 1062 2552 re
1091 2520 1189 2561 ipsa;
1225 2529 1302 2552 nam
1333 2521 1343 2538 ‘
1367 2521 1569 2562 promulsis'

862 2571 966 2601 etiam
988 2570 999 2588 ⁶
1016 2569 1180 2602 mulsum’
1203 2575 1270 2611 est,
1293 2569 1353 2601 sed
1375 2570 1408 2601 in
1428 2579 1469 2602 eo
1493 2575 1566 2602 tan·

862 2625 933 2652 tum
950 2620 1121 2658 consistit,
1136 2619 1227 2661 qnod
1251 2620 1362 2659 prima
1383 2629 1490 2651 coenae
1506 2629 1567 2661 po-

863 2672 911 2703 tio
943 2670 1081 2712 proprie
1106 2671 1116 2688 ‘
1134 2669 1333 2711 promulsis’
1363 2669 1563 2702 dicebatur:

861 2732 962 2763 quam
993 2721 1154 2753 leviorem
1183 2729 1259 2752 esse
1287 2719 1414 2752 debere
1442 2721 1563 2752 merito

862 2773 992 2804 indicat
1007 2772 1251 2812 Catius‚atque
1263 2770 1350 2802 adeo
1362 2770 1460 2802 multi
1472 2770 1563 2811 prin·

863 2823 952 2865 cipio
982 2831 1107 2854 mensae
1138 2830 1205 2853 non
1235 2830 1278 2852 ex
1308 2820 1398 2858 vino,
1426 2820 1486 2852 sed
1517 2830 1560 2852 ex
