<?xml version="1.0" encoding="UTF-8"?>
<!DOCTYPE html PUBLIC "-//W3C//DTD XHTML 1.0 Transitional//EN"
    "http://www.w3.org/TR/xhtml1/DTD/xhtml1-transitional.dtd">
<html xmlns="http://www.w3.org/1999/xhtml" xml:lang="en" lang="en">
 <head>
  <title>
</title>
<meta http-equiv="Content-Type" content="text/html;charset=utf-8" />
  <meta name='ocr-system' content='tesseract 3.04.00' />
  <meta name='ocr-capabilities' content='ocr_page ocr_carea ocr_par ocr_line ocrx_word'/>
</head>
<body>
  <div class='ocr_page' id='page_1' title='image "./operazeune03horauoft/operazeune03horauoft_0492.png"; bbox 0 0 1930 3204; ppageno 0'>
   <div class='ocr_carea' id='block_1_1' title="bbox 397 277 506 319">
    <p class='ocr_par' dir='ltr' id='par_1_1' title="bbox 397 277 506 319">
     <span class='ocr_line' id='line_1_1' title="bbox 397 277 506 319; baseline 0 0"><span class='ocrx_word' id='word_1_1' title='bbox 397 277 506 319; x_wconf 77' lang='lat'>1638</span> 
     </span>
    </p>
   </div>
   <div class='ocr_carea' id='block_1_2' title="bbox 385 376 1082 2808">
    <p class='ocr_par' dir='ltr' id='par_1_2' title="bbox 388 376 1082 1391">
     <span class='ocr_line' id='line_1_2' title="bbox 390 376 1080 420; baseline -0.003 -9"><span class='ocrx_word' id='word_1_2' title='bbox 390 379 475 420; x_wconf 76' lang='lat' dir='ltr'>phis]</span> <span class='ocrx_word' id='word_1_3' title='bbox 499 379 612 411; x_wconf 81' lang='lat' dir='ltr'>Rideri</span> <span class='ocrx_word' id='word_1_4' title='bbox 631 386 651 409; x_wconf 81' lang='lat' dir='ltr'>a</span> <span class='ocrx_word' id='word_1_5' title='bbox 666 377 844 409; x_wconf 76' lang='lat' dir='ltr'>vaferrimo</span> <span class='ocrx_word' id='word_1_6' title='bbox 859 377 967 410; x_wconf 67' lang='lat' dir='ltr'>Poeta</span> <span class='ocrx_word' id='word_1_7' title='bbox 987 376 1080 410; x_wconf 83' lang='lat' dir='ltr'>Gna-</span> 
     </span>
     <span class='ocr_line' id='line_1_3' title="bbox 396 425 1082 468; baseline -0.003 -8"><span class='ocrx_word' id='word_1_8' title='bbox 396 429 519 467; x_wconf 66' lang='lat' dir='ltr'>nanos,</span> <span class='ocrx_word' id='word_1_9' title='bbox 535 434 692 468; x_wconf 86' lang='lat' dir='ltr'>tauquam</span> <span class='ocrx_word' id='word_1_10' title='bbox 708 425 864 467; x_wconf 86' lang='lat' dir='ltr'>furiosos,</span> <span class='ocrx_word' id='word_1_11' title='bbox 879 427 961 458; x_wconf 81' lang='lat' dir='ltr'>satis</span> <span class='ocrx_word' id='word_1_12' title='bbox 981 436 1000 458; x_wconf 94' lang='lat' dir='ltr'>e</span> <span class='ocrx_word' id='word_1_13' title='bbox 1026 435 1082 458; x_wconf 83' lang='lat' dir='ltr'>se·</span> 
     </span>
     <span class='ocr_line' id='line_1_4' title="bbox 394 475 1079 518; baseline -0.004 -9"><span class='ocrx_word' id='word_1_14' title='bbox 394 478 573 518; x_wconf 85' lang='lat' dir='ltr'>quentibus</span> <span class='ocrx_word' id='word_1_15' title='bbox 603 479 757 516; x_wconf 84' lang='lat' dir='ltr'>apparet.</span> <span class='ocrx_word' id='word_1_16' title='bbox 801 476 888 507; x_wconf 90' lang='lat' dir='ltr'>Nam</span> <span class='ocrx_word' id='word_1_17' title='bbox 919 475 1079 516; x_wconf 84' lang='lat' dir='ltr'>quemad-</span> 
     </span>
     <span class='ocr_line' id='line_1_5' title="bbox 393 523 1077 564; baseline -0.003 -7"><span class='ocrx_word' id='word_1_18' title='bbox 393 527 528 557; x_wconf 89' lang='lat' dir='ltr'>modum</span> <span class='ocrx_word' id='word_1_19' title='bbox 541 525 729 555; x_wconf 89' lang='lat' dir='ltr'>Vertumno</span> <span class='ocrx_word' id='word_1_20' title='bbox 739 523 825 555; x_wconf 85' lang='lat' dir='ltr'>irato</span> <span class='ocrx_word' id='word_1_21' title='bbox 835 528 932 555; x_wconf 88' lang='lat' dir='ltr'>natus</span> <span class='ocrx_word' id='word_1_22' title='bbox 943 524 1077 564; x_wconf 83' lang='lat' dir='ltr'>dicitur,</span> 
     </span>
     <span class='ocr_line' id='line_1_6' title="bbox 394 572 1079 615; baseline 0 -11"><span class='ocrx_word' id='word_1_23' title='bbox 394 575 450 615; x_wconf 90' lang='lat' dir='ltr'>qui</span> <span class='ocrx_word' id='word_1_24' title='bbox 476 583 567 613; x_wconf 81' lang='lat' dir='ltr'>saepe</span> <span class='ocrx_word' id='word_1_25' title='bbox 595 572 682 603; x_wconf 81' lang='lat' dir='ltr'>verti</span> <span class='ocrx_word' id='word_1_26' title='bbox 707 581 747 603; x_wconf 89' lang='lat' dir='ltr'>ac</span> <span class='ocrx_word' id='word_1_27' title='bbox 769 573 890 604; x_wconf 87' lang='lat' dir='ltr'>mutari</span> <span class='ocrx_word' id='word_1_28' title='bbox 911 573 1008 612; x_wconf 87' lang='lat' dir='ltr'>solet,</span> <span class='ocrx_word' id='word_1_29' title='bbox 1029 573 1079 604; x_wconf 82' lang='lat' dir='ltr'>ita</span> 
     </span>
     <span class='ocr_line' id='line_1_7' title="bbox 392 621 1078 662; baseline -0.001 -9"><span class='ocrx_word' id='word_1_30' title='bbox 392 623 485 653; x_wconf 83' lang='lat' dir='ltr'>iratis</span> <span class='ocrx_word' id='word_1_31' title='bbox 500 621 660 662; x_wconf 83' lang='lat' dir='ltr'>Lymphis</span> <span class='ocrx_word' id='word_1_32' title='bbox 671 621 774 660; x_wconf 85' lang='lat' dir='ltr'>nasci,</span> <span class='ocrx_word' id='word_1_33' title='bbox 789 622 816 652; x_wconf 87' lang='lat' dir='ltr'>is</span> <span class='ocrx_word' id='word_1_34' title='bbox 827 621 884 662; x_wconf 91' lang='lat' dir='ltr'>qui</span> <span class='ocrx_word' id='word_1_35' title='bbox 899 621 1078 662; x_wconf 84' lang='lat' dir='ltr'>lymphati·</span> 
     </span>
     <span class='ocr_line' id='line_1_8' title="bbox 392 669 1080 711; baseline -0.001 -10"><span class='ocrx_word' id='word_1_36' title='bbox 392 680 452 701; x_wconf 86' lang='lat' dir='ltr'>cus</span> <span class='ocrx_word' id='word_1_37' title='bbox 468 675 521 701; x_wconf 84' lang='lat' dir='ltr'>est</span> <span class='ocrx_word' id='word_1_38' title='bbox 535 674 570 701; x_wconf 90' lang='lat' dir='ltr'>et</span> <span class='ocrx_word' id='word_1_39' title='bbox 584 669 737 702; x_wconf 83' lang='lat' dir='ltr'>furiosus.</span> <span class='ocrx_word' id='word_1_40' title='bbox 766 669 916 711; x_wconf 85' lang='lat' dir='ltr'>Ideoque</span> <span class='ocrx_word' id='word_1_41' title='bbox 929 669 1080 710; x_wconf 74' lang='lat' dir='ltr'>Lymphis</span> 
     </span>
     <span class='ocr_line' id='line_1_9' title="bbox 392 719 1078 759; baseline -0.001 -9"><span class='ocrx_word' id='word_1_42' title='bbox 392 719 500 759; x_wconf 72' lang='lat' dir='ltr'>iratis,</span> <span class='ocrx_word' id='word_1_43' title='bbox 516 727 582 750; x_wconf 90' lang='lat' dir='ltr'>non</span> <span class='ocrx_word' id='word_1_44' title='bbox 604 719 756 758; x_wconf 74' lang='lat' dir='ltr'>Nymphis</span> <span class='ocrx_word' id='word_1_45' title='bbox 777 722 830 750; x_wconf 84' lang='lat' dir='ltr'>est</span> <span class='ocrx_word' id='word_1_46' title='bbox 851 719 1024 758; x_wconf 88' lang='lat' dir='ltr'>scriptum,</span> <span class='ocrx_word' id='word_1_47' title='bbox 1039 723 1078 749; x_wconf 91' lang='lat' dir='ltr'>ut</span> 
     </span>
     <span class='ocr_line' id='line_1_10' title="bbox 392 766 1077 807; baseline 0.001 -9"><span class='ocrx_word' id='word_1_48' title='bbox 392 767 434 798; x_wconf 87' lang='lat' dir='ltr'>ad</span> <span class='ocrx_word' id='word_1_49' title='bbox 470 767 579 807; x_wconf 84' lang='lat' dir='ltr'>ipsum</span> <span class='ocrx_word' id='word_1_50' title='bbox 615 766 709 798; x_wconf 75' lang='grc' dir='ltr'><strong><em>πάθος</em></strong></span> <span class='ocrx_word' id='word_1_51' title='bbox 741 766 879 798; x_wconf 86' lang='lat' dir='ltr'>alludat.</span> <span class='ocrx_word' id='word_1_52' title='bbox 916 767 1077 799; x_wconf 72' lang='lat' dir='ltr'><strong><em>Heinsius.</em></strong></span> 
     </span>
     <span class='ocr_line' id='line_1_11' title="bbox 394 815 1078 856; baseline 0 -10"><span class='ocrx_word' id='word_1_53' title='bbox 394 815 515 847; x_wconf 79' lang='lat' dir='ltr'>Gnatia</span> <span class='ocrx_word' id='word_1_54' title='bbox 537 816 686 856; x_wconf 78' lang='lat' dir='ltr'>Lymphis</span> <span class='ocrx_word' id='word_1_55' title='bbox 706 815 803 847; x_wconf 78' lang='lat' dir='ltr'>Iratis</span> <span class='ocrx_word' id='word_1_56' title='bbox 824 815 981 855; x_wconf 74' lang='lat' dir='ltr'>extructa]</span> <span class='ocrx_word' id='word_1_57' title='bbox 1012 816 1078 847; x_wconf 86' lang='lat' dir='ltr'>Ea·</span> 
     </span>
     <span class='ocr_line' id='line_1_12' title="bbox 392 863 1075 904; baseline 0.003 -10"><span class='ocrx_word' id='word_1_58' title='bbox 392 863 469 895; x_wconf 84' lang='lat' dir='ltr'>dem</span> <span class='ocrx_word' id='word_1_59' title='bbox 492 873 566 904; x_wconf 84' lang='lat' dir='ltr'>quae</span> <span class='ocrx_word' id='word_1_60' title='bbox 594 864 738 904; x_wconf 84' lang='lat' dir='ltr'>Egnatia</span> <span class='ocrx_word' id='word_1_61' title='bbox 764 864 932 903; x_wconf 81' lang='lat' dir='ltr'>Straboni,</span> <span class='ocrx_word' id='word_1_62' title='bbox 959 865 1075 896; x_wconf 90' lang='lat' dir='ltr'>Ptolo-</span> 
     </span>
     <span class='ocr_line' id='line_1_13' title="bbox 390 913 1076 952; baseline 0 -9"><span class='ocrx_word' id='word_1_63' title='bbox 390 922 488 948; x_wconf 79' lang='lat' dir='ltr'>maeo,</span> <span class='ocrx_word' id='word_1_64' title='bbox 499 913 624 952; x_wconf 84' lang='lat' dir='ltr'>Plinio,</span> <span class='ocrx_word' id='word_1_65' title='bbox 635 918 670 943; x_wconf 87' lang='lat' dir='ltr'>et</span> <span class='ocrx_word' id='word_1_66' title='bbox 684 913 768 950; x_wconf 79' lang='lat' dir='ltr'>aliis,</span> <span class='ocrx_word' id='word_1_67' title='bbox 781 913 853 951; x_wconf 83' lang='lat' dir='ltr'>ipsa</span> <span class='ocrx_word' id='word_1_68' title='bbox 865 921 996 952; x_wconf 86' lang='lat' dir='ltr'>quoque</span> <span class='ocrx_word' id='word_1_69' title='bbox 1009 922 1076 943; x_wconf 85' lang='lat' dir='ltr'>ma-</span> 
     </span>
     <span class='ocr_line' id='line_1_14' title="bbox 390 960 1076 1000; baseline 0 -10"><span class='ocrx_word' id='word_1_70' title='bbox 390 961 515 1000; x_wconf 85' lang='lat' dir='ltr'>ritima,</span> <span class='ocrx_word' id='word_1_71' title='bbox 531 960 639 991; x_wconf 88' lang='lat' dir='ltr'>media</span> <span class='ocrx_word' id='word_1_72' title='bbox 654 960 742 991; x_wconf 87' lang='lat' dir='ltr'>inter</span> <span class='ocrx_word' id='word_1_73' title='bbox 763 961 895 990; x_wconf 87' lang='lat' dir='ltr'>Barium</span> <span class='ocrx_word' id='word_1_74' title='bbox 912 965 947 991; x_wconf 88' lang='lat' dir='ltr'>et</span> <span class='ocrx_word' id='word_1_75' title='bbox 968 961 1076 991; x_wconf 90' lang='lat' dir='ltr'>Brun-</span> 
     </span>
     <span class='ocr_line' id='line_1_15' title="bbox 390 1007 1076 1048; baseline 0 -10"><span class='ocrx_word' id='word_1_76' title='bbox 390 1008 523 1048; x_wconf 81' lang='lat' dir='ltr'>disium,</span> <span class='ocrx_word' id='word_1_77' title='bbox 535 1009 631 1039; x_wconf 82' lang='lat' dir='ltr'>iratis</span> <span class='ocrx_word' id='word_1_78' title='bbox 654 1007 814 1048; x_wconf 80' lang='lat' dir='ltr'>Lymphis</span> <span class='ocrx_word' id='word_1_79' title='bbox 831 1012 1018 1047; x_wconf 81' lang='lat' dir='ltr'>exstructa,</span> <span class='ocrx_word' id='word_1_80' title='bbox 1033 1008 1076 1040; x_wconf 90' lang='lat' dir='ltr'>ob</span> 
     </span>
     <span class='ocr_line' id='line_1_16' title="bbox 391 1057 1073 1098; baseline 0.001 -11"><span class='ocrx_word' id='word_1_81' title='bbox 391 1066 486 1097; x_wconf 83' lang='lat' dir='ltr'>aquae</span> <span class='ocrx_word' id='word_1_82' title='bbox 509 1057 616 1089; x_wconf 83' lang='lat' dir='ltr'>dulcis</span> <span class='ocrx_word' id='word_1_83' title='bbox 640 1057 825 1098; x_wconf 85' lang='lat' dir='ltr'>penuriam.</span> <span class='ocrx_word' id='word_1_84' title='bbox 866 1057 1073 1097; x_wconf 86' lang='lat' dir='ltr'>‘Lymphas’</span> 
     </span>
     <span class='ocr_line' id='line_1_17' title="bbox 390 1105 1076 1147; baseline 0.001 -11"><span class='ocrx_word' id='word_1_85' title='bbox 390 1106 478 1137; x_wconf 89' lang='lat' dir='ltr'>enim</span> <span class='ocrx_word' id='word_1_86' title='bbox 494 1109 644 1137; x_wconf 90' lang='lat' dir='ltr'>veterum</span> <span class='ocrx_word' id='word_1_87' title='bbox 667 1114 759 1137; x_wconf 88' lang='lat' dir='ltr'>more</span> <span class='ocrx_word' id='word_1_88' title='bbox 783 1115 844 1147; x_wconf 90' lang='lat' dir='ltr'>pro</span> <span class='ocrx_word' id='word_1_89' title='bbox 864 1105 874 1123; x_wconf 93' lang='lat'>‘</span> <span class='ocrx_word' id='word_1_90' title='bbox 886 1105 1052 1146; x_wconf 82' lang='lat' dir='ltr'>Nymphis</span> <span class='ocrx_word' id='word_1_91' title='bbox 1067 1105 1076 1119; x_wconf 88' lang='lat'><em>’</em></span> 
     </span>
     <span class='ocr_line' id='line_1_18' title="bbox 389 1154 1075 1195; baseline 0 -10"><span class='ocrx_word' id='word_1_92' title='bbox 389 1154 475 1186; x_wconf 83' lang='lat' dir='ltr'>dixit</span> <span class='ocrx_word' id='word_1_93' title='bbox 489 1154 672 1187; x_wconf 80' lang='lat' dir='ltr'>Horatius:</span> <span class='ocrx_word' id='word_1_94' title='bbox 697 1155 784 1186; x_wconf 86' lang='lat' dir='ltr'>unde</span> <span class='ocrx_word' id='word_1_95' title='bbox 801 1160 837 1186; x_wconf 89' lang='lat' dir='ltr'>et</span> <span class='ocrx_word' id='word_1_96' title='bbox 855 1154 866 1172; x_wconf 88' lang='lat'>‘</span> <span class='ocrx_word' id='word_1_97' title='bbox 878 1154 1075 1195; x_wconf 82' lang='lat' dir='ltr'>Lymphati’</span> 
     </span>
     <span class='ocr_line' id='line_1_19' title="bbox 390 1202 1077 1245; baseline 0.003 -11"><span class='ocrx_word' id='word_1_98' title='bbox 390 1203 530 1244; x_wconf 83' lang='lat' dir='ltr'>Latinis,</span> <span class='ocrx_word' id='word_1_99' title='bbox 544 1205 600 1245; x_wconf 83' lang='lat' dir='ltr'>qui</span> <span class='ocrx_word' id='word_1_100' title='bbox 618 1204 748 1235; x_wconf 69' lang='lat' dir='ltr'>Graecis</span> <span class='ocrx_word' id='word_1_101' title='bbox 763 1202 1000 1244; x_wconf 81' lang='grc' dir='ltr'>Νυμφόληπτοι,</span> <span class='ocrx_word' id='word_1_102' title='bbox 1011 1209 1077 1236; x_wconf 87' lang='lat' dir='ltr'>tes-</span> 
     </span>
     <span class='ocr_line' id='line_1_20' title="bbox 391 1253 1078 1285; baseline 0.003 -3"><span class='ocrx_word' id='word_1_103' title='bbox 391 1256 426 1283; x_wconf 92' lang='lat' dir='ltr'>te</span> <span class='ocrx_word' id='word_1_104' title='bbox 451 1253 564 1285; x_wconf 85' lang='lat' dir='ltr'>Festo.</span> <span class='ocrx_word' id='word_1_105' title='bbox 587 1254 663 1285; x_wconf 85' lang='lat' dir='ltr'>Pet.</span> <span class='ocrx_word' id='word_1_106' title='bbox 692 1253 818 1285; x_wconf 89' lang='lat' dir='ltr'>Nauuii</span> <span class='ocrx_word' id='word_1_107' title='bbox 845 1253 994 1285; x_wconf 83' lang='lat' dir='ltr'>Miscell.</span> <span class='ocrx_word' id='word_1_108' title='bbox 1019 1253 1078 1285; x_wconf 85' lang='lat' dir='ltr'>lib.</span> 
     </span>
     <span class='ocr_line' id='line_1_21' title="bbox 388 1302 1078 1344; baseline 0.004 -12"><span class='ocrx_word' id='word_1_109' title='bbox 388 1310 441 1332; x_wconf 80' lang='lat' dir='ltr'>xv.</span> <span class='ocrx_word' id='word_1_110' title='bbox 467 1303 608 1334; x_wconf 74' lang='lat' dir='ltr'>Tor-rent.</span> <span class='ocrx_word' id='word_1_111' title='bbox 653 1302 774 1334; x_wconf 76' lang='lat' dir='ltr'>Gnatia</span> <span class='ocrx_word' id='word_1_112' title='bbox 787 1302 934 1344; x_wconf 79' lang='lat' dir='ltr'>lymphis]</span> <span class='ocrx_word' id='word_1_113' title='bbox 950 1303 1078 1335; x_wconf 76' lang='lat' dir='ltr'>Gnatia</span> 
     </span>
     <span class='ocr_line' id='line_1_22' title="bbox 389 1351 850 1391; baseline 0.004 -11"><span class='ocrx_word' id='word_1_114' title='bbox 389 1355 440 1381; x_wconf 82' lang='lat' dir='ltr'>est</span> <span class='ocrx_word' id='word_1_115' title='bbox 456 1351 616 1391; x_wconf 85' lang='lat' dir='ltr'>oppidum</span> <span class='ocrx_word' id='word_1_116' title='bbox 632 1351 850 1383; x_wconf 85' lang='lat' dir='ltr'>Salentinum.</span> 
     </span>
    </p>

    <p class='ocr_par' dir='ltr' id='par_1_3' title="bbox 389 1400 1076 1490">
     <span class='ocr_line' id='line_1_23' title="bbox 431 1400 1076 1441; baseline 0.003 -11"><span class='ocrx_word' id='word_1_117' title='bbox 431 1402 472 1431; x_wconf 86' lang='grc'>08</span> <span class='ocrx_word' id='word_1_118' title='bbox 494 1400 605 1436; x_wconf 78' lang='lat' dir='ltr'>Irutis,</span> <span class='ocrx_word' id='word_1_119' title='bbox 618 1402 687 1441; x_wconf 55' lang='lat' dir='ltr'>&amp;eq</span> <span class='ocrx_word' id='word_1_120' title='bbox 710 1402 859 1441; x_wconf 82' lang='lat' dir='ltr'>Propter</span> <span class='ocrx_word' id='word_1_121' title='bbox 873 1410 1026 1441; x_wconf 85' lang='lat' dir='ltr'>magnam</span> <span class='ocrx_word' id='word_1_122' title='bbox 1042 1401 1076 1432; x_wconf 89' lang='lat' dir='ltr'>in</span> 
     </span>
     <span class='ocr_line' id='line_1_24' title="bbox 389 1448 1002 1490; baseline 0.002 -11"><span class='ocrx_word' id='word_1_123' title='bbox 389 1456 429 1479; x_wconf 89' lang='lat' dir='ltr'>eo</span> <span class='ocrx_word' id='word_1_124' title='bbox 445 1449 571 1489; x_wconf 90' lang='lat' dir='ltr'>oppido</span> <span class='ocrx_word' id='word_1_125' title='bbox 585 1448 691 1480; x_wconf 83' lang='lat' dir='ltr'>dulcis</span> <span class='ocrx_word' id='word_1_126' title='bbox 707 1459 803 1490; x_wconf 72' lang='lat' dir='ltr'>aquae</span> <span class='ocrx_word' id='word_1_127' title='bbox 820 1450 1002 1489; x_wconf 89' lang='lat' dir='ltr'>penuriam.</span> 
     </span>
    </p>

    <p class='ocr_par' dir='ltr' id='par_1_4' title="bbox 385 1496 1076 2364">
     <span class='ocr_line' id='line_1_25' title="bbox 428 1496 1075 1538; baseline 0.002 -10"><span class='ocrx_word' id='word_1_128' title='bbox 428 1500 471 1529; x_wconf 81' lang='lat'>99</span> <span class='ocrx_word' id='word_1_129' title='bbox 487 1498 628 1528; x_wconf 79' lang='lat' dir='ltr'>Flamma</span> <span class='ocrx_word' id='word_1_130' title='bbox 638 1496 719 1537; x_wconf 76' lang='lat' dir='ltr'>sine]</span> <span class='ocrx_word' id='word_1_131' title='bbox 736 1498 816 1529; x_wconf 91' lang='lat' dir='ltr'>Sine</span> <span class='ocrx_word' id='word_1_132' title='bbox 829 1498 918 1538; x_wconf 80' lang='lat' dir='ltr'>igne.</span> <span class='ocrx_word' id='word_1_133' title='bbox 947 1498 1075 1538; x_wconf 79' lang='lat' dir='ltr'>Liques·</span> 
     </span>
     <span class='ocr_line' id='line_1_26' title="bbox 388 1545 1075 1586; baseline 0.003 -10"><span class='ocrx_word' id='word_1_134' title='bbox 388 1554 457 1577; x_wconf 82' lang='lat' dir='ltr'>cere</span> <span class='ocrx_word' id='word_1_135' title='bbox 469 1546 573 1577; x_wconf 82' lang='lat' dir='ltr'>limine</span> <span class='ocrx_word' id='word_1_136' title='bbox 588 1546 688 1586; x_wconf 75' lang='lat' dir='ltr'>sacro]</span> <span class='ocrx_word' id='word_1_137' title='bbox 727 1545 867 1577; x_wconf 78' lang='lat' dir='ltr'>incendi</span> <span class='ocrx_word' id='word_1_138' title='bbox 890 1551 926 1577; x_wconf 90' lang='lat' dir='ltr'>et</span> <span class='ocrx_word' id='word_1_139' title='bbox 947 1546 1075 1578; x_wconf 82' lang='lat' dir='ltr'>absumi</span> 
     </span>
     <span class='ocr_line' id='line_1_27' title="bbox 387 1594 1073 1637; baseline 0.001 -12"><span class='ocrx_word' id='word_1_140' title='bbox 387 1595 422 1625; x_wconf 84' lang='lat' dir='ltr'>in</span> <span class='ocrx_word' id='word_1_141' title='bbox 439 1595 535 1635; x_wconf 88' lang='lat' dir='ltr'>primi</span> <span class='ocrx_word' id='word_1_142' title='bbox 551 1595 669 1635; x_wconf 88' lang='lat' dir='ltr'>templi</span> <span class='ocrx_word' id='word_1_143' title='bbox 688 1595 791 1626; x_wconf 76' lang='lat' dir='ltr'>aditu.</span> <span class='ocrx_word' id='word_1_144' title='bbox 833 1594 954 1626; x_wconf 78' lang='lat' dir='ltr'>Limine</span> <span class='ocrx_word' id='word_1_145' title='bbox 969 1597 1073 1637; x_wconf 81' lang='lat' dir='ltr'>sucro]</span> 
     </span>
     <span class='ocr_line' id='line_1_28' title="bbox 388 1643 1076 1684; baseline 0.001 -10"><span class='ocrx_word' id='word_1_146' title='bbox 388 1643 552 1674; x_wconf 83' lang='lat' dir='ltr'>Nonnulli</span> <span class='ocrx_word' id='word_1_147' title='bbox 575 1643 683 1674; x_wconf 88' lang='lat' dir='ltr'>Codd.</span> <span class='ocrx_word' id='word_1_148' title='bbox 703 1644 816 1675; x_wconf 77' lang='lat' dir='ltr'>lumine</span> <span class='ocrx_word' id='word_1_149' title='bbox 835 1644 989 1675; x_wconf 82' lang='lat' dir='ltr'>scribunt</span> <span class='ocrx_word' id='word_1_150' title='bbox 1014 1654 1076 1684; x_wconf 90' lang='lat' dir='ltr'>pro</span> 
     </span>
     <span class='ocr_line' id='line_1_29' title="bbox 388 1692 1074 1731; baseline 0 -8"><span class='ocrx_word' id='word_1_151' title='bbox 388 1692 506 1731; x_wconf 77' lang='lat' dir='ltr'>limine,</span> <span class='ocrx_word' id='word_1_152' title='bbox 519 1695 555 1723; x_wconf 87' lang='lat' dir='ltr'>et</span> <span class='ocrx_word' id='word_1_153' title='bbox 569 1700 647 1723; x_wconf 82' lang='lat' dir='ltr'>mox</span> <span class='ocrx_word' id='word_1_154' title='bbox 663 1693 766 1722; x_wconf 79' lang='lat' dir='ltr'><em>credet</em></span> <span class='ocrx_word' id='word_1_155' title='bbox 784 1700 844 1731; x_wconf 88' lang='lat' dir='ltr'>pro</span> <span class='ocrx_word' id='word_1_156' title='bbox 864 1692 979 1723; x_wconf 80' lang='lat' dir='ltr'>credat.</span> <span class='ocrx_word' id='word_1_157' title='bbox 1022 1693 1074 1723; x_wconf 89' lang='lat' dir='ltr'>De</span> 
     </span>
     <span class='ocr_line' id='line_1_30' title="bbox 387 1739 1074 1771; baseline 0 0"><span class='ocrx_word' id='word_1_158' title='bbox 387 1740 451 1771; x_wconf 88' lang='lat' dir='ltr'>boc</span> <span class='ocrx_word' id='word_1_159' title='bbox 478 1745 591 1771; x_wconf 87' lang='lat' dir='ltr'>autem</span> <span class='ocrx_word' id='word_1_160' title='bbox 617 1739 777 1771; x_wconf 88' lang='lat' dir='ltr'>miraculo</span> <span class='ocrx_word' id='word_1_161' title='bbox 800 1739 848 1770; x_wconf 87' lang='lat' dir='ltr'>sie</span> <span class='ocrx_word' id='word_1_162' title='bbox 874 1739 1005 1771; x_wconf 87' lang='lat' dir='ltr'>Plinius</span> <span class='ocrx_word' id='word_1_163' title='bbox 1034 1749 1074 1771; x_wconf 86' lang='lat' dir='ltr'>n.</span> 
     </span>
     <span class='ocr_line' id='line_1_31' title="bbox 389 1788 1074 1829; baseline 0 -9"><span class='ocrx_word' id='word_1_164' title='bbox 389 1792 462 1821; x_wconf 84' lang='grc'>107.</span> <span class='ocrx_word' id='word_1_165' title='bbox 489 1789 550 1820; x_wconf 88' lang='lat' dir='ltr'>‘In</span> <span class='ocrx_word' id='word_1_166' title='bbox 576 1789 749 1821; x_wconf 86' lang='lat' dir='ltr'>Salentino</span> <span class='ocrx_word' id='word_1_167' title='bbox 771 1788 897 1829; x_wconf 87' lang='lat' dir='ltr'>oppido</span> <span class='ocrx_word' id='word_1_168' title='bbox 918 1789 1074 1829; x_wconf 81' lang='lat' dir='ltr'>Egnatia,</span> 
     </span>
     <span class='ocr_line' id='line_1_32' title="bbox 386 1837 1074 1879; baseline 0 -10"><span class='ocrx_word' id='word_1_169' title='bbox 386 1839 500 1878; x_wconf 85' lang='lat' dir='ltr'>posito</span> <span class='ocrx_word' id='word_1_170' title='bbox 524 1838 615 1879; x_wconf 86' lang='lat' dir='ltr'>ligno</span> <span class='ocrx_word' id='word_1_171' title='bbox 641 1838 674 1870; x_wconf 91' lang='lat' dir='ltr'>in</span> <span class='ocrx_word' id='word_1_172' title='bbox 697 1847 812 1870; x_wconf 81' lang='lat' dir='ltr'>saxum</span> <span class='ocrx_word' id='word_1_173' title='bbox 835 1837 1002 1879; x_wconf 79' lang='lat' dir='ltr'><strong>quoddam</strong></span> <span class='ocrx_word' id='word_1_174' title='bbox 1028 1838 1074 1869; x_wconf 87' lang='lat' dir='ltr'>ibi</span> 
     </span>
     <span class='ocr_line' id='line_1_33' title="bbox 387 1886 1074 1928; baseline 0.001 -11"><span class='ocrx_word' id='word_1_175' title='bbox 387 1896 529 1927; x_wconf 83' lang='lat' dir='ltr'>sacrum,</span> <span class='ocrx_word' id='word_1_176' title='bbox 546 1887 696 1928; x_wconf 86' lang='lat' dir='ltr'>protinus</span> <span class='ocrx_word' id='word_1_177' title='bbox 716 1886 881 1918; x_wconf 88' lang='lat' dir='ltr'>flammam</span> <span class='ocrx_word' id='word_1_178' title='bbox 905 1887 1074 1919; x_wconf 64' lang='lat' dir='ltr'>existere!</span> 
     </span>
     <span class='ocr_line' id='line_1_34' title="bbox 389 1935 1073 1976; baseline 0.001 -9"><span class='ocrx_word' id='word_1_179' title='bbox 389 1935 454 1967; x_wconf 85' lang='lat' dir='ltr'>Sed</span> <span class='ocrx_word' id='word_1_180' title='bbox 476 1941 512 1967; x_wconf 89' lang='lat' dir='ltr'>et</span> <span class='ocrx_word' id='word_1_181' title='bbox 535 1936 628 1976; x_wconf 85' lang='lat' dir='ltr'>Virg.</span> <span class='ocrx_word' id='word_1_182' title='bbox 652 1937 685 1968; x_wconf 88' lang='lat' dir='ltr'>in</span> <span class='ocrx_word' id='word_1_183' title='bbox 711 1936 985 1968; x_wconf 74' lang='lat' dir='ltr'>pharmaceutria</span> <span class='ocrx_word' id='word_1_184' title='bbox 1004 1937 1073 1968; x_wconf 90' lang='lat' dir='ltr'>tale</span> 
     </span>
     <span class='ocr_line' id='line_1_35' title="bbox 386 1986 1071 2027; baseline 0.003 -11"><span class='ocrx_word' id='word_1_185' title='bbox 386 1986 467 2025; x_wconf 90' lang='lat' dir='ltr'>quid</span> <span class='ocrx_word' id='word_1_186' title='bbox 488 1987 639 2018; x_wconf 80' lang='lat' dir='ltr'>evenisse</span> <span class='ocrx_word' id='word_1_187' title='bbox 659 1987 747 2017; x_wconf 84' lang='lat' dir='ltr'>inter</span> <span class='ocrx_word' id='word_1_188' title='bbox 771 1995 931 2027; x_wconf 86' lang='lat' dir='ltr'>prospera</span> <span class='ocrx_word' id='word_1_189' title='bbox 956 1987 1071 2027; x_wconf 85' lang='lat' dir='ltr'>ponit:</span> 
     </span>
     <span class='ocr_line' id='line_1_36' title="bbox 386 2034 1074 2075; baseline 0.001 -11"><span class='ocrx_word' id='word_1_190' title='bbox 386 2034 548 2074; x_wconf 77' lang='lat' dir='ltr'>‘Aspice,</span> <span class='ocrx_word' id='word_1_191' title='bbox 577 2035 742 2075; x_wconf 88' lang='lat' dir='ltr'>corripuit</span> <span class='ocrx_word' id='word_1_192' title='bbox 774 2035 925 2066; x_wconf 75' lang='lat' dir='ltr'>tremulis</span> <span class='ocrx_word' id='word_1_193' title='bbox 957 2035 1074 2066; x_wconf 84' lang='lat' dir='ltr'>altaria</span> 
     </span>
     <span class='ocr_line' id='line_1_37' title="bbox 386 2080 1072 2122; baseline 0 -10"><span class='ocrx_word' id='word_1_194' title='bbox 386 2080 527 2112; x_wconf 72' lang='lat' dir='ltr'>flammis</span> <span class='ocrx_word' id='word_1_195' title='bbox 551 2082 679 2122; x_wconf 82' lang='lat' dir='ltr'>Sponte</span> <span class='ocrx_word' id='word_1_196' title='bbox 704 2092 777 2121; x_wconf 69' lang='lat' dir='ltr'>suia,</span> <span class='ocrx_word' id='word_1_197' title='bbox 792 2082 868 2113; x_wconf 89' lang='lat' dir='ltr'>dum</span> <span class='ocrx_word' id='word_1_198' title='bbox 891 2081 981 2113; x_wconf 80' lang='lat' dir='ltr'>ferre</span> <span class='ocrx_word' id='word_1_199' title='bbox 1004 2091 1072 2112; x_wconf 90' lang='lat' dir='ltr'>mo-</span> 
     </span>
     <span class='ocr_line' id='line_1_38' title="bbox 386 2129 1072 2170; baseline 0.001 -10"><span class='ocrx_word' id='word_1_200' title='bbox 386 2138 454 2168; x_wconf 85' lang='lat' dir='ltr'>ror,</span> <span class='ocrx_word' id='word_1_201' title='bbox 483 2129 567 2161; x_wconf 90' lang='lat' dir='ltr'>cinis</span> <span class='ocrx_word' id='word_1_202' title='bbox 596 2130 689 2170; x_wconf 81' lang='lat' dir='ltr'>ipse:</span> <span class='ocrx_word' id='word_1_203' title='bbox 728 2130 850 2161; x_wconf 90' lang='lat' dir='ltr'>bonum</span> <span class='ocrx_word' id='word_1_204' title='bbox 881 2130 946 2161; x_wconf 86' lang='lat' dir='ltr'>sit.&#39;</span> <span class='ocrx_word' id='word_1_205' title='bbox 985 2131 1072 2162; x_wconf 82' lang='lat' dir='ltr'>Torr.</span> 
     </span>
     <span class='ocr_line' id='line_1_39' title="bbox 385 2177 1071 2218; baseline -0.003 -9"><span class='ocrx_word' id='word_1_206' title='bbox 385 2177 547 2218; x_wconf 85' lang='lat' dir='ltr'>[Cuning.</span> <span class='ocrx_word' id='word_1_207' title='bbox 573 2177 725 2218; x_wconf 77' lang='lat' dir='ltr'>flammis.</span> <span class='ocrx_word' id='word_1_208' title='bbox 780 2178 790 2194; x_wconf 92' lang='lat'>‘</span> <span class='ocrx_word' id='word_1_209' title='bbox 804 2178 918 2210; x_wconf 81' lang='lat' dir='ltr'>Quare</span> <span class='ocrx_word' id='word_1_210' title='bbox 951 2178 1071 2217; x_wconf 83' lang='lat' dir='ltr'>plurali</span> 
     </span>
     <span class='ocr_line' id='line_1_40' title="bbox 386 2226 1072 2258; baseline 0 0"><span class='ocrx_word' id='word_1_211' title='bbox 386 2235 524 2258; x_wconf 86' lang='lat' dir='ltr'>numero</span> <span class='ocrx_word' id='word_1_212' title='bbox 535 2227 556 2257; x_wconf 83' lang='lat'>?&#39;</span> <span class='ocrx_word' id='word_1_213' title='bbox 585 2227 660 2258; x_wconf 81' lang='lat' dir='ltr'>Fea.</span> <span class='ocrx_word' id='word_1_214' title='bbox 685 2227 798 2257; x_wconf 79' lang='lat' dir='ltr'>lumine</span> <span class='ocrx_word' id='word_1_215' title='bbox 821 2236 907 2257; x_wconf 81' lang='lat' dir='ltr'>sacro</span> <span class='ocrx_word' id='word_1_216' title='bbox 928 2226 1026 2258; x_wconf 86' lang='lat' dir='ltr'>Vatt.</span> <span class='ocrx_word' id='word_1_217' title='bbox 1041 2229 1072 2258; x_wconf 80' lang='lat'>2.</span> 
     </span>
     <span class='ocr_line' id='line_1_41' title="bbox 385 2274 1073 2314; baseline 0 -8"><span class='ocrx_word' id='word_1_218' title='bbox 385 2278 417 2306; x_wconf 85' lang='lat'>6.</span> <span class='ocrx_word' id='word_1_219' title='bbox 446 2278 496 2306; x_wconf 92' lang='lat'>10.</span> <span class='ocrx_word' id='word_1_220' title='bbox 521 2278 575 2306; x_wconf 80' lang='lat'>20.</span> <span class='ocrx_word' id='word_1_221' title='bbox 597 2274 749 2314; x_wconf 84' lang='lat' dir='ltr'>Angelic.</span> <span class='ocrx_word' id='word_1_222' title='bbox 771 2277 801 2306; x_wconf 86' lang='lat'>1.</span> <span class='ocrx_word' id='word_1_223' title='bbox 819 2278 852 2306; x_wconf 76' lang='lat'>2.</span> <span class='ocrx_word' id='word_1_224' title='bbox 868 2275 982 2307; x_wconf 86' lang='lat' dir='ltr'>Zarot.</span> <span class='ocrx_word' id='word_1_225' title='bbox 997 2275 1073 2306; x_wconf 86' lang='lat' dir='ltr'>Flo·</span> 
     </span>
     <span class='ocr_line' id='line_1_42' title="bbox 386 2324 898 2364; baseline -0.004 -8"><span class='ocrx_word' id='word_1_226' title='bbox 386 2329 476 2356; x_wconf 83' lang='lat' dir='ltr'>rent.</span> <span class='ocrx_word' id='word_1_227' title='bbox 494 2326 586 2355; x_wconf 82' lang='grc'><strong>1482.</strong></span> <span class='ocrx_word' id='word_1_228' title='bbox 602 2328 637 2354; x_wconf 89' lang='lat' dir='ltr'>et</span> <span class='ocrx_word' id='word_1_229' title='bbox 651 2324 772 2354; x_wconf 86' lang='lat' dir='ltr'>Venet.</span> <span class='ocrx_word' id='word_1_230' title='bbox 788 2324 898 2364; x_wconf 63' lang='lat'>1495]</span> 
     </span>
    </p>

    <p class='ocr_par' dir='ltr' id='par_1_5' title="bbox 386 2371 1073 2808">
     <span class='ocr_line' id='line_1_43' title="bbox 430 2371 1072 2414; baseline -0.005 -9"><span class='ocrx_word' id='word_1_231' title='bbox 430 2376 491 2405; x_wconf 88' lang='grc'>100</span> <span class='ocrx_word' id='word_1_232' title='bbox 516 2372 626 2414; x_wconf 78' lang='lat' dir='ltr'>Cupit]</span> <span class='ocrx_word' id='word_1_233' title='bbox 661 2372 744 2404; x_wconf 90' lang='lat' dir='ltr'>Cum</span> <span class='ocrx_word' id='word_1_234' title='bbox 767 2372 893 2403; x_wconf 81' lang='lat' dir='ltr'>Gnatia</span> <span class='ocrx_word' id='word_1_235' title='bbox 913 2371 1021 2412; x_wconf 87' lang='lat' dir='ltr'>eupit,</span> <span class='ocrx_word' id='word_1_236' title='bbox 1037 2371 1072 2403; x_wconf 84' lang='lat' dir='ltr'>id</span> 
     </span>
     <span class='ocr_line' id='line_1_44' title="bbox 387 2421 1073 2463; baseline -0.004 -9"><span class='ocrx_word' id='word_1_237' title='bbox 387 2427 440 2454; x_wconf 79' lang='lat' dir='ltr'>est</span> <span class='ocrx_word' id='word_1_238' title='bbox 462 2423 605 2463; x_wconf 87' lang='lat' dir='ltr'>populus</span> <span class='ocrx_word' id='word_1_239' title='bbox 621 2421 767 2453; x_wconf 82' lang='lat' dir='ltr'>Gnatiae.</span> <span class='ocrx_word' id='word_1_240' title='bbox 811 2421 927 2452; x_wconf 79' lang='lat' dir='ltr'>Credat</span> <span class='ocrx_word' id='word_1_241' title='bbox 943 2421 1073 2452; x_wconf 72' lang='lat' dir='ltr'>Judoeus</span> 
     </span>
     <span class='ocr_line' id='line_1_45' title="bbox 387 2470 1071 2513; baseline -0.004 -9"><span class='ocrx_word' id='word_1_242' title='bbox 387 2473 513 2513; x_wconf 75' lang='lat' dir='ltr'>Apella]</span> <span class='ocrx_word' id='word_1_243' title='bbox 547 2472 659 2503; x_wconf 85' lang='lat' dir='ltr'>AEtate</span> <span class='ocrx_word' id='word_1_244' title='bbox 681 2470 816 2502; x_wconf 80' lang='lat' dir='ltr'>Horatii</span> <span class='ocrx_word' id='word_1_245' title='bbox 836 2470 974 2503; x_wconf 81' lang='lat' dir='ltr'>Judaeus</span> <span class='ocrx_word' id='word_1_246' title='bbox 1001 2471 1071 2511; x_wconf 87' lang='lat' dir='ltr'>qui-</span> 
     </span>
     <span class='ocr_line' id='line_1_46' title="bbox 386 2520 1070 2561; baseline -0.003 -7"><span class='ocrx_word' id='word_1_247' title='bbox 386 2523 463 2554; x_wconf 82' lang='lat' dir='ltr'>dam</span> <span class='ocrx_word' id='word_1_248' title='bbox 479 2523 594 2553; x_wconf 81' lang='lat' dir='ltr'>Romae</span> <span class='ocrx_word' id='word_1_249' title='bbox 615 2525 712 2552; x_wconf 88' lang='lat' dir='ltr'>notus</span> <span class='ocrx_word' id='word_1_250' title='bbox 727 2526 814 2560; x_wconf 86' lang='lat' dir='ltr'>erat,</span> <span class='ocrx_word' id='word_1_251' title='bbox 830 2521 962 2552; x_wconf 82' lang='lat' dir='ltr'>nomine</span> <span class='ocrx_word' id='word_1_252' title='bbox 977 2520 1070 2561; x_wconf 83' lang='lat' dir='ltr'>Apel-</span> 
     </span>
     <span class='ocr_line' id='line_1_47' title="bbox 386 2570 1071 2612; baseline -0.006 -8"><span class='ocrx_word' id='word_1_253' title='bbox 386 2574 451 2604; x_wconf 73' lang='lat' dir='ltr'>las.-</span> <span class='ocrx_word' id='word_1_254' title='bbox 471 2572 638 2611; x_wconf 78' lang='grc' dir='ltr'>Ἀπελλᾶς,</span> <span class='ocrx_word' id='word_1_255' title='bbox 649 2570 737 2612; x_wconf 88' lang='lat' dir='ltr'>quod</span> <span class='ocrx_word' id='word_1_256' title='bbox 753 2570 841 2602; x_wconf 89' lang='lat' dir='ltr'>idem</span> <span class='ocrx_word' id='word_1_257' title='bbox 855 2580 894 2602; x_wconf 88' lang='lat' dir='ltr'>ac</span> <span class='ocrx_word' id='word_1_258' title='bbox 907 2571 1071 2608; x_wconf 79' lang='grc' dir='ltr'><strong>Ἀπελλῆς.</strong></span> 
     </span>
     <span class='ocr_line' id='line_1_48' title="bbox 387 2619 1070 2660; baseline -0.001 -9"><span class='ocrx_word' id='word_1_259' title='bbox 387 2621 643 2655; x_wconf 77' lang='lat' dir='ltr'>Heinsius,cum</span> <span class='ocrx_word' id='word_1_260' title='bbox 657 2619 781 2660; x_wconf 80' lang='lat' dir='ltr'>aliquot</span> <span class='ocrx_word' id='word_1_261' title='bbox 797 2619 868 2650; x_wconf 82' lang='lat' dir='ltr'>aliis</span> <span class='ocrx_word' id='word_1_262' title='bbox 884 2619 1070 2651; x_wconf 84' lang='lat' dir='ltr'>eruditiori·</span> 
     </span>
     <span class='ocr_line' id='line_1_49' title="bbox 387 2669 1070 2710; baseline 0.001 -11"><span class='ocrx_word' id='word_1_263' title='bbox 387 2669 462 2706; x_wconf 67' lang='lat' dir='ltr'>buu,</span> <span class='ocrx_word' id='word_1_264' title='bbox 483 2669 628 2701; x_wconf 87' lang='lat' dir='ltr'>credunt</span> <span class='ocrx_word' id='word_1_265' title='bbox 646 2677 720 2700; x_wconf 82' lang='lat' dir='ltr'>esse</span> <span class='ocrx_word' id='word_1_266' title='bbox 743 2678 864 2700; x_wconf 89' lang='lat' dir='ltr'>nomen</span> <span class='ocrx_word' id='word_1_267' title='bbox 885 2669 1070 2710; x_wconf 86' lang='lat' dir='ltr'>Appellati-</span> 
     </span>
     <span class='ocr_line' id='line_1_50' title="bbox 386 2717 1071 2755; baseline 0.006 -9"><span class='ocrx_word' id='word_1_268' title='bbox 386 2726 477 2755; x_wconf 89' lang='lat' dir='ltr'>vum,</span> <span class='ocrx_word' id='word_1_269' title='bbox 493 2722 529 2748; x_wconf 88' lang='lat' dir='ltr'>et</span> <span class='ocrx_word' id='word_1_270' title='bbox 550 2717 708 2750; x_wconf 77' lang='lat' dir='ltr'>Jndaeum</span> <span class='ocrx_word' id='word_1_271' title='bbox 728 2718 908 2750; x_wconf 84' lang='lat' dir='ltr'>recutitum</span> <span class='ocrx_word' id='word_1_272' title='bbox 929 2727 969 2750; x_wconf 77' lang='lat' dir='ltr'>ea</span> <span class='ocrx_word' id='word_1_273' title='bbox 987 2727 1071 2750; x_wconf 81' lang='lat' dir='ltr'>voce</span> 
     </span>
     <span class='ocr_line' id='line_1_51' title="bbox 387 2765 1070 2808; baseline 0.004 -11"><span class='ocrx_word' id='word_1_274' title='bbox 387 2765 580 2808; x_wconf 77' lang='lat' dir='ltr'>significari,</span> <span class='ocrx_word' id='word_1_275' title='bbox 607 2767 702 2807; x_wconf 84' lang='lat' dir='ltr'>quasi</span> <span class='ocrx_word' id='word_1_276' title='bbox 730 2767 800 2799; x_wconf 87' lang='lat' dir='ltr'>sine</span> <span class='ocrx_word' id='word_1_277' title='bbox 828 2767 928 2808; x_wconf 87' lang='lat' dir='ltr'>pelle.</span> <span class='ocrx_word' id='word_1_278' title='bbox 971 2768 1070 2803; x_wconf 82' lang='lat' dir='ltr'>Quod</span> 
     </span>
    </p>
   </div>
   <div class='ocr_carea' id='block_1_3' title="bbox 841 285 1356 318">
    <p class='ocr_par' dir='ltr' id='par_1_6' title="bbox 841 285 1356 318">
     <span class='ocr_line' id='line_1_52' title="bbox 841 285 1356 318; baseline 0.002 -2"><span class='ocrx_word' id='word_1_279' title='bbox 841 286 980 318; x_wconf 78' lang='lat' dir='ltr'><strong>NOTAE</strong></span> <span class='ocrx_word' id='word_1_280' title='bbox 1011 285 1273 318; x_wconf 75' lang='lat' dir='ltr'>VARIORUM</span> <span class='ocrx_word' id='word_1_281' title='bbox 1304 287 1356 317; x_wconf 83' lang='lat' dir='ltr'>1N</span> 
     </span>
    </p>
   </div>
   <div class='ocr_carea' id='block_1_4' title="bbox 1118 377 1812 2802">
    <p class='ocr_par' dir='ltr' id='par_1_7' title="bbox 1129 377 1809 418">
     <span class='ocr_line' id='line_1_53' title="bbox 1129 377 1809 418; baseline 0.003 -10"><span class='ocrx_word' id='word_1_282' title='bbox 1129 378 1307 409; x_wconf 82' lang='lat' dir='ltr'>maximam</span> <span class='ocrx_word' id='word_1_283' title='bbox 1323 378 1437 418; x_wconf 85' lang='lat' dir='ltr'>prodit</span> <span class='ocrx_word' id='word_1_284' title='bbox 1451 377 1630 410; x_wconf 81' lang='lat' dir='ltr'>inscitiam.</span> <span class='ocrx_word' id='word_1_285' title='bbox 1671 379 1708 409; x_wconf 87' lang='lat'>&#39;0</span> <span class='ocrx_word' id='word_1_286' title='bbox 1722 378 1809 410; x_wconf 70' lang='grc' dir='ltr'>λιπό·</span> 
     </span>
    </p>

    <p class='ocr_par' dir='ltr' id='par_1_8' title="bbox 1127 426 1809 467">
     <span class='ocr_line' id='line_1_54' title="bbox 1127 426 1809 467; baseline 0.003 -11"><span class='ocrx_word' id='word_1_287' title='bbox 1127 427 1231 467; x_wconf 59' lang='lat' dir='ltr'>suppos</span> <span class='ocrx_word' id='word_1_288' title='bbox 1256 427 1376 459; x_wconf 80' lang='lat' dir='ltr'>Latine</span> <span class='ocrx_word' id='word_1_289' title='bbox 1406 426 1591 467; x_wconf 85' lang='lat' dir='ltr'>hujusmodi</span> <span class='ocrx_word' id='word_1_290' title='bbox 1619 427 1809 466; x_wconf 76' lang='lat' dir='ltr'>compositi-</span> 
     </span>
    </p>

    <p class='ocr_par' dir='ltr' id='par_1_9' title="bbox 1127 474 1810 516">
     <span class='ocr_line' id='line_1_55' title="bbox 1127 474 1810 516; baseline -0.001 -10"><span class='ocrx_word' id='word_1_291' title='bbox 1127 483 1190 506; x_wconf 88' lang='lat' dir='ltr'>one</span> <span class='ocrx_word' id='word_1_292' title='bbox 1204 476 1374 507; x_wconf 88' lang='lat' dir='ltr'>diceretur</span> <span class='ocrx_word' id='word_1_293' title='bbox 1383 476 1392 494; x_wconf 88' lang='lat'>‘</span> <span class='ocrx_word' id='word_1_294' title='bbox 1404 474 1569 516; x_wconf 85' lang='lat' dir='ltr'>impellis,&#39;</span> <span class='ocrx_word' id='word_1_295' title='bbox 1580 479 1617 507; x_wconf 88' lang='lat' dir='ltr'>ut</span> <span class='ocrx_word' id='word_1_296' title='bbox 1629 475 1639 494; x_wconf 87' lang='lat'>‘</span> <span class='ocrx_word' id='word_1_297' title='bbox 1649 474 1810 510; x_wconf 67' lang='lat' dir='ltr'>investit:</span> 
     </span>
    </p>

    <p class='ocr_par' dir='ltr' id='par_1_10' title="bbox 1126 522 1807 565">
     <span class='ocr_line' id='line_1_56' title="bbox 1126 522 1807 565; baseline 0 -11"><span class='ocrx_word' id='word_1_298' title='bbox 1126 523 1325 563; x_wconf 85' lang='lat' dir='ltr'>‘imberbis,&#39;</span> <span class='ocrx_word' id='word_1_299' title='bbox 1340 526 1349 542; x_wconf 90' lang='lat'>‘</span> <span class='ocrx_word' id='word_1_300' title='bbox 1363 523 1551 565; x_wconf 89' lang='lat' dir='ltr'>implumis.&#39;</span> <span class='ocrx_word' id='word_1_301' title='bbox 1573 523 1626 554; x_wconf 85' lang='lat' dir='ltr'>An</span> <span class='ocrx_word' id='word_1_302' title='bbox 1639 524 1649 541; x_wconf 89' lang='lat'>‘</span> <span class='ocrx_word' id='word_1_303' title='bbox 1659 522 1807 564; x_wconf 83' lang='lat' dir='ltr'>Inpella&#39;</span> 
     </span>
    </p>

    <p class='ocr_par' dir='ltr' id='par_1_11' title="bbox 1128 571 1808 612">
     <span class='ocr_line' id='line_1_57' title="bbox 1128 571 1808 612; baseline -0.001 -8"><span class='ocrx_word' id='word_1_304' title='bbox 1128 573 1281 604; x_wconf 84' lang='lat' dir='ltr'>Latinum</span> <span class='ocrx_word' id='word_1_305' title='bbox 1297 578 1398 612; x_wconf 81' lang='lat' dir='ltr'>esset,</span> <span class='ocrx_word' id='word_1_306' title='bbox 1421 576 1478 604; x_wconf 88' lang='lat' dir='ltr'>aut</span> <span class='ocrx_word' id='word_1_307' title='bbox 1498 572 1509 589; x_wconf 88' lang='lat'>‘</span> <span class='ocrx_word' id='word_1_308' title='bbox 1521 571 1658 603; x_wconf 81' lang='lat' dir='ltr'>Investa</span> <span class='ocrx_word' id='word_1_309' title='bbox 1671 571 1701 602; x_wconf 63' lang='grc' dir='ltr'><strong><em>Ρ</em></strong></span> <span class='ocrx_word' id='word_1_310' title='bbox 1722 579 1808 612; x_wconf 69' lang='lat' dir='ltr'>pm-</span> 
     </span>
    </p>

    <p class='ocr_par' dir='ltr' id='par_1_12' title="bbox 1127 621 1809 662">
     <span class='ocr_line' id='line_1_58' title="bbox 1127 621 1809 662; baseline -0.001 -10"><span class='ocrx_word' id='word_1_311' title='bbox 1127 625 1221 653; x_wconf 82' lang='lat' dir='ltr'>terea</span> <span class='ocrx_word' id='word_1_312' title='bbox 1233 632 1253 653; x_wconf 82' lang='lat' dir='ltr'>a</span> <span class='ocrx_word' id='word_1_313' title='bbox 1267 622 1434 662; x_wconf 84' lang='lat' dir='ltr'>privativa</span> <span class='ocrx_word' id='word_1_314' title='bbox 1449 621 1614 661; x_wconf 82' lang='lat' dir='ltr'>particula</span> <span class='ocrx_word' id='word_1_315' title='bbox 1633 621 1732 660; x_wconf 71' lang='lat' dir='ltr'>longa</span> <span class='ocrx_word' id='word_1_316' title='bbox 1744 625 1809 656; x_wconf 86' lang='lat' dir='ltr'>est.</span> 
     </span>
    </p>

    <p class='ocr_par' dir='ltr' id='par_1_13' title="bbox 1124 668 1812 905">
     <span class='ocr_line' id='line_1_59' title="bbox 1126 668 1808 709; baseline -0.001 -9"><span class='ocrx_word' id='word_1_317' title='bbox 1126 679 1191 701; x_wconf 94' lang='lat' dir='ltr'>non</span> <span class='ocrx_word' id='word_1_318' title='bbox 1219 670 1338 702; x_wconf 84' lang='lat' dir='ltr'>brevis.</span> <span class='ocrx_word' id='word_1_319' title='bbox 1380 670 1556 701; x_wconf 82' lang='lat' dir='ltr'>Postremo</span> <span class='ocrx_word' id='word_1_320' title='bbox 1584 669 1617 700; x_wconf 89' lang='lat' dir='ltr'>in</span> <span class='ocrx_word' id='word_1_321' title='bbox 1646 668 1808 709; x_wconf 79' lang='lat' dir='ltr'>composi-</span> 
     </span>
     <span class='ocr_line' id='line_1_60' title="bbox 1126 717 1810 759; baseline -0.001 -10"><span class='ocrx_word' id='word_1_322' title='bbox 1126 718 1217 750; x_wconf 86' lang='lat' dir='ltr'>tione</span> <span class='ocrx_word' id='word_1_323' title='bbox 1233 728 1297 750; x_wconf 90' lang='lat' dir='ltr'>non</span> <span class='ocrx_word' id='word_1_324' title='bbox 1313 719 1449 759; x_wconf 83' lang='lat' dir='ltr'>ponitur</span> <span class='ocrx_word' id='word_1_325' title='bbox 1460 718 1561 756; x_wconf 85' lang='lat' dir='ltr'>nuda,</span> <span class='ocrx_word' id='word_1_326' title='bbox 1574 717 1632 748; x_wconf 84' lang='lat' dir='ltr'>sed</span> <span class='ocrx_word' id='word_1_327' title='bbox 1644 717 1683 748; x_wconf 77' lang='lat' dir='ltr'>ab</span> <span class='ocrx_word' id='word_1_328' title='bbox 1694 726 1754 757; x_wconf 85' lang='lat' dir='ltr'>pro</span> <span class='ocrx_word' id='word_1_329' title='bbox 1768 727 1810 749; x_wconf 82' lang='lat' dir='ltr'>ea</span> 
     </span>
     <span class='ocr_line' id='line_1_61' title="bbox 1126 765 1812 807; baseline -0.003 -8"><span class='ocrx_word' id='word_1_330' title='bbox 1126 768 1270 807; x_wconf 85' lang='lat' dir='ltr'>dicitur;</span> <span class='ocrx_word' id='word_1_331' title='bbox 1286 773 1323 800; x_wconf 89' lang='lat' dir='ltr'>ut</span> <span class='ocrx_word' id='word_1_332' title='bbox 1333 766 1534 805; x_wconf 85' lang='lat' dir='ltr'>‘absimilis‚&#39;</span> <span class='ocrx_word' id='word_1_333' title='bbox 1550 775 1615 798; x_wconf 90' lang='lat' dir='ltr'>non</span> <span class='ocrx_word' id='word_1_334' title='bbox 1630 767 1640 784; x_wconf 90' lang='lat'>‘</span> <span class='ocrx_word' id='word_1_335' title='bbox 1651 765 1812 797; x_wconf 66' lang='lat' dir='ltr'>asimilie!</span> 
     </span>
     <span class='ocr_line' id='line_1_62' title="bbox 1125 813 1809 857; baseline -0.004 -9"><span class='ocrx_word' id='word_1_336' title='bbox 1125 816 1180 848; x_wconf 85' lang='lat' dir='ltr'>lta</span> <span class='ocrx_word' id='word_1_337' title='bbox 1202 825 1284 857; x_wconf 87' lang='lat' dir='ltr'>ergo</span> <span class='ocrx_word' id='word_1_338' title='bbox 1307 816 1483 847; x_wconf 85' lang='lat' dir='ltr'>dicendum</span> <span class='ocrx_word' id='word_1_339' title='bbox 1507 814 1598 846; x_wconf 84' lang='lat' dir='ltr'>forte</span> <span class='ocrx_word' id='word_1_340' title='bbox 1625 813 1809 855; x_wconf 84' lang='lat' dir='ltr'>‘abpellis&#39;</span> 
     </span>
     <span class='ocr_line' id='line_1_63' title="bbox 1124 862 1810 905; baseline -0.003 -10"><span class='ocrx_word' id='word_1_341' title='bbox 1124 873 1190 896; x_wconf 90' lang='lat' dir='ltr'>non</span> <span class='ocrx_word' id='word_1_342' title='bbox 1204 865 1312 905; x_wconf 79' lang='lat' dir='ltr'>apella.</span> <span class='ocrx_word' id='word_1_343' title='bbox 1327 864 1517 896; x_wconf 77' lang='lat' dir='ltr'>Salmasius.</span> <span class='ocrx_word' id='word_1_344' title='bbox 1542 863 1656 894; x_wconf 75' lang='lat' dir='ltr'>Credat</span> <span class='ocrx_word' id='word_1_345' title='bbox 1665 862 1810 901; x_wconf 70' lang='lat' dir='ltr'>Judoens]</span> 
     </span>
    </p>

    <p class='ocr_par' dir='ltr' id='par_1_14' title="bbox 1126 911 1808 951">
     <span class='ocr_line' id='line_1_64' title="bbox 1126 911 1808 951; baseline -0.004 -7"><span class='ocrx_word' id='word_1_346' title='bbox 1126 913 1254 944; x_wconf 85' lang='lat' dir='ltr'>Credat</span> <span class='ocrx_word' id='word_1_347' title='bbox 1267 912 1407 945; x_wconf 77' lang='lat' dir='ltr'>Judaeus</span> <span class='ocrx_word' id='word_1_348' title='bbox 1428 912 1627 943; x_wconf 85' lang='lat' dir='ltr'>sacrificium</span> <span class='ocrx_word' id='word_1_349' title='bbox 1645 912 1717 943; x_wconf 79' lang='lat' dir='ltr'>sine</span> <span class='ocrx_word' id='word_1_350' title='bbox 1731 911 1808 951; x_wconf 71' lang='lat' dir='ltr'>igue</span> 
     </span>
    </p>

    <p class='ocr_par' dir='ltr' id='par_1_15' title="bbox 1125 960 1810 1000">
     <span class='ocr_line' id='line_1_65' title="bbox 1125 960 1810 1000; baseline -0.001 -8"><span class='ocrx_word' id='word_1_351' title='bbox 1125 961 1266 993; x_wconf 87' lang='lat' dir='ltr'>absumi.</span> <span class='ocrx_word' id='word_1_352' title='bbox 1300 960 1427 1000; x_wconf 76' lang='lat' dir='ltr'>Apella]</span> <span class='ocrx_word' id='word_1_353' title='bbox 1441 960 1463 993; x_wconf 87' lang='lat' dir='ltr'>J</span> <span class='ocrx_word' id='word_1_354' title='bbox 1466 960 1581 992; x_wconf 80' lang='lat' dir='ltr'>udaeus</span> <span class='ocrx_word' id='word_1_355' title='bbox 1597 960 1758 992; x_wconf 80' lang='lat' dir='ltr'>recutitus</span> <span class='ocrx_word' id='word_1_356' title='bbox 1772 964 1810 991; x_wconf 83' lang='lat' dir='ltr'>et</span> 
     </span>
    </p>

    <p class='ocr_par' dir='ltr' id='par_1_16' title="bbox 1123 1009 1351 1041">
     <span class='ocr_line' id='line_1_66' title="bbox 1123 1009 1351 1041; baseline -0.009 0"><span class='ocrx_word' id='word_1_357' title='bbox 1123 1009 1351 1041; x_wconf 85' lang='lat' dir='ltr'>circumcisus.</span> 
     </span>
    </p>

    <p class='ocr_par' dir='ltr' id='par_1_17' title="bbox 1125 1055 1811 1189">
     <span class='ocr_line' id='line_1_67' title="bbox 1167 1055 1810 1097; baseline 0 -9"><span class='ocrx_word' id='word_1_358' title='bbox 1167 1060 1227 1090; x_wconf 84' lang='lat'>101</span> <span class='ocrx_word' id='word_1_359' title='bbox 1263 1056 1387 1097; x_wconf 77' lang='lat' dir='ltr'>Didiei]</span> <span class='ocrx_word' id='word_1_360' title='bbox 1423 1055 1539 1089; x_wconf 86' lang='lat' dir='ltr'>Didici</span> <span class='ocrx_word' id='word_1_361' title='bbox 1573 1055 1617 1087; x_wconf 84' lang='lat' dir='ltr'>ab</span> <span class='ocrx_word' id='word_1_362' title='bbox 1651 1055 1810 1096; x_wconf 76' lang='lat' dir='ltr'>Epicuro·-</span> 
     </span>
     <span class='ocr_line' id='line_1_68' title="bbox 1125 1105 1811 1146; baseline -0.003 -8"><span class='ocrx_word' id='word_1_363' title='bbox 1125 1106 1273 1138; x_wconf 80' lang='lat' dir='ltr'>Securum</span> <span class='ocrx_word' id='word_1_364' title='bbox 1295 1115 1387 1146; x_wconf 74' lang='lat' dir='ltr'>agere</span> <span class='ocrx_word' id='word_1_365' title='bbox 1410 1105 1523 1146; x_wconf 72' lang='lat' dir='ltr'>cecum]</span> <span class='ocrx_word' id='word_1_366' title='bbox 1557 1105 1635 1136; x_wconf 90' lang='lat' dir='ltr'>Sine</span> <span class='ocrx_word' id='word_1_367' title='bbox 1657 1114 1738 1137; x_wconf 84' lang='lat' dir='ltr'>cura.</span> <span class='ocrx_word' id='word_1_368' title='bbox 1758 1114 1811 1136; x_wconf 86' lang='lat' dir='ltr'>re·</span> 
     </span>
     <span class='ocr_line' id='line_1_69' title="bbox 1125 1155 1440 1189; baseline 0 -3"><span class='ocrx_word' id='word_1_369' title='bbox 1125 1165 1197 1189; x_wconf 89' lang='lat' dir='ltr'>rum</span> <span class='ocrx_word' id='word_1_370' title='bbox 1213 1155 1440 1187; x_wconf 85' lang='lat' dir='ltr'>humanarum.</span> 
     </span>
    </p>

    <p class='ocr_par' dir='ltr' id='par_1_18' title="bbox 1123 1203 1810 1390">
     <span class='ocr_line' id='line_1_70' title="bbox 1170 1203 1810 1245; baseline -0.002 -10"><span class='ocrx_word' id='word_1_371' title='bbox 1170 1206 1228 1235; x_wconf 78' lang='lat'>103</span> <span class='ocrx_word' id='word_1_372' title='bbox 1254 1204 1372 1236; x_wconf 78' lang='lat' dir='ltr'>Tristes</span> <span class='ocrx_word' id='word_1_373' title='bbox 1385 1214 1426 1236; x_wconf 72' lang='lat' dir='ltr'>ex</span> <span class='ocrx_word' id='word_1_374' title='bbox 1438 1204 1501 1235; x_wconf 79' lang='lat' dir='ltr'>auo</span> <span class='ocrx_word' id='word_1_375' title='bbox 1514 1203 1596 1245; x_wconf 82' lang='lat' dir='ltr'>eoeli]</span> <span class='ocrx_word' id='word_1_376' title='bbox 1625 1203 1718 1235; x_wconf 78' lang='lat' dir='ltr'>Deos</span> <span class='ocrx_word' id='word_1_377' title='bbox 1732 1203 1810 1234; x_wconf 88' lang='lat' dir='ltr'>soli-</span> 
     </span>
     <span class='ocr_line' id='line_1_71' title="bbox 1125 1252 1808 1293; baseline -0.003 -8"><span class='ocrx_word' id='word_1_378' title='bbox 1125 1253 1209 1285; x_wconf 84' lang='lat' dir='ltr'>citos</span> <span class='ocrx_word' id='word_1_379' title='bbox 1225 1259 1284 1284; x_wconf 78' lang='lat' dir='ltr'>aut</span> <span class='ocrx_word' id='word_1_380' title='bbox 1298 1254 1412 1285; x_wconf 86' lang='lat' dir='ltr'>iratos.</span> <span class='ocrx_word' id='word_1_381' title='bbox 1445 1253 1620 1284; x_wconf 77' lang='lat' dir='ltr'>Demiuere</span> <span class='ocrx_word' id='word_1_382' title='bbox 1632 1252 1726 1293; x_wconf 77' lang='lat' dir='ltr'>tecto]</span> <span class='ocrx_word' id='word_1_383' title='bbox 1738 1253 1808 1283; x_wconf 91' lang='lat' dir='ltr'>De-</span> 
     </span>
     <span class='ocr_line' id='line_1_72' title="bbox 1124 1301 1810 1342; baseline 0 -10"><span class='ocrx_word' id='word_1_384' title='bbox 1124 1302 1258 1333; x_wconf 85' lang='lat' dir='ltr'>mittcre</span> <span class='ocrx_word' id='word_1_385' title='bbox 1273 1302 1306 1332; x_wconf 92' lang='lat' dir='ltr'>in</span> <span class='ocrx_word' id='word_1_386' title='bbox 1322 1309 1441 1333; x_wconf 84' lang='lat' dir='ltr'>terras.</span> <span class='ocrx_word' id='word_1_387' title='bbox 1481 1301 1603 1342; x_wconf 89' lang='lat' dir='ltr'>[Codd.</span> <span class='ocrx_word' id='word_1_388' title='bbox 1624 1310 1678 1342; x_wconf 83' lang='lat' dir='ltr'>ap.</span> <span class='ocrx_word' id='word_1_389' title='bbox 1692 1301 1810 1340; x_wconf 83' lang='lat' dir='ltr'>Feam,</span> 
     </span>
     <span class='ocr_line' id='line_1_73' title="bbox 1123 1349 1746 1390; baseline -0.003 -9"><span class='ocrx_word' id='word_1_390' title='bbox 1123 1351 1289 1382; x_wconf 74' lang='lat' dir='ltr'>dimittere.</span> <span class='ocrx_word' id='word_1_391' title='bbox 1312 1350 1391 1381; x_wconf 83' lang='lat' dir='ltr'>Vid.</span> <span class='ocrx_word' id='word_1_392' title='bbox 1409 1359 1511 1390; x_wconf 84' lang='lat' dir='ltr'>supra</span> <span class='ocrx_word' id='word_1_393' title='bbox 1524 1349 1594 1380; x_wconf 84' lang='lat' dir='ltr'>Sat.</span> <span class='ocrx_word' id='word_1_394' title='bbox 1606 1351 1638 1380; x_wconf 77' lang='lat'>4.</span> <span class='ocrx_word' id='word_1_395' title='bbox 1656 1349 1746 1389; x_wconf 56' lang='lat' dir='ltr'>ua]</span> 
     </span>
    </p>

    <p class='ocr_par' dir='ltr' id='par_1_19' title="bbox 1122 1397 1808 1635">
     <span class='ocr_line' id='line_1_74' title="bbox 1168 1397 1808 1440; baseline -0.006 -8"><span class='ocrx_word' id='word_1_396' title='bbox 1168 1402 1229 1432; x_wconf 82' lang='lat'>104</span> <span class='ocrx_word' id='word_1_397' title='bbox 1251 1399 1461 1432; x_wconf 78' lang='lat' dir='ltr'>Brundusium</span> <span class='ocrx_word' id='word_1_398' title='bbox 1476 1397 1674 1440; x_wconf 57' lang='lat' dir='ltr'>lormoeflm’s]</span> <span class='ocrx_word' id='word_1_399' title='bbox 1701 1397 1808 1428; x_wconf 88' lang='lat' dir='ltr'>Brun-</span> 
     </span>
     <span class='ocr_line' id='line_1_75' title="bbox 1124 1447 1808 1488; baseline -0.004 -7"><span class='ocrx_word' id='word_1_400' title='bbox 1124 1449 1254 1481; x_wconf 87' lang='lat' dir='ltr'>dusium</span> <span class='ocrx_word' id='word_1_401' title='bbox 1278 1448 1379 1480; x_wconf 89' lang='lat' dir='ltr'>finem</span> <span class='ocrx_word' id='word_1_402' title='bbox 1403 1447 1489 1480; x_wconf 85' lang='lat' dir='ltr'>fecit</span> <span class='ocrx_word' id='word_1_403' title='bbox 1511 1447 1600 1488; x_wconf 81' lang='lat' dir='ltr'>longi</span> <span class='ocrx_word' id='word_1_404' title='bbox 1625 1447 1752 1479; x_wconf 75' lang='lat' dir='ltr'>itineris</span> <span class='ocrx_word' id='word_1_405' title='bbox 1773 1450 1808 1478; x_wconf 73' lang='lat' dir='ltr'>et</span> 
     </span>
     <span class='ocr_line' id='line_1_76' title="bbox 1122 1494 1807 1538; baseline -0.007 -9"><span class='ocrx_word' id='word_1_406' title='bbox 1122 1498 1218 1538; x_wconf 81' lang='lat' dir='ltr'>hujus</span> <span class='ocrx_word' id='word_1_407' title='bbox 1231 1498 1402 1529; x_wconf 77' lang='lat' dir='ltr'>sermonis.</span> <span class='ocrx_word' id='word_1_408' title='bbox 1442 1496 1661 1537; x_wconf 63' lang='lat' dir='ltr'>[Brun-dicium</span> <span class='ocrx_word' id='word_1_409' title='bbox 1674 1494 1807 1536; x_wconf 88' lang='lat' dir='ltr'>plurimi</span> 
     </span>
     <span class='ocr_line' id='line_1_77' title="bbox 1123 1542 1806 1578; baseline -0.007 0"><span class='ocrx_word' id='word_1_410' title='bbox 1123 1546 1221 1578; x_wconf 84' lang='lat' dir='ltr'>codd.</span> <span class='ocrx_word' id='word_1_411' title='bbox 1239 1547 1314 1577; x_wconf 76' lang='lat' dir='ltr'>Feae</span> <span class='ocrx_word' id='word_1_412' title='bbox 1331 1550 1365 1577; x_wconf 88' lang='lat' dir='ltr'>et</span> <span class='ocrx_word' id='word_1_413' title='bbox 1377 1545 1486 1576; x_wconf 89' lang='lat' dir='ltr'>Pulm.</span> <span class='ocrx_word' id='word_1_414' title='bbox 1499 1550 1534 1575; x_wconf 86' lang='lat' dir='ltr'>et</span> <span class='ocrx_word' id='word_1_415' title='bbox 1545 1543 1623 1576; x_wconf 87' lang='lat' dir='ltr'>edd.</span> <span class='ocrx_word' id='word_1_416' title='bbox 1636 1547 1720 1575; x_wconf 80' lang='lat' dir='ltr'>vett.</span> <span class='ocrx_word' id='word_1_417' title='bbox 1733 1542 1806 1573; x_wconf 65' lang='grc' dir='ltr'>υἱω-</span> 
     </span>
     <span class='ocr_line' id='line_1_78' title="bbox 1122 1593 1622 1635; baseline -0.006 -9"><span class='ocrx_word' id='word_1_418' title='bbox 1122 1603 1179 1635; x_wconf 76' lang='lat' dir='ltr'>que</span> <span class='ocrx_word' id='word_1_419' title='bbox 1193 1598 1238 1626; x_wconf 81' lang='lat' dir='ltr'>est</span> <span class='ocrx_word' id='word_1_420' title='bbox 1253 1594 1348 1626; x_wconf 87' lang='lat' dir='ltr'>multi</span> <span class='ocrx_word' id='word_1_421' title='bbox 1364 1593 1463 1625; x_wconf 85' lang='lat' dir='ltr'>codd.</span> <span class='ocrx_word' id='word_1_422' title='bbox 1478 1597 1514 1624; x_wconf 89' lang='lat' dir='ltr'>et</span> <span class='ocrx_word' id='word_1_423' title='bbox 1528 1593 1622 1633; x_wconf 88' lang='lat' dir='ltr'>edd.]</span> 
     </span>
    </p>

    <p class='ocr_par' dir='ltr' id='par_1_20' title="bbox 1119 1642 1808 2317">
     <span class='ocr_line' id='line_1_79' title="bbox 1119 1642 1806 1682; baseline -0.003 -8"><span class='ocrx_word' id='word_1_424' title='bbox 1119 1643 1200 1674; x_wconf 71' lang='lat' dir='ltr'>Su.</span> <span class='ocrx_word' id='word_1_425' title='bbox 1237 1651 1286 1674; x_wconf 79' lang='lat' dir='ltr'>vi.</span> <span class='ocrx_word' id='word_1_426' title='bbox 1335 1642 1568 1682; x_wconf 83' lang='lat' dir='ltr'>Reprehendit</span> <span class='ocrx_word' id='word_1_427' title='bbox 1596 1650 1717 1672; x_wconf 86' lang='lat' dir='ltr'>vanum</span> <span class='ocrx_word' id='word_1_428' title='bbox 1747 1649 1806 1681; x_wconf 88' lang='lat' dir='ltr'>po-</span> 
     </span>
     <span class='ocr_line' id='line_1_80' title="bbox 1166 1689 1807 1731; baseline -0.002 -10"><span class='ocrx_word' id='word_1_429' title='bbox 1166 1691 1234 1731; x_wconf 90' lang='lat' dir='ltr'>puli</span> <span class='ocrx_word' id='word_1_430' title='bbox 1255 1692 1351 1721; x_wconf 90' lang='lat' dir='ltr'>Rom.</span> <span class='ocrx_word' id='word_1_431' title='bbox 1372 1690 1414 1720; x_wconf 92' lang='lat' dir='ltr'>de</span> <span class='ocrx_word' id='word_1_432' title='bbox 1437 1689 1612 1720; x_wconf 81' lang='lat' dir='ltr'>nobilitate</span> <span class='ocrx_word' id='word_1_433' title='bbox 1630 1689 1807 1729; x_wconf 84' lang='lat' dir='ltr'>judicium,</span> 
     </span>
     <span class='ocr_line' id='line_1_81' title="bbox 1166 1737 1807 1780; baseline -0.002 -11"><span class='ocrx_word' id='word_1_434' title='bbox 1166 1739 1254 1780; x_wconf 86' lang='lat' dir='ltr'>quod</span> <span class='ocrx_word' id='word_1_435' title='bbox 1270 1748 1344 1770; x_wconf 86' lang='lat' dir='ltr'>eam</span> <span class='ocrx_word' id='word_1_436' title='bbox 1361 1742 1572 1769; x_wconf 74' lang='lat' dir='ltr'>stemmatum</span> <span class='ocrx_word' id='word_1_437' title='bbox 1589 1737 1807 1778; x_wconf 80' lang='lat' dir='ltr'>antiquitate,</span> 
     </span>
     <span class='ocr_line' id='line_1_82' title="bbox 1166 1785 1808 1825; baseline -0.002 -7"><span class='ocrx_word' id='word_1_438' title='bbox 1166 1797 1231 1819; x_wconf 89' lang='lat' dir='ltr'>non</span> <span class='ocrx_word' id='word_1_439' title='bbox 1248 1787 1372 1818; x_wconf 84' lang='lat' dir='ltr'>virtute</span> <span class='ocrx_word' id='word_1_440' title='bbox 1387 1787 1577 1825; x_wconf 86' lang='lat' dir='ltr'>metiretur,</span> <span class='ocrx_word' id='word_1_441' title='bbox 1588 1789 1624 1817; x_wconf 89' lang='lat' dir='ltr'>et</span> <span class='ocrx_word' id='word_1_442' title='bbox 1634 1785 1808 1817; x_wconf 78' lang='lat' dir='ltr'>nobilitate</span> 
     </span>
     <span class='ocr_line' id='line_1_83' title="bbox 1167 1834 1808 1876; baseline -0.003 -9"><span class='ocrx_word' id='word_1_443' title='bbox 1167 1837 1224 1868; x_wconf 89' lang='lat' dir='ltr'>illa</span> <span class='ocrx_word' id='word_1_444' title='bbox 1249 1845 1315 1867; x_wconf 90' lang='lat' dir='ltr'>non</span> <span class='ocrx_word' id='word_1_445' title='bbox 1346 1835 1506 1876; x_wconf 61' lang='lat' dir='ltr'>praeditos</span> <span class='ocrx_word' id='word_1_446' title='bbox 1534 1835 1575 1865; x_wconf 82' lang='lat' dir='ltr'>ad</span> <span class='ocrx_word' id='word_1_447' title='bbox 1599 1834 1808 1875; x_wconf 80' lang='lat' dir='ltr'>magistratus</span> 
     </span>
     <span class='ocr_line' id='line_1_84' title="bbox 1167 1883 1807 1918; baseline -0.006 0"><span class='ocrx_word' id='word_1_448' title='bbox 1167 1895 1232 1918; x_wconf 92' lang='lat' dir='ltr'>non</span> <span class='ocrx_word' id='word_1_449' title='bbox 1249 1886 1391 1916; x_wconf 75' lang='lat' dir='ltr'>libenter</span> <span class='ocrx_word' id='word_1_450' title='bbox 1405 1883 1612 1915; x_wconf 88' lang='lat' dir='ltr'>admitteret.</span> <span class='ocrx_word' id='word_1_451' title='bbox 1655 1883 1726 1914; x_wconf 85' lang='lat' dir='ltr'>Sibi</span> <span class='ocrx_word' id='word_1_452' title='bbox 1741 1892 1807 1915; x_wconf 90' lang='lat' dir='ltr'>non</span> 
     </span>
     <span class='ocr_line' id='line_1_85' title="bbox 1167 1932 1808 1966; baseline -0.005 0"><span class='ocrx_word' id='word_1_453' title='bbox 1167 1934 1285 1966; x_wconf 84' lang='lat' dir='ltr'>eadem</span> <span class='ocrx_word' id='word_1_454' title='bbox 1301 1933 1431 1965; x_wconf 89' lang='lat' dir='ltr'>ratione</span> <span class='ocrx_word' id='word_1_455' title='bbox 1445 1932 1624 1964; x_wconf 70' lang='lat' dir='ltr'>amicitiam</span> <span class='ocrx_word' id='word_1_456' title='bbox 1639 1932 1808 1964; x_wconf 77' lang='lat' dir='ltr'>Moecena·</span> 
     </span>
     <span class='ocr_line' id='line_1_86' title="bbox 1167 1982 1807 2024; baseline -0.005 -9"><span class='ocrx_word' id='word_1_457' title='bbox 1167 1984 1222 2020; x_wconf 84' lang='lat' dir='ltr'>tis,</span> <span class='ocrx_word' id='word_1_458' title='bbox 1239 1993 1305 2024; x_wconf 92' lang='lat' dir='ltr'>qua</span> <span class='ocrx_word' id='word_1_459' title='bbox 1330 1982 1550 2023; x_wconf 84' lang='lat' dir='ltr'>tribunatum,</span> <span class='ocrx_word' id='word_1_460' title='bbox 1571 1990 1669 2022; x_wconf 76' lang='lat' dir='ltr'>posse</span> <span class='ocrx_word' id='word_1_461' title='bbox 1693 1990 1807 2023; x_wconf 87' lang='lat' dir='ltr'>qnem-</span> 
     </span>
     <span class='ocr_line' id='line_1_87' title="bbox 1165 2031 1807 2076; baseline -0.005 -10"><span class='ocrx_word' id='word_1_462' title='bbox 1165 2045 1262 2076; x_wconf 87' lang='lat' dir='ltr'>quam</span> <span class='ocrx_word' id='word_1_463' title='bbox 1279 2033 1448 2065; x_wconf 87' lang='lat' dir='ltr'>invidere:</span> <span class='ocrx_word' id='word_1_464' title='bbox 1463 2043 1560 2074; x_wconf 88' lang='lat' dir='ltr'>quum</span> <span class='ocrx_word' id='word_1_465' title='bbox 1575 2033 1648 2064; x_wconf 83' lang='lat' dir='ltr'>haec</span> <span class='ocrx_word' id='word_1_466' title='bbox 1664 2041 1732 2064; x_wconf 87' lang='lat' dir='ltr'>non</span> <span class='ocrx_word' id='word_1_467' title='bbox 1740 2031 1807 2063; x_wconf 84' lang='lat' dir='ltr'>for·</span> 
     </span>
     <span class='ocr_line' id='line_1_88' title="bbox 1165 2083 1807 2123; baseline -0.003 -8"><span class='ocrx_word' id='word_1_468' title='bbox 1165 2090 1256 2116; x_wconf 83' lang='lat' dir='ltr'>tunae</span> <span class='ocrx_word' id='word_1_469' title='bbox 1278 2084 1393 2123; x_wconf 88' lang='lat' dir='ltr'>fuerit,</span> <span class='ocrx_word' id='word_1_470' title='bbox 1406 2084 1464 2114; x_wconf 82' lang='lat' dir='ltr'>sed</span> <span class='ocrx_word' id='word_1_471' title='bbox 1488 2083 1619 2114; x_wconf 79' lang='lat' dir='ltr'>virtutis</span> <span class='ocrx_word' id='word_1_472' title='bbox 1641 2091 1807 2114; x_wconf 83' lang='lat' dir='ltr'>commen·</span> 
     </span>
     <span class='ocr_line' id='line_1_89' title="bbox 1165 2130 1806 2172; baseline -0.005 -9"><span class='ocrx_word' id='word_1_473' title='bbox 1165 2133 1302 2163; x_wconf 84' lang='lat' dir='ltr'>datione</span> <span class='ocrx_word' id='word_1_474' title='bbox 1324 2132 1467 2172; x_wconf 84' lang='lat' dir='ltr'>quaesita</span> <span class='ocrx_word' id='word_1_475' title='bbox 1483 2137 1544 2162; x_wconf 85' lang='lat' dir='ltr'>est.</span> <span class='ocrx_word' id='word_1_476' title='bbox 1586 2130 1806 2170; x_wconf 86' lang='lat' dir='ltr'>Tandemque</span> 
     </span>
     <span class='ocr_line' id='line_1_90' title="bbox 1163 2178 1803 2218; baseline -0.005 -6"><span class='ocrx_word' id='word_1_477' title='bbox 1163 2190 1256 2212; x_wconf 86' lang='lat' dir='ltr'>suam</span> <span class='ocrx_word' id='word_1_478' title='bbox 1272 2179 1496 2211; x_wconf 89' lang='lat' dir='ltr'>conditionem</span> <span class='ocrx_word' id='word_1_479' title='bbox 1513 2180 1609 2218; x_wconf 81' lang='lat' dir='ltr'>longe</span> <span class='ocrx_word' id='word_1_480' title='bbox 1633 2178 1803 2209; x_wconf 86' lang='lat' dir='ltr'>meliorem</span> 
     </span>
     <span class='ocr_line' id='line_1_91' title="bbox 1162 2226 1804 2269; baseline -0.003 -9"><span class='ocrx_word' id='word_1_481' title='bbox 1162 2230 1196 2260; x_wconf 90' lang='lat' dir='ltr'>in</span> <span class='ocrx_word' id='word_1_482' title='bbox 1222 2229 1290 2260; x_wconf 81' lang='lat' dir='ltr'>vita</span> <span class='ocrx_word' id='word_1_483' title='bbox 1317 2228 1449 2269; x_wconf 83' lang='lat' dir='ltr'>privata</span> <span class='ocrx_word' id='word_1_484' title='bbox 1472 2226 1634 2267; x_wconf 85' lang='lat' dir='ltr'>ostendit,</span> <span class='ocrx_word' id='word_1_485' title='bbox 1648 2235 1747 2268; x_wconf 88' lang='lat' dir='ltr'>quam</span> <span class='ocrx_word' id='word_1_486' title='bbox 1770 2227 1804 2258; x_wconf 90' lang='lat' dir='ltr'>in</span> 
     </span>
     <span class='ocr_line' id='line_1_92' title="bbox 1163 2276 1583 2317; baseline -0.007 -8"><span class='ocrx_word' id='word_1_487' title='bbox 1163 2278 1362 2317; x_wconf 84' lang='lat' dir='ltr'>magistratu</span> <span class='ocrx_word' id='word_1_488' title='bbox 1377 2285 1451 2307; x_wconf 84' lang='lat' dir='ltr'>esse</span> <span class='ocrx_word' id='word_1_489' title='bbox 1465 2276 1583 2316; x_wconf 82' lang='lat' dir='ltr'>possit.</span> 
     </span>
    </p>

    <p class='ocr_par' dir='ltr' id='par_1_21' title="bbox 1118 2324 1807 2802">
     <span class='ocr_line' id='line_1_93' title="bbox 1164 2324 1803 2366; baseline 0 -9"><span class='ocrx_word' id='word_1_490' title='bbox 1164 2329 1181 2357; x_wconf 87' lang='lat'>1</span> <span class='ocrx_word' id='word_1_491' title='bbox 1206 2327 1292 2364; x_wconf 85' lang='lat' dir='ltr'>Non,</span> <span class='ocrx_word' id='word_1_492' title='bbox 1307 2326 1379 2366; x_wconf 76' lang='lat' dir='ltr'>quia</span> <span class='ocrx_word' id='word_1_493' title='bbox 1395 2325 1560 2364; x_wconf 63' lang='grc' dir='ltr'><strong><em>Μαι-επεν,</em></strong></span> <span class='ocrx_word' id='word_1_494' title='bbox 1575 2324 1746 2366; x_wconf 72' lang='lat' dir='ltr'>Lydorum]</span> <span class='ocrx_word' id='word_1_495' title='bbox 1771 2325 1803 2357; x_wconf 93' lang='grc' dir='ltr'><strong>Ο</strong></span> 
     </span>
     <span class='ocr_line' id='line_1_94' title="bbox 1119 2373 1804 2414; baseline -0.001 -7"><span class='ocrx_word' id='word_1_496' title='bbox 1119 2375 1379 2414; x_wconf 82' lang='lat' dir='ltr'>Maecenas,non</span> <span class='ocrx_word' id='word_1_497' title='bbox 1395 2373 1472 2405; x_wconf 87' lang='lat' dir='ltr'>ideo</span> <span class='ocrx_word' id='word_1_498' title='bbox 1481 2373 1658 2414; x_wconf 79' lang='lat' dir='ltr'>suspendis</span> <span class='ocrx_word' id='word_1_499' title='bbox 1674 2373 1804 2414; x_wconf 78' lang='lat' dir='ltr'>ignotos</span> 
     </span>
     <span class='ocr_line' id='line_1_95' title="bbox 1121 2423 1805 2465; baseline -0.001 -9"><span class='ocrx_word' id='word_1_500' title='bbox 1121 2434 1202 2456; x_wconf 82' lang='lat' dir='ltr'>naso</span> <span class='ocrx_word' id='word_1_501' title='bbox 1224 2425 1366 2464; x_wconf 87' lang='lat' dir='ltr'>adunco,</span> <span class='ocrx_word' id='word_1_502' title='bbox 1383 2425 1461 2465; x_wconf 86' lang='lat' dir='ltr'>quia</span> <span class='ocrx_word' id='word_1_503' title='bbox 1483 2423 1675 2464; x_wconf 73' lang='lat' dir='ltr'>generosior</span> <span class='ocrx_word' id='word_1_504' title='bbox 1691 2428 1745 2455; x_wconf 76' lang='lat' dir='ltr'>est</span> <span class='ocrx_word' id='word_1_505' title='bbox 1770 2429 1805 2455; x_wconf 87' lang='lat' dir='ltr'>te</span> 
     </span>
     <span class='ocr_line' id='line_1_96' title="bbox 1120 2472 1807 2514; baseline -0.001 -10"><span class='ocrx_word' id='word_1_506' title='bbox 1120 2483 1219 2505; x_wconf 88' lang='lat' dir='ltr'>nemo</span> <span class='ocrx_word' id='word_1_507' title='bbox 1247 2474 1392 2504; x_wconf 88' lang='lat' dir='ltr'>omnium</span> <span class='ocrx_word' id='word_1_508' title='bbox 1419 2472 1598 2514; x_wconf 82' lang='lat' dir='ltr'>Lydorum,</span> <span class='ocrx_word' id='word_1_509' title='bbox 1625 2473 1682 2514; x_wconf 84' lang='lat' dir='ltr'>qni</span> <span class='ocrx_word' id='word_1_510' title='bbox 1708 2473 1807 2504; x_wconf 82' lang='lat' dir='ltr'>Etru-</span> 
     </span>
     <span class='ocr_line' id='line_1_97' title="bbox 1121 2521 1804 2563; baseline -0.001 -9"><span class='ocrx_word' id='word_1_511' title='bbox 1121 2523 1202 2554; x_wconf 83' lang='lat' dir='ltr'>riam</span> <span class='ocrx_word' id='word_1_512' title='bbox 1224 2523 1447 2554; x_wconf 84' lang='lat' dir='ltr'>incoluerunt.</span> <span class='ocrx_word' id='word_1_513' title='bbox 1490 2521 1660 2563; x_wconf 74' lang='lat' dir='ltr'>Lydorum]</span> <span class='ocrx_word' id='word_1_514' title='bbox 1693 2521 1804 2563; x_wconf 80' lang='lat' dir='ltr'>Lydos</span> 
     </span>
     <span class='ocr_line' id='line_1_98' title="bbox 1121 2570 1804 2613; baseline -0.003 -9"><span class='ocrx_word' id='word_1_515' title='bbox 1121 2573 1206 2604; x_wconf 87' lang='lat' dir='ltr'>duce</span> <span class='ocrx_word' id='word_1_516' title='bbox 1221 2573 1404 2613; x_wconf 88' lang='lat' dir='ltr'>Tyrrheno,</span> <span class='ocrx_word' id='word_1_517' title='bbox 1422 2571 1579 2604; x_wconf 83' lang='lat' dir='ltr'>Herculis</span> <span class='ocrx_word' id='word_1_518' title='bbox 1596 2571 1648 2602; x_wconf 83' lang='lat' dir='ltr'>vel</span> <span class='ocrx_word' id='word_1_519' title='bbox 1665 2570 1733 2603; x_wconf 80' lang='lat' dir='ltr'>tilio</span> <span class='ocrx_word' id='word_1_520' title='bbox 1753 2571 1804 2602; x_wconf 87' lang='lat' dir='ltr'>vel</span> 
     </span>
     <span class='ocr_line' id='line_1_99' title="bbox 1120 2620 1803 2663; baseline -0.001 -11"><span class='ocrx_word' id='word_1_521' title='bbox 1120 2627 1256 2663; x_wconf 84' lang='lat' dir='ltr'>nepote,</span> <span class='ocrx_word' id='word_1_522' title='bbox 1282 2623 1316 2653; x_wconf 90' lang='lat' dir='ltr'>in</span> <span class='ocrx_word' id='word_1_523' title='bbox 1345 2621 1476 2653; x_wconf 84' lang='lat' dir='ltr'>Italiam</span> <span class='ocrx_word' id='word_1_524' title='bbox 1514 2621 1655 2657; x_wconf 80' lang='lat' dir='ltr'>venisse,</span> <span class='ocrx_word' id='word_1_525' title='bbox 1684 2620 1803 2652; x_wconf 83' lang='lat' dir='ltr'>bonam</span> 
     </span>
     <span class='ocr_line' id='line_1_100' title="bbox 1118 2668 1802 2712; baseline -0.003 -10"><span class='ocrx_word' id='word_1_526' title='bbox 1118 2671 1262 2702; x_wconf 66' lang='lat' dir='ltr'>Etruriae</span> <span class='ocrx_word' id='word_1_527' title='bbox 1291 2675 1421 2712; x_wconf 87' lang='lat' dir='ltr'>partem</span> <span class='ocrx_word' id='word_1_528' title='bbox 1450 2674 1645 2711; x_wconf 74' lang='lat' dir='ltr'>occupasse,</span> <span class='ocrx_word' id='word_1_529' title='bbox 1673 2679 1713 2701; x_wconf 77' lang='lat' dir='ltr'>ac</span> <span class='ocrx_word' id='word_1_530' title='bbox 1737 2668 1802 2700; x_wconf 79' lang='lat' dir='ltr'>fre-</span> 
     </span>
     <span class='ocr_line' id='line_1_101' title="bbox 1119 2717 1801 2761; baseline -0.004 -10"><span class='ocrx_word' id='word_1_531' title='bbox 1119 2725 1260 2761; x_wconf 87' lang='lat' dir='ltr'>quentes</span> <span class='ocrx_word' id='word_1_532' title='bbox 1276 2729 1318 2752; x_wconf 91' lang='lat' dir='ltr'>eo</span> <span class='ocrx_word' id='word_1_533' title='bbox 1331 2718 1478 2752; x_wconf 84' lang='lat' dir='ltr'>colonias</span> <span class='ocrx_word' id='word_1_534' title='bbox 1492 2718 1639 2759; x_wconf 83' lang='lat' dir='ltr'>duxisse,</span> <span class='ocrx_word' id='word_1_535' title='bbox 1651 2717 1801 2751; x_wconf 74' lang='lat' dir='ltr'>omnibus</span> 
     </span>
     <span class='ocr_line' id='line_1_102' title="bbox 1119 2765 1800 2802; baseline -0.009 0"><span class='ocrx_word' id='word_1_536' title='bbox 1119 2773 1233 2802; x_wconf 88' lang='lat' dir='ltr'>notum</span> <span class='ocrx_word' id='word_1_537' title='bbox 1249 2773 1313 2802; x_wconf 84' lang='lat' dir='ltr'>est.</span> <span class='ocrx_word' id='word_1_538' title='bbox 1343 2767 1457 2801; x_wconf 75' lang='lat' dir='ltr'>Graeci</span> <span class='ocrx_word' id='word_1_539' title='bbox 1473 2776 1552 2799; x_wconf 85' lang='lat' dir='ltr'>sane</span> <span class='ocrx_word' id='word_1_540' title='bbox 1565 2774 1694 2799; x_wconf 86' lang='lat' dir='ltr'>omnem</span> <span class='ocrx_word' id='word_1_541' title='bbox 1708 2765 1800 2797; x_wconf 85' lang='lat' dir='ltr'>illum</span> 
     </span>
    </p>
   </div>
  </div>
 </body>
</html>
