1916 3262
597 299 661 330 nn
691 298 826 330 Ani-n
859 299 1083 330 Pon'rrcA.
1449 292 1560 334 1301

111 395 265 438 Ausus
286 397 426 439 idem:
456 398 626 437 tantum
648 393 786 435 series
803 391 1103 448 junctumque
1123 392 1287 447 pollet3

111 462 308 505 Tantum
329 464 383 506 de
402 462 545 504 medio
565 461 720 503 sumtis
740 460 911 503 accedit
929 460 1124 502 honoris.

113 530 261 583 Sylvis
280 531 462 573 deducti
481 533 680 579 caveant,
700 541 770 570 me
793 528 962 584 Judice,
983 529 1144 578 Fauni,

115 597 203 648 Ne,
225 599 344 640 velut
358 597 496 639 innati
516 596 659 638 triviis
681 609 735 638 ac
757 609 887 650 paene
907 595 1129 645 forenseS,
1481 593 1568 635 245

110 663 204 707 Aut
222 665 400 706 nimium
420 664 585 705 teneris
598 662 867 717 juvenentur
884 661 1091 705 versibus
1111 673 1323 716 unquam,

111 730 207 773 Aut
227 733 447 774 immunda
462 736 645 786 crepent
665 731 1048 785 ignominiosaque
1070 729 1214 771 dicta:

114 797 403 842 Offenduntur
422 799 537 839 enim
558 799 716 852 quibus
738 801 807 840 est
828 810 985 852 equus„
1006 802 1051 838 et
1070 800 1214 851 pater,
1235 800 1281 838 et
1301 808 1400 847 res;

114 864 229 915 Nec,
251 865 290 906 si
309 865 419 919 quid
437 865 556 907 fricti
577 867 738 908 ciceris
757 866 916 920 probat
933 870 980 907 et
1005 865 1135 906 nucis
1158 866 1311 914 emtor,

112 1001 193 1024 rom·
241 994 378 1026 Tantum
390 995 494 1027 valent
507 996 582 1026 ordo
605 998 636 1025 et
659 993 827 1025 connexio.-
850 996 974 1025 tantum
987 993 1163 1026 venustatis
1176 994 1296 1025 addunt
1310 994 1492 1032 arg-umento
1503 991 1572 1022 vul-

109 1035 195 1084 gari.
240 1035 354 1078 Satyri
368 1048 385 1069 e
398 1039 496 1079 sylvis
510 1037 695 1079 prodeuntes
709 1045 770 1067 non
785 1035 909 1075 debent,
929 1039 966 1067 ut
980 1036 1101 1077 opinor,
1125 1040 1275 1076 tanquam
1289 1036 1323 1067 in
1338 1034 1464 1066 urbibus
1478 1037 1572 1074 atque

111 1077 231 1115 nnsoro
245 1079 368 1111 educati
380 1080 518 1111 carmina
524 1078 683 1118 juvenilia
697 1082 730 1110 et
743 1077 838 1110 nimis
852 1078 952 1119 polita
966 1079 1080 1116 dicere,
1103 1089 1158 1110 nec
1173 1079 1313 1109 obscoeno
1338 1080 1370 1109 et
1391 1076 1572 1108 contumeli-

113 1128 167 1151 osa
180 1125 333 1154 eructare.
378 1123 444 1155 His
458 1123 540 1154 enim
557 1121 758 1164 offenduntur
783 1120 929 1152 habentes
954 1131 1075 1162 equum,
1099 1125 1131 1153 et
1153 1125 1286 1162 patrem,
1309 1123 1340 1151 et
1362 1129 1433 1160 opes
1444 1131 1454 1151 .-
1477 1127 1574 1158 neque

724 1213 971 1228 Oumuo

113 1282 177 1314 ries
189 1284 322 1314 mum.
364 1282 597 1314 Schoenborn.
612 1284 645 1314 4.
662 1281 865 1322 vincturaque
876 1281 1092 1322 pollen—243
1110 1278 1244 1310 Heller.
1259 1283 1296 1309 et
1306 1277 1456 1318 quinque
1472 1274 1574 1307 codd.

113 1324 205 1364 Feoe,
217 1326 351 1356 accedet.
395 1325 626 1357 Schoenborn.
643 1326 674 1356 1.
689 1323 945 1356 accedia—244
970 1321 1168 1353 Markland.
1193 1319 1236 1351 ad
1260 1320 1381 1359 Eurip.
1405 1319 1526 1358 Suppl.
1540 1318 1575 1348 in

114 1365 276 1407 Append.
292 1374 325 1407 p.
339 1369 415 1398 257.
438 1367 531 1407 conj.
547 1367 664 1406 educti,
679 1365 768 1405 quod
783 1363 913 1396 habent
929 1363 1011 1395 vat.
1030 1364 1127 1394 Rom.
1143 1366 1175 1393 9.
1188 1366 1225 1393 et
1241 1361 1398 1392 Vallicel.
1413 1363 1446 1391 3.
1471 1360 1576 1400 adop-

115 1409 204 1440 tavit
231 1408 491 1441 Schelle.—24e
513 1407 646 1439 Heller.
674 1406 990 1438 invenientem—24¹1
1012 1405 1156 1436 Veneti.
1171 1406 1268 1435 1479.
1294 1405 1391 1435 1483.
1418 1404 1517 1434 1486.
1541 1407 1578 1433 et

113 1451 264 1483 Florem.
278 1451 375 1482 1482.
389 1452 513 1490 crepent
537 1450 561 1481 i.
584 1449 796 1481 verbm—249
818 1448 948 1488 Viginti
965 1457 1025 1479 sex
1041 1447 1142 1479 codd.
1159 1447 1254 1486 Feae,
1269 1451 1306 1476 et
1330 1445 1428 1476 Harl.
1445 1447 1475 1476 1.
1491 1446 1522 1475 2.
1544 1446 1576 1475 4.

113 1495 145 1524 6.
160 1492 324 1532 7.]’ναεείς
347 1493 396 1524 sic
413 1492 471 1524 alii
494 1493 579 1524 Mss.
596 1492 686 1532 apud
703 1491 816 1522 Pulm.
840 1491 1097 1523 commentator
1113 1489 1344 1530 cruquianus,
1361 1487 1443 1519 edit.
1460 1486 1576 1517 Princ-

113 1534 209 1566 Med.
226 1537 323 1567 1476.
345 1536 456 1567 Venn.
475 1537 570 1566 1478.
586 1536 681 1566 1479.
698 1535 903 1566 1481.1483.
921 1534 1017 1564 1486.
1035 1535 1131 1564 1490.
1145 1535 1238 1563 1495.
1253 1533 1350 1562 1514.
1366 1531 1462 1561 1546.
1481 1531 1578 1560 1552.

114 1577 207 1608 Flor.
224 1579 320 1609 1482.
343 1576 450 1610 Aldus
468 1579 563 1608 1501.
585 1577 743 1608 Britann.
758 1578 853 1608 1520.
876 1575 997 1607 Basill.
1015 1578 1111 1607 1527.
1127 1576 1224 1606 1531.
1249 1572 1343 1605 Frib.
1360 1574 1456 1603 1536.
1472 1571 1575 1602 Dion.

115 1618 160 1651 ab
175 1618 301 1652 Harsio
318 1618 427 1662 Lugd.
444 1621 540 1652 1538.
559 1620 568 1637 ‘
587 1619 715 1650 Merito
730 1619 818 1650 hanc
835 1618 1017 1650 lectionem
1035 1618 1261 1649 deseruerunt
1274 1615 1425 1647 editores
1441 1613 1579 1646 critici-³

117 1661 194 1694 Fea.
239 1662 338 1701 fricti
358 1668 436 1695 octo
451 1661 552 1694 codd.
566 1662 661 1698 Feae,
678 1661 745 1693 dno
764 1661 882 1693 Lamb.
899 1660 996 1692 Harl.
1010 1662 1042 1692 3.
1060 1660 1212 1702 quinque
1227 1659 1339 1690 Pulm.
1355 1666 1471 1688 omnes
1489 1657 1576 1688 Cru-

116 1704 200 1778 gpii,
225 1704 335 1737 Aldus
352 1707 447 1737 1509.
466 1708 563 1736 1519.
585 1704 697 1737 Jnnta
713 1706 808 1736 1503.
830 1703 1020 1736 defenduut
1042 1702 1258 1742 Parrhasius,
1280 1699 1398 1732 Lamb.
1414 1699 1519 1731 Jason
1535 1698 1579 1728 de

152 1755 240 1786 ores,
254 1746 404 1779 Turneb.
419 1746 566 1778 Advers.
582 1755 663 1778 xix.
678 1749 712 1777 9.
736 1747 828 1778 Mur.
853 1747 957 1786 Cruq.
981 1745 1092 1777 Pnlm.
1114 1744 1223 1776 Clrab.
1243 1742 1354 1774 Bond.
1374 1743 1502 1781 Despr.
1530 1741 1579 1770 D.

117 1786 243 1822 Heins-
273 1790 442 1829 Nannius,
463 1789 562 1821 Talb.
577 1789 670 1820 Dae.
696 1789 800 1820 Baxt.
826 1788 944 1819 Bentl.
960 1787 1085 1829 aliique
1109 1786 1319 1818 recentiores
1342 1785 1580 1816 omues.-250

782 1882 924 1916 NOTAE

163 1950 228 1980 242
250 1947 373 1989 Seu-ies]
397 1948 522 1980 Rerum
539 1946 719 1990 dispositio
734 1947 823 1979 scita

123 2002 159 2030 et
175 1998 361 2038 ingeniosa.

162 2048 338 2089 Junctum]
354 2049 536 2081 structura
549 2047 727 2081 verborum
741 2048 821 2079 arti-

123 2096 252 2130 ficiosa.

161 2149 226 2180 24³
249 2147 380 2180 Accedit
393 2148 534 2189 honoris]
565 2149 618 2180 Ex
633 2148 689 2180 illa
703 2147 823 2179 solerti

120 2196 333 2239 inventione,
356 2198 508 2239 fictione,
535 2198 756 2234 connexione,
772 2207 825 2230 or·

122 2246 212 2279 dine.

163 2298 228 2329 m
249 2295 356 2339 Sylvis
382 2297 524 2339 deducti]
557 2298 637 2336 Vel,
668 2301 826 2340 agrestes

123 2346 208 2378 etin
231 2348 334 2388 sylvis
354 2347 515 2380 educati:
539 2349 594 2380 vel
608 2358 627 2380 e
643 2348 825 2389 proscenio

123 2397 283 2438 sylvestri
323 2403 360 2430 et
393 2398 575 2438 nemomsoff
608 2398 826 2439 prodeuntes.

126 2447 218 2479 Nam
241 2447 369 2488 triplex
395 2453 472 2480 erat
495 2457 607 2480 scenae
632 2448 740 2481 forma
767 2448 830 2480 tri·

126 2496 210 2538 plici
239 2496 383 2528 dramati
416 2498 638 2539 respondens.
681 2499 828 2540 Tragion

126 2545 294 2578 columnis
315 2544 470 2585 suffulta,
490 2548 712 2589 superbisque
733 2547 830 2581 fasti·

127 2596 192 2637 giis
204 2599 240 2632 et
253 2595 359 2637 signis
375 2601 511 2628 ornata.
552 2597 690 2630 Comica
703 2598 828 2631 aedium

125 2646 335 2688 privatarum
352 2646 500 2687 speciem
517 2646 734 2679 ostendabat.
771 2648 829 2680 Sa·

126 2696 239 2737 tyrica
274 2695 426 2735 arbores,
459 2700 606 2732 monteri,
637 2698 832 2740 speluncas,

126 2747 276 2787 agrestia
305 2745 420 2778 omnia
450 2745 647 2778 exhibebat.
692 2746 830 2781 Vitruv.

130 2804 198 2828 vn.
213 2799 245 2828 5.

170 2842 292 2887 Fauni]
313 2845 374 2878 Dii
400 2845 598 2887 sylvestres,
617 2845 675 2888 qui
697 2849 734 2878 et
754 2845 831 2887 Syl-

877 1946 954 1978 vani
970 1949 1007 1978 et
1027 1945 1160 1986 Satyri.
1184 1945 1228 1976 de
1253 1944 1304 1976 bis
1323 1944 1395 1985 jam
1413 1952 1438 1974 ι.
1456 1938 1526 1975 Odi
1548 1947 1582 1976 4.

875 2006 917 2029 ιι.
930 1996 1001 2028 Od.
1017 1999 1069 2028 17.
1086 2005 1142 2027 ιιι.
1156 1995 1225 2027 Od.
1245 1997 1297 2026 18.

918 2050 983 2079 246
1009 2047 1136 2079 Teneris
1144 2046 1335 2085 juvenentur
1348 2043 1502 2084 versibus]
1527 2044 1581 2076 Ne

877 2098 1029 2130 versibus
1049 2097 1190 2128 nimium
1215 2094 1361 2126 excultis
1380 2094 1583 2134 juveniliter

875 2152 911 2180 et
938 2147 1127 2179 scurriliter
1152 2145 1355 2177 lasciviant:
1379 2143 1438 2175 sed
1455 2143 1582 2185 ubique

874 2197 1129 2239 simplicitatem
1147 2195 1354 2227 rusticanam
1371 2193 1562 2225 redoleant.

919 2250 983 2280 247
1011 2244 1235 2287 Ignominiam]
1270 2244 1410 2276 Famam
1436 2244 1583 2284 alicujus

875 2296 1134 2330 labefactantia.

920 2351 986 2381 248
1010 2348 1130 2385 Quibus
1141 2350 1188 2379 est
1197 2355 1306 2387 equus,
1317 2347 1348 2376 et
1359 2344 1467 2385 pater]
1482 2344 1586 2385 Equi-

879 2402 932 2431 tes
957 2399 1054 2430 Rom.
1070 2402 1106 2430 et
1126 2395 1293 2429 Patricii:
1318 2394 1454 2426 honesti
1471 2395 1533 2426 viri
1549 2397 1586 2425 et

881 2448 1026 2481 nobiles.

922 2501 988 2531 249
1013 2497 1118 2530 Fricti
1145 2495 1256 2528 ciceris
1286 2497 1317 2525 et
1350 2493 1440 2524 nucis
1471 2491 1586 2531 emtor]

879 2549 1044 2582 Homines
1064 2546 1188 2578 infimae
1213 2544 1317 2576 sortis
1337 2553 1356 2573 e
1382 2541 1505 2583 plebe:
1529 2541 1586 2582 qui

882 2599 962 2629 dum
992 2595 1201 2638 spectaculis
1234 2593 1391 2631 aderant,
1427 2590 1589 2622 emebant

881 2647 1018 2680 frictum
1035 2646 1139 2680 cicer,
1155 2643 1198 2674 ad
1214 2641 1397 2673 levandam
1413 2638 1550 2671 famem.

927 2695 1046 2736 Nucis]
1083 2694 1210 2726 Frictae
1242 2699 1379 2732 quoque
1409 2699 1511 2721 nuces
1539 2688 1588 2721 ibi

883 2747 1136 2780 vendebantur.
1181 2743 1298 2775 Plaut.
1328 2740 1454 2773 Athen.
1474 2740 1531 2773 lib.
1546 2748 1589 2772 ιι.

884 2799 1008 2830 Festus
1025 2797 1035 2815 ‘
1051 2804 1156 2828 nuces
1171 2791 1286 2826 ustas'
1301 2791 1397 2824 dicit.
