1890 3230
305 1892 307 1894 ’
373 1886 522 1917 Turneb.
550 1896 661 1919 xxm.
688 1891 720 1919 3.
751 1889 839 1920 Tor-r.

391 275 500 318 1714

388 384 476 411 nem.
523 377 646 407 Circum
670 374 815 415 comica]
848 375 888 407 Iu
917 377 1073 418 compitis

388 424 481 456 Deos
503 429 642 464 penates
663 424 821 456 constitui
836 429 871 456 et
886 427 1073 468 colijnsse-

386 479 441 506 rat
453 473 636 513 Augustus.
679 474 787 506 Siccus
800 475 912 507 Loutia
924 486 1012 508 mane
1024 486 1072 509 se-

385 532 445 555 nex
465 521 618 562 manibus]
653 523 791 564 Singula
805 525 910 556 verba
930 525 1070 557 hominis

384 571 480 602 istius
497 572 659 603 insaniam
675 578 893 614 exaggerant,
909 575 996 616 quod
1019 585 1069 607 se-

381 621 440 651 nili
455 625 557 652 aetate
574 621 622 652 ita
643 621 828 662 desiperet,
851 624 941 664 quod
962 625 1071 665 primo

383 670 494 711 mane,
517 670 652 711 jejunus
677 672 797 710 adhuc,
825 677 860 705 et
884 683 1000 714 purus,
1028 683 1069 705 ea

385 722 563 759 tantopere
579 720 832 761 deprecaretur,
843 731 918 763 quae
934 722 1069 754 evenire

382 776 522 799 necesse
547 774 656 800 esset:
680 774 762 801 nota
781 776 893 802 autem
915 776 1067 813 veterum

381 816 587 856 superstitio,
611 827 678 858 qua
703 819 815 860 aliqua
840 825 937 860 parte
959 820 1066 861 impu-

380 874 453 896 rum
476 875 545 897 rem
567 866 712 899 divinam
734 869 873 908 aggredi
895 868 989 900 nefas
1009 870 1067 900 ha·

379 912 524 944 bebatur
534 925 544 945 ς
560 919 570 932 ¹
584 914 686 945 Casta
698 916 834 954 placent
850 918 992 958 superis,
1004 928 1065 959 pu-

381 971 419 991 ra
434 971 508 992 cnm
524 966 619 993 veste
634 963 757 1002 venite,
779 966 823 996 Et
839 966 990 998 manibus
1006 977 1066 1007 pu-

381 1011 427 1041 ris
454 1011 577 1042 sumite
601 1011 709 1043 -foutis
739 1013 884 1055 aquam-⁹
934 1015 1066 1047 Omitto

378 1058 388 1076 ‘
404 1068 532 1090 coenam
550 1061 689 1100 puram,'
711 1061 721 1080 ‘
735 1065 844 1094 torum
861 1064 1002 1103 pnrum,’
1024 1064 1065 1095 de

378 1108 499 1149 quibus
515 1109 594 1140 alibi
610 1110 714 1149 plura.
752 1110 783 1142 A
799 1121 968 1142 sacrorum
985 1121 1083 1144 saness

379 1157 528 1195 puritate
543 1162 699 1195 sumtum,
709 1159 798 1200 quod
810 1160 908 1191 illotis
920 1160 1065 1201 pedibus

377 1206 597 1248 manibusque
614 1217 683 1238 rem
700 1207 844 1249 aliquam
863 1209 1001 1249 aggredi
1016 1209 1066 1240 di-

376 1258 511 1295 cuntur,
529 1255 717 1296 quicunque
733 1257 833 1288 rudes
854 1261 890 1288 et
911 1259 1066 1298 imparati

377 1303 555 1334 accedunt.
614 1304 665 1334 Ex
695 1304 837 1336 Hesiodi
865 1305 990 1346 Ἔργοις
1015 1307 1065 1338 καὶ

373 1350 526 1390 Ἡμέραις.
561 1352 719 1384 Erasmus
735 1354 951 1387 Chiliadib1122
977 1357 1065 1388 Tor-r.

378 1399 499 1441 Siccus]
525 1401 676 1440 Jejunus.

418 1451 482 1479 282
510 1449 622 1481 Laut&
656 1460 744 1482 mane
783 1462 876 1484 senex
912 1454 1065 1493 manibus]

375 1496 533 1528 Manibus
565 1498 698 1536 ablutis,
727 1504 765 1530 ut
798 1509 855 1531 eas
885 1511 985 1541 puras
1021 1502 1063 1532 ad

376 1545 469 1576 Deos
485 1546 652 1578 tenderet.
695 1547 791 1587 [Vat.
816 1551 868 1580 13.
892 1559 913 1581 a
931 1560 975 1581 m.
995 1559 1061 1581 sec.

378 1593 495 1632 Lotis]

415 1644 478 1672 283
496 1641 652 1676 Quiddam
664 1645 823 1685 magnum]
840 1645 978 1676 Mallem
991 1648 1064 1686 quid

374 1694 438 1721 tam
465 1699 628 1729 mag-num.-
665 1696 702 1723 ut
727 1693 760 1724 in
790 1694 1063 1733 castigatioribus

373 1740 622 1780 exemplaribus
649 1741 790 1781 legitur:
816 1743 864 1774 ait
884 1742 973 1774 enim
996 1753 1063 1775 non

374 1798 526 1828 magnam
544 1798 613 1820 rem
633 1799 669 1822 se
684 1800 835 1831 poscere,
856 1795 894 1822 nt
918 1791 973 1822 Dii
994 1801 1063 1822 om·

374 1847 434 1868 nes
464 1847 566 1868 tinum
595 1840 694 1870 morti
725 1845 829 1880 caput
862 1840 1061 1881 subripiant.

900 1889 1001 1920 Unum
1015 1899 1063 1920 me

372 1936 489 1974 surpite
515 1936 622 1976 morti]
655 1937 714 1968 Me
745 1947 845 1969 uuum
870 1938 1062 1969 immortali-

374 1988 446 2014 tate
469 1984 603 2025 donate,
619 1996 685 2027 quo
707 1987 786 2028 quid
809 1987 918 2029 majus
942 1997 962 2018 a
987 1988 1062 2019 Diis

374 2033 487 2071 potuit
503 2035 598 2073 peti?

414 2083 475 2111 285
498 2081 636 2113 Auribus
649 2086 740 2123 utque
750 2084 861 2124 oculis]
885 2085 993 2116 Sanus
1010 2089 1061 2115 to-

373 2131 408 2158 to
438 2137 590 2169 corpore,
620 2131 679 2160 sed
708 2136 819 2162 mente
853 2141 920 2162 non
951 2142 1061 2171 sanus,

373 2178 451 2217 quia
479 2179 742 2217 superstitiosus.
786 2180 861 2210 Nisi
889 2180 1059 2221 litigiosus]

372 2226 485 2257 Verba
515 2227 589 2258 haec
625 2228 815 2267 parenthesi
846 2229 1059 2260 includenda.

373 2274 542 2313 Litigiosos
556 2278 668 2305 autem
685 2284 840 2306 vocamus
858 2275 1006 2307 homines
1021 2277 1060 2307 li-

373 2322 463 2354 tibus
479 2322 625 2362 deditos,
641 2322 755 2354 litibus
771 2324 899 2362 plenos,
914 2323 970 2364 qui
985 2324 1060 2356 lites

374 2375 499 2409 ament,
514 2372 570 2412 qui
586 2372 663 2402 lites
678 2371 779 2402 facile
791 2377 915 2404 serant.
944 2371 1009 2403 Sed
1024 2378 1061 2404 et

372 2421 523 2461 excipere,
538 2421 700 2461 quomodo
722 2420 778 2451 hic
806 2424 945 2461 usurpat
968 2421 1059 2453 Flac-

371 2478 443 2508 cus,
458 2469 595 2500 verbum
616 2469 708 2501 Juris
729 2473 801 2500 est:
825 2478 915 2509 saepe
932 2469 966 2500 in
982 2478 1060 2509 pac-

372 2517 518 2548 tionibus
545 2517 719 2555 nsitatum,
735 2526 809 2547 cnm
834 2517 981 2548 retinere
1002 2522 1060 2549 aut

372 2574 508 2597 servare
525 2566 675 2597 volumus
694 2565 830 2605 aliquid,
847 2565 936 2606 quod
959 2570 1060 2606 pacto

372 2615 503 2646 scilicet
532 2623 597 2645 non
627 2609 940 2655 comprehendatur.
1001 2613 1060 2646 Ait

372 2662 477 2702 igitur
504 2662 664 2694 Horatius
697 2663 878 2702 dominum,
905 2662 961 2703 qui
990 2662 1058 2693 tale

372 2710 576 2750 mancipium
601 2711 650 2742 nti
673 2719 786 2741 sanum
811 2710 946 2750 vendat,
968 2719 1059 2741 men-

372 2760 442 2789 tam
458 2759 614 2798 excipere
629 2758 767 2799 debere,
783 2759 842 2791 nisi
865 2759 965 2792 nimio
983 2759 1058 2800 plus

836 286 975 315 NOTAE
1007 285 1264 317 VAnloRUM

1299 288 1348 318 m

1120 379 1307 422 lites-sinet.
1351 381 1425 414 Qua
1449 381 1482 412 in
1505 389 1541 412 re
1564 385 1675 413 tamen
1696 383 1800 416 set-u.

1119 426 1197 459 dum
1213 428 1423 468 est,surorem
1437 429 1570 469 quidem
1589 439 1609 460 a
1626 430 1723 462 sctis
1738 441 1802 472 pro

1119 475 1234 507 morbo
1255 475 1393 515 haberi3
1416 476 1474 507 sed
1491 485 1566 508 eum
1580 477 1636 518 qui
1652 477 1801 510 Romane

1118 523 1283 564 loquendo
1306 533 1384 556 vere
1408 524 1500 557 furor
1525 527 1591 557 sit:
1622 535 1687 558 nou
1711 527 1802 559 sicut

1118 571 1223 603 Stoici
1238 573 1431 613 loquuntur.
1458 569 1548 607 Quis
1563 578 1600 606 et
1614 574 1803 607 AEdintium

1117 620 1277 660 edictum,
1287 622 1375 662 quod
1387 622 1567 654 certiorem
1575 621 1674 663 jubet
1683 621 1801 655 facere

1117 673 1291 708 exnterem,
1304 671 1383 711 quid
1400 670 1505 702 morbi
1520 669 1660 711 vitiique
1681 670 1802 712 cuique

1117 718 1283 759 mancipio
1298 720 1354 751 sit.
1379 721 1522 751 Torreat.
1559 719 1640 751 Vid.
1653 720 1802 752 Turneb.

1116 773 1227 798 xxm.
1254 770 1286 799 2.
1341 768 1440 808 [Vat.
1466 768 1562 800 Rom.
1590 769 1622 799 7.
1651 767 1714 800 nisi
1735 768 1801 800 liti-

1111 815 1223 856 gem]

1157 865 1220 894 286
1241 863 1407 904 Dominus,
1430 873 1522 904 quum
1545 863 1704 906 venderet]
1726 865 1800 896 Do-

1117 912 1223 943 minus
1249 913 1283 943 in
1311 913 1487 944 vendendo
1512 915 1690 956 mancipio,
1718 915 1802 948 vitia

1115 961 1188 1000 ejus
1203 965 1316 992 tacere
1325 970 1392 992 non
1404 961 1534 1001 debuit,
1546 962 1609 993 nisi
1618 963 1696 995 lites
1710 973 1801 996 ama-

1115 1014 1178 1041 ret.
1223 1010 1310 1050 Hos]
1332 1010 1404 1041 Hos
1418 1010 1678 1050 superstitiosus.
1704 1012 1800 1053 [cui-

1113 1059 1184 1089 siau
1200 1062 1230 1091 1.
1245 1059 1342 1098 vulgi.
1366 1058 1444 1090 Vat.
1466 1058 1578 1090 Palat.
1593 1061 1627 1091 6.
1651 1067 1730 1092 am.
1746 1069 1800 1101 pr.

1154 1159 1217 1188 28⁷
1234 1157 1378 1188 Fecunda
1388 1156 1423 1188 in
1431 1159 1525 1196 geute
1532 1155 1676 1197 Meneni]
1685 1156 1696 1175 ‘
1705 1157 1801 1190 Gens

1113 1205 1290 1237 Menenia’
1327 1206 1459 1246 plebeia
1485 1206 1632 1247 quidem,
1654 1207 1799 1239 celebris

1114 1259 1224 1286 tamen
1238 1256 1289 1286 vel
1305 1256 1349 1286 ob
1362 1256 1556 1287 Menenium
1567 1256 1660 1288 illum
1675 1256 1799 1298 Agrip·

1115 1312 1215 1342 pam;
1238 1304 1295 1343 qui
1312 1313 1331 1334 a
1348 1304 1501 1344 patribus
1523 1305 1653 1345 legatus
1673 1305 1714 1336 ad
1728 1305 1799 1346 ple-

1113 1351 1190 1383 bem
1206 1352 1373 1392 interpres
1391 1357 1494 1394 atque
1517 1354 1645 1386 arbiter
1659 1363 1801 1386 coneor-

1114 1400 1178 1431 ‹tiae
1201 1400 1339 1440 civium,
1363 1406 1443 1433 noto
1467 1402 1510 1433 de
1526 1407 1645 1434 ventre
1659 1403 1800 1435 ceteris-

1113 1460 1176 1491 que
1198 1451 1332 1482 humani
1348 1452 1500 1493 corporis
1517 1453 1670 1493 partibus
1683 1454 1800 1494 apolo-

1112 1499 1294 1538 go‚urbem
1308 1502 1533 1532 conservavit.
1564 1502 1632 1533 Sed
1643 1511 1705 1533 cur
1718 1502 1796 1533 huic

1112 1547 1318 1586 potissimum
1335 1549 1430 1588 genti
1455 1551 1575 1581 stultos
1597 1551 1798 1591 insanosque

1111 1595 1230 1626 inserit
1259 1595 1447 1627 Horatius?
1468 1606 1509 1628 an
1535 1598 1615 1638 quia
1632 1603 1712 1630 tunc
1727 1599 1799 1630 Me-

1110 1643 1217 1673 nenius
1235 1644 1400 1682 quispiam
1415 1649 1527 1675 mente
1542 1649 1674 1686 captus,
1691 1646 1796 1678 nihilo

1113 1691 1260 1722 saniores
1283 1699 1319 1721 se
1347 1691 1430 1722 filios
1456 1691 1593 1724 habuit?
1613 1698 1707 1726 certe
1730 1695 1797 1726 tale

1113 1740 1239 1780 aliquid
1267 1739 1349 1781 fingi
1381 1749 1518 1772 necesse
1542 1745 1605 1773 est.
1647 1742 1797 1774 Turnebi

1111 1789 1315 1820 sententiam
1357 1789 1621 1830 amplectamur:
1655 1791 1796 1823 Poetam

1112 1837 1411 1876 ingeniosissimum
1445 1838 1487 1869 ad
1515 1838 1670 1871 Graecam
1698 1849 1798 1872 voca-

1113 1886 1181 1917 buli
1213 1887 1374 1926 originem
1398 1887 1598 1927 respexisse,
1623 1897 1643 1919 a
1665 1887 1796 1930 μέμηνα,

1113 1935 1201 1966 unde
1221 1936 1368 1977 μεμῃνὼς,
1388 1935 1422 1967 id
1452 1939 1514 1972 est,
1536 1936 1683 1968 imamus:
1703 1938 1796 1969 illum

1112 1983 1201 2022 vide,
1217 1993 1327 2016 xxm.
1345 1988 1396 2017 11.
1414 1985 1555 2016 Tor-rent.
1597 1986 1750 2018 Foecanda
1762 1987 1797 2018 ἐκ

1108 2033 1215 2072 gente]
1237 2034 1278 2064 In
1305 2033 1482 2072 multiplici
1503 2033 1630 2065 familia
1644 2034 1798 2070 Meneni,

1111 2080 1144 2110 id
1171 2086 1233 2119 est,
1249 2082 1282 2111 in
1297 2083 1476 2112 stultorum
1491 2091 1641 2122 numero,
1661 2083 1718 2124 qui
1735 2093 1796 2115 nu·

1111 2136 1221 2158 merus
1243 2133 1295 2159 est
1310 2129 1469 2161 infinitus.
1510 2131 1656 2170 Meneni]
1678 2132 1796 2163 Mene·

1110 2183 1171 2204 nus
1187 2175 1272 2205 vixit
1286 2181 1386 2207 aetate
1402 2177 1551 2212 Horatii.
1565 2179 1664 2209 homo
1678 2184 1795 2219 super-

1109 2222 1268 2262 stitiosus,
1283 2227 1319 2255 et
1328 2228 1439 2255 mente
1450 2230 1581 2264 eaptus.
1609 2225 1794 2267 [Chrysippi

1110 2271 1208 2301 codd.
1220 2280 1273 2310 ap.
1290 2272 1416 2312 Feam.]

1151 2321 1214 2350 288
1234 2320 1361 2359 Jupiter
1375 2321 1528 2362 ingentes]
1557 2320 1711 2354 Alterum
1735 2332 1794 2355 ex·

1110 2367 1254 2406 emplum
1266 2369 1523 2407 superstitionis.

1151 2419 1216 2448 289
1239 2416 1403 2457 cubantis]
1424 2417 1638 2457 AEgrotantis.

1151 2468 1215 2496 290
1238 2466 1372 2505 Frigida
1385 2466 1562 2507 sipuerum]
1583 2469 1708 2501 Votum
1722 2478 1794 2501 ma-

1110 2515 1171 2546 tris
1190 2525 1250 2555 per
1265 2516 1489 2556 Hypothesin.
1535 2517 1697 2552 Quartus·
1717 2520 1792 2551 reli-

1109 2563 1224 2604 querit]
1256 2564 1431 2596 Quartana
1456 2574 1531 2606 quae
1557 2566 1600 2598 ab
1628 2571 1702 2598 atra
1725 2568 1791 2600 bile

1110 2611 1343 2652 proficiscitur,
1361 2622 1483 2654 corpus
1505 2615 1539 2645 in
1553 2615 1718 2657 principio
1733 2625 1791 2658 pa-

1109 2662 1253 2702 roxysmi
1287 2661 1416 2702 ingenti
1442 2662 1581 2695 horrore
1605 2665 1790 2697 excruciat.

1109 2710 1170 2740 nlo
1177 2719 1264 2742 mane
1275 2710 1341 2750 die]
1363 2711 1435 2743 Tuo
1446 2711 1513 2751 die,
1523 2712 1578 2744 die
1591 2712 1698 2746 Jovis.

1149 2763 1210 2793 291
1234 2760 1351 2793 Indicis
1366 2760 1503 2800 Jejunia]
1524 2761 1715 2802 Pei-vigiliis
1733 2761 1789 2802 je-
