1930 3204
530 262 739 297 HORATH
772 261 1048 293 cananeum
1082 262 1178 292 mn.
1208 263 1277 292 iv.
1305 253 1345 293 3.

194 359 344 399 dignum.
383 358 576 400 [Dummeoe
591 354 691 390 codd.
702 365 759 398 ap.
771 354 897 388 Jaeck.

198 409 284 442 Tunc
297 420 355 450 ego
369 410 398 441 si
410 410 485 451 quid
497 406 664 448 Guelph.]

235 463 279 491 48
304 463 429 491 Caesore
434 459 537 500 felix]
564 459 609 490 Et
630 457 767 488 Caesare
791 466 811 487 a
837 465 897 496 pe·

194 509 309 541 riculis
324 509 405 541 belli
421 515 553 549 erepto,
569 516 635 548 ego
650 506 790 544 beatus,
811 503 896 537 felix

194 560 269 591 haec
281 569 414 591 canam.
458 559 490 591 O
506 558 563 590 Sol
575 556 731 598 pulcher,
744 555 777 587 id
795 559 862 595 est,
875 564 898 587 ο

194 607 266 641 dies
276 609 430 651 pulcher,
439 606 664 646 laudibusque
676 604 897 640 celebrande,

192 669 260 702 quo
289 659 399 691 victor
428 659 545 690 Caesar
571 655 689 688 urbem
719 655 898 695 ingressus

195 715 260 741 est.

234 760 278 790 49
303 757 410 799 Tuque
422 758 495 789 dam
513 755 671 798 procedis]
694 756 780 788 Quis
808 754 898 786 enim

193 812 322 850 praeter
332 807 580 848 Imperatorem
593 807 628 837 iu
637 805 810 846 triumpho
820 815 901 846 pro-

191 857 298 898 cedit,
323 867 400 889 cum
431 858 466 889 iu
497 856 703 898 Capitolium
735 856 870 888 vellitur
884 857 899 888 ἰ

190 908 256 941 Cui
269 907 334 940 nisi
345 907 555 949 Imperatori
569 905 761 946 triumphus
775 906 897 939 clama-

193 959 274 991 tur?
296 959 394 1000 cujus
431 957 580 999 denique
607 956 720 998 gratia
749 957 898 997 populus

193 1017 266 1040 rem
281 1017 410 1040 sacram
427 1007 528 1047 facit,
541 1006 606 1038 nisi
618 1007 694 1047 ejus
709 1006 767 1048 qui
781 1006 899 1038 trium-

194 1058 304 1098 phat?
347 1057 476 1089 Adhaec
497 1057 611 1088 onmia
640 1065 729 1087 nunc
749 1055 794 1088 de
821 1057 900 1089 Iulo

194 1106 347 1139 Antonio
364 1108 422 1148 qui
438 1107 557 1138 consul
571 1105 639 1138 fuit
652 1108 728 1137 ⁷43.
744 1108 897 1146 auno,ad

194 1167 294 1198 quem
312 1157 444 1196 scribit,
459 1157 632 1197 dicuntur,
649 1166 749 1198 quem
766 1162 899 1189 tantum

193 1213 233 1240 ut
256 1207 402 1239 Poetam
431 1205 661 1238 commendat.
703 1207 773 1238 Sed
803 1213 899 1240 certo

195 1256 301 1290 credo
324 1256 490 1296 scriptum
506 1255 611 1287 fuisse
628 1257 754 1297 Duque,
770 1258 899 1289 extrita

194 1316 275 1344 uua,
292 1311 330 1338 ut
347 1306 448 1346 solet,
463 1306 596 1344 littera,
617 1305 706 1346 quod
731 1311 784 1337 est
805 1307 898 1338 Dux-

192 1366 264 1398 que.
307 1355 400 1387 Vera
413 1359 527 1386 antem
543 1355 648 1386 lectio
671 1359 736 1392 est,
760 1356 899 1397 Duxque

191 1408 266 1438 dum
277 1398 431 1447 procedit,
444 1406 499 1445 ⁸5⁰·
526 1403 698 1436 Heinsius.
727 1404 897 1447 Crnquius

192 1457 291 1498 legit,
314 1455 416 1497 Teque
426 1456 500 1487 dum
513 1455 664 1495 procedis.
701 1455 805 1497 Tuque
824 1457 898 1488 dum

192 1506 350 1548 madia]
383 1506 428 1537 Et
452 1515 474 1537 ο
500 1505 670 1546 triumphe
695 1515 756 1537 nos
771 1506 897 1548 (omnis

195 1556 337 1598 civitas)
349 1556 428 1587 *uon
457 1556 562 1587 semel
591 1555 746 1588 dicemus
769 1557 823 1597 Io,
845 1556 899 1598 Io,

195 1607 382 1648 triumphe.

237 1659 281 1689 ⁵2
296 1655 470 1697 Benignis]
493 1656 590 1688 Divis
604 1656 802 1690 liberalibus
814 1668 900 1698 erga

192 1717 267 1747 nos,
281 1708 370 1739 illius
386 1707 512 1740 reditu.

237 1760 279 1788 53
304 1758 347 1789 Te
369 1758 472 1788 decem
493 1755 596 1796 tauri]
620 1756 668 1787 Ut
696 1756 902 1796 Praetorem,

199 1815 240 1838 ac
257 1806 346 1838 forte
366 1807 440 1846 jam
464 1805 679 1844 designatum
705 1804 901 1845 Consulem,

197 1856 410 1896 causarisque
422 1853 571 1894 affinem,
585 1863 708 1894 magua
723 1853 804 1885 dare
815 1864 901 1895 prae·

199 1906 301 1947 cipit,
330 1905 405 1946 ipse
436 1905 542 1936 vitulo
568 1903 775 1946 liberandus.
811 1905 901 1937 Torr-

201 1955 244 1988 Te
253 1956 356 1987 decem
372 1954 473 1995 tauri]
494 1953 706 1985 Liberabunt
721 1960 755 1986 te
771 1963 792 1986 a
807 1959 900 1996 voto,

197 2014 265 2046 quo
281 2004 439 2042 obligaris
454 2013 498 2034 ex
514 2003 659 2035 Caesaris
675 2004 800 2035 reditu.

237 2057 281 2086 54
303 2054 360 2086 Me
376 2057 463 2085 tener
480 2052 592 2092 solvet]
614 2053 773 2084 Dicimur
795 2056 805 2072 ‘
820 2059 901 2086 vota

195 2105 313 2138 facere
330 2104 340 2119 ’
373 2114 413 2136 ac
447 2105 458 2122 ‘
470 2105 671 2145 suscipere,’
699 2115 775 2137 cum
800 2116 899 2138 vovc-

195 2165 270 2188 mus
283 2156 424 2198 aliquid.
439 2155 449 2174 ⁸
477 2155 810 2196 Nuucupata'reuim
820 2158 830 2174 ‘
845 2166 900 2188 vo·

197 2212 235 2238 ta
247 2206 258 2220 '
272 2205 486 2241 dicebantur,
500 2215 576 2247 quae
593 2205 817 2245 Magistratus
834 2207 899 2238 itu·

197 2256 227 2288 ri
257 2257 293 2287 in
323 2256 533 2297 provinciam
562 2254 748 2297 faciebant,
783 2257 899 2288 multis

196 2315 321 2347 nempe
337 2306 586 2346 praesentibus;
610 2315 684 2346 quae
700 2310 734 2336 et
751 2306 785 2337 in
802 2306 899 2338 tabu-

197 2355 238 2386 lis
257 2353 508 2394 referebantur,
522 2363 562 2386 ac
579 2355 711 2394 signata
727 2355 899 2386 interdum

198 2404 302 2435 etiam
339 2403 479 2434 deorum
518 2402 660 2443 genibus
691 2403 900 2444 figebantur.

199 2454 208 2470 ‘
225 2452 381 2484 Reddere
393 2452 402 2465 ’
425 2457 538 2483 autem
554 2454 563 2470 ‘
580 2452 678 2484 vota’
701 2458 752 2484 est
766 2455 900 2485 solven-

199 2502 244 2534 do
256 2511 294 2534 se
310 2501 467 2533 liberare.
480 2502 570 2532 Tor-r.
614 2503 672 2533 Me
687 2506 774 2535 tener·
787 2505 900 2545 solvet]

200 2553 317 2585 Parva
338 2551 492 2591 victima,
514 2560 638 2592 nempe
655 2551 782 2584 vitulus
797 2562 817 2583 a
831 2562 899 2585 ma-

200 2607 264 2639 tre.
289 2601 323 2633 id
348 2606 414 2641 est,
430 2611 451 2632 a
465 2610 569 2633 vacca
582 2601 744 2642 depulsus
767 2612 822 2634 me
837 2603 901 2634 sol-

200 2657 260 2684 vet
276 2662 296 2683 a
311 2651 412 2687 votis,
427 2660 503 2692 quae
524 2660 585 2691 pro
610 2651 756 2682 Caesaris
777 2652 902 2684 incolu-

200 2703 321 2734 mitate
339 2700 415 2732 Diis
431 2699 511 2733 feci.
540 2700 613 2740 [Me
628 2705 715 2732 tener
728 2702 822 2733 solvit
831 2706 902 2734 tres

200 2750 334 2783 Vandd.
350 2760 403 2791 ap.
419 2750 561 2790 Bothe]

243 2805 284 2834 55
307 2800 486 2833 Juvenescit
502 2800 620 2841 herbis]
643 2800 710 2835 Qui
728 2799 767 2831 fit
777 2799 900 2840 juven-

1540 252 1650 297 1501

947 363 1020 387 cus.
1065 353 1233 395 [Guelph'.
1251 354 1444 394 juvene-sect.
1475 355 1652 390 Marklan-

947 406 1022 446 dus,
1044 406 1098 446 qui
1113 405 1408 445 laetisjuvenescit.]

990 460 1032 489 57
1056 458 1175 490 Fronte
1188 457 1349 498 curvatos]
1365 457 1432 491 Qui
1449 466 1579 489 cornua
1594 458 1653 490 ha-

946 508 1007 540 bet
1029 517 1138 548 parva
1152 511 1189 539 et
1204 516 1308 539 curva
1325 507 1434 539 instar
1450 508 1570 548 Lunae,
1586 513 1654 539 ter-

947 558 996 590 tio
1011 558 1067 589 die
1082 567 1102 589 a
1118 567 1179 589 suo
1195 557 1382 589 novilunio.

989 610 1032 639 59
1057 607 1128 643 Qua
1143 610 1250 638 notam
1261 607 1370 647 duxit]
1384 607 1462 640 Qua
1478 613 1578 648 parte
1593 617 1653 639 no-

947 657 1100 697 tabatur,
1127 657 1162 688 id
1188 663 1255 696 est,
1282 657 1315 688 in
1341 656 1457 688 fronte
1489 657 1655 688 candidus

946 711 1035 746 erat,
1051 707 1112 738 sed
1127 706 1242 738 fulvus
1259 706 1394 747 reliquo
1406 715 1562 747 corpore.
1598 707 1654 737 Vi-

946 757 1030 797 deri]
1057 757 1186 788 Niveus
1212 756 1336 796 videri,
1365 756 1491 788 Graeca
1522 762 1577 788 est
1605 758 1654 788 lo-

949 805 1394 848 quendifigura‚ut‚certus
1401 807 1520 838 amari.
1533 806 1655 847 [Quam

946 861 1052 889 notam
1068 855 1237 897 Guelph.]

989 909 1034 938 60
1068 907 1194 938 Cetera
1209 905 1340 947 sulvus]
1362 905 1486 938 Τᾶλλα.
1531 906 1650 938 Genus

948 957 1108 999 loquendi
1122 957 1282 988 Graecum
1299 962 1363 988 est.
1406 957 1504 998 Virg.
1519 957 1655 989 AEneid.

948 1015 1004 1038 nr.
1033 1007 1262 1038 ‘Consertum
1293 1013 1431 1048 tegmen
1461 1007 1593 1047 spinis:
1618 1013 1655 1038 at

948 1061 1078 1088 caetera
1091 1056 1244 1097 Grajus!
1262 1056 1406 1088 Lambin.
1446 1058 1570 1087 Caetera
1583 1056 1653 1094 ful-

947 1105 1021 1146 vus]
1044 1106 1114 1137 Pe'r
1122 1105 1382 1147 Synecdochen‚
1397 1105 1433 1137 id
1449 1111 1514 1146 est,
1527 1105 1653 1137 habens

949 1162 1079 1186 caetera
1093 1155 1198 1187 fulva.

950 1205 1033 1237 One
1060 1215 1118 1237 ιιι.
1154 1204 1381 1246 nmo-summi).
1424 1205 1482 1237 An
1501 1205 1655 1238 Mauo·

993 1264 1144 1287 sinuum.
1191 1255 1302 1287 Natus
1327 1260 1382 1286 est
1410 1255 1579 1287 Horatius
1610 1255 1654 1286 ad

993 1310 1102 1337 artem
1132 1305 1325 1345 Poeticam,
1355 1305 1454 1346 cujus
1485 1304 1654 1336 beneficio

989 1355 1218 1386 immortalem
1240 1354 1383 1395 gloriam
1407 1358 1463 1386 est
1489 1363 1654 1386 consecu-

992 1410 1060 1436 tus.

994 1458 1011 1486 1
1037 1456 1138 1491 Quem
1153 1458 1201 1495 tu,
1215 1455 1426 1496 Melpomene]
1450 1454 1520 1487 Hic
1531 1455 1654 1495 Melpo·

946 1514 1078 1544 menem,
1103 1505 1187 1537 alibi
1214 1504 1440 1546 ‘Euterpen‚’
1464 1510 1524 1537 aut
1553 1505 1654 1537 aliam

948 1555 1095 1597 aliquam
1118 1565 1162 1587 ex
1185 1555 1360 1586 Musarum
1382 1555 1485 1587 choro
1505 1555 1651 1596 arripit:

948 1615 1152 1648 quamquam
1169 1607 1259 1638 enim
1273 1606 1464 1638 nominibus
1480 1605 1654 1645 differunt,

949 1661 986 1687 et
1013 1657 1088 1687 aliae
1111 1656 1185 1687 aliis
1211 1656 1333 1687 studiis
1349 1665 1499 1697 praeesse
1515 1656 1655 1688 tradun-

949 1710 1018 1740 tur.
1047 1707 1121 1745 pari
1151 1711 1266 1737 tamen
1291 1714 1408 1737 omnes
1435 1705 1469 1736 in
1497 1705 1654 1736 omnibus

949 1761 1029 1786 snut
1047 1754 1227 1796 facultate,
1240 1756 1366 1798 quique
1385 1765 1484 1787 unam
1502 1756 1654 1796 invocat,

950 1803 1088 1836 auditur
1103 1805 1147 1837 ab
1163 1805 1330 1836 omnibus.
1375 1806 1500 1847 Neque
1519 1814 1655 1837 errave·

951 1854 996 1885 rit
1025 1854 1193 1894 fortassis,
1216 1855 1274 1897 qui
1297 1856 1338 1886 ad
1357 1856 1423 1888 vim
1439 1855 1571 1888 orbium
1585 1866 1654 1888 coe·

950 1903 1099 1940 lestium,
1115 1904 1237 1945 quibus
1252 1905 1396 1946 singulae
1418 1905 1654 1947 praeficiuntur

950 1954 1075 1992 Mnsae,
1094 1954 1239 1986 Poe'tam
1256 1955 1429 1994 respicere
1455 1956 1653 1995 existimet;

950 2005 1102 2044 qnismvis
1116 2004 1190 2035 haec
1206 2014 1270 2045 ego
1286 2005 1328 2035 ad
1343 2005 1572 2036 dulcissimum
1585 2014 1655 2036 coe·

950 2053 971 2084 li
986 2059 1191 2085 concentum
1202 2053 1331 2085 referre
1348 2055 1476 2086 malim.
1506 2055 1655 2086 Senten-

949 2103 996 2134 tia
1012 2113 1093 2144 ergo
1109 2104 1205 2144 liujus
1221 2105 1286 2135 loci
1301 2109 1365 2141 est,
1381 2115 1471 2144 eum,
1497 2107 1553 2137 cui
1568 2115 1655 2137 ‘nas-

949 2153 1043 2184 centi
1062 2154 1215 2194 aspirent
1238 2154 1362 2194 Musae,
1377 2155 1503 2197 quique
1519 2157 1562 2187 ad
1578 2157 1656 2188 Mu-

949 2211 1063 2234 sarum
1091 2203 1207 2235 studia
1234 2204 1391 2236 trahatur
1417 2206 1490 2246 ipsa
1517 2211 1653 2245 natura,

949 2252 1072 2284 nullius
1088 2253 1281 2294 cupiditate
1302 2255 1423 2294 gloriae
1449 2255 1528 2287 iude
1552 2257 1652 2286 avelli

949 2311 1063 2342 posse,
1089 2302 1193 2343 idque
1208 2313 1268 2334 sno
1284 2304 1409 2335 deinde
1425 2307 1584 2345 exemplo
1600 2315 1652 2336 os·

948 2351 1076 2382 tendit.
1090 2351 1235 2383 Torreat.
1273 2353 1374 2388 Quem
1390 2357 1436 2390 lu,
1449 2355 1652 2395 Melpomene.

948 2400 1058 2440 semel]
1089 2402 1323 2443 Melpomene,
1351 2414 1450 2444 quem
1481 2409 1519 2435 tu
1547 2405 1653 2436 semel

949 2451 1058 2482 oculis
1070 2446 1245 2483 benevolis
1256 2454 1429 2494 aspexeris
1441 2459 1654 2491 nascentem,

951 2501 979 2531 is
996 2510 1063 2531 non
1080 2501 1224 2541 athleta,
1238 2511 1349 2543 neque
1366 2504 1475 2542 miles,
1491 2503 1550 2534 sed
1564 2503 1652 2534 Poe-

951 2556 997 2582 ta.

993 2603 1012 2631 3
1043 2600 1147 2631 Labor
1174 2600 1341 2641 Isthmius]
1365 2602 1420 2632 Sic
1450 2602 1458 2618 ‘
1474 2602 1575 2633 Eleos
1603 2602 1652 2633 la-

950 2651 1049 2682 bores
1062 2650 1070 2663 ’
1094 2659 1156 2690 pro
1183 2650 1289 2681 sacris
1304 2650 1548 2683 certaminibus
1563 2651 1653 2683 dixit

949 2700 1091 2733 Statius.
1135 2699 1354 2732 ‘Isthmium’
1386 2710 1467 2733 vero
1495 2701 1651 2734 absolute

951 2760 1026 2782 cum
1074 2749 1228 2788 dicimus,
1276 2749 1542 2790 Corinthiacum,
1578 2752 1650 2783 sive

951 2800 1150 2840 Achaicum,
1164 2805 1284 2840 utpote
1303 2802 1448 2833 omnium
1469 2801 1650 2834 celeberri-
