1916 3262
479 283 688 316 nonium
724 283 996 314 cARanM
1037 285 1129 314 ms.
1162 286 1193 314 t.
1226 275 1295 315 16.

150 377 261 411 dere.'
283 379 439 412 Ber-nard.
451 379 600 411 Martini.
645 378 794 410 Cur-minu
808 379 858 410 di—

150 429 254 470 vides]
278 429 498 462 Minuriendo
521 429 564 460 ad
588 428 757 460 citharam
777 437 856 460 can-

150 479 292 516 tillabis,
307 489 348 511 ac
360 480 410 512 sic
425 479 567 511 divides.
590 478 757 510 Heinsius.
790 479 856 510 Vei

150 530 373 572 nequicquam
395 530 547 562 carmina
568 529 745 568 distincte,
759 534 857 569 apte,

149 584 186 610 et
198 580 454 612 accommodate
469 580 542 621 lyra
557 589 677 611 canes:
702 580 855 611 carmina

151 629 228 661 aliis
245 636 348 673 atque
363 631 434 662 aliis
449 631 562 662 nervis
576 631 705 671 carptis
719 641 760 663 ac
777 641 853 671 per-

149 679 259 711 cussis
280 680 520 712 modulaberis.
545 681 657 713 Lamb.
701 681 852 722 Divides]

148 729 386 772 Nequicquam
399 731 468 762 suis
485 731 632 762 numeris
645 735 762 772 aptum
779 741 853 763 car-

147 789 227 812 men
265 781 307 813 ad
338 780 510 813 imbellem
541 782 705 813 citharam
737 792 852 814 canes.

147 831 227 870 Vel,
253 832 478 874 nequicquam
500 833 684 866 distribues
701 836 853 867 carmina

147 880 354 921 alternatim,
379 888 417 915 ut
437 885 546 916 solent
566 885 766 917 citharoedi:
794 886 851 927 qui

148 930 229 963 dum
240 933 391 964 carmina
405 940 548 975 canunt,
562 935 663 967 modo
680 946 740 968 sua
752 946 850 978 voce,

147 982 250 1014 modo
272 983 356 1024 lyrae
372 994 455 1016 sono
473 990 628 1017 utuntur.

191 1035 232 1064 16
269 1034 483 1075 Nequit-quam
519 1036 672 1077 thalamo]
710 1038 852 1070 Frustra

146 1082 252 1113 etiam
290 1083 439 1116 thalamo
473 1091 508 1118 te
545 1088 740 1127 continens,
770 1088 852 1120 belli

146 1131 328 1172 strepitum
344 1134 477 1166 vitabis.
508 1134 566 1166 Sic
578 1136 780 1168 Torrentius
793 1148 852 1170 ex-

147 1181 256 1222 ponit.
299 1182 368 1214 Sed
385 1185 505 1215 metius
520 1194 598 1216 cum
614 1196 713 1217 sensu
727 1197 851 1219 conve-

148 1231 220 1263 nire
236 1232 427 1272 crederem,
449 1234 477 1265 si
493 1244 556 1275 per
570 1236 751 1277 thalamum,
767 1247 851 1279 nup-

147 1281 214 1313 tias
229 1282 304 1313 illas
318 1284 455 1316 illicitas
467 1285 709 1326 intelligamus.
730 1287 853 1319 Graves

145 1331 268 1373 hastas]
287 1334 416 1366 Hastas
431 1334 564 1366 odiosas
590 1336 739 1368 thalamo
765 1347 851 1378 nup-

144 1382 231 1422 tiali,
249 1388 389 1424 propter
403 1384 535 1423 copulae
553 1385 827 1425 disjunctionem.

142 1447 146 1450 ·
187 1434 228 1463 17
253 1433 394 1474 Cnossii]
408 1433 560 1476 sagittas
573 1435 757 1468 Cretenses
771 1447 780 1468 z
797 1442 850 1468 est

143 1482 288 1515 Cnossos
315 1484 396 1516 urbs
425 1486 554 1527 Cretae,
574 1497 651 1528 quae
675 1489 754 1519 olim
783 1489 851 1520 cla-

143 1533 211 1579 ruit
227 1538 304 1566 arte
318 1535 517 1575 sagittandi.

141 1590 147 1603 ²
187 1585 228 1615 18
250 1583 496 1627 strepitumque,
522 1590 554 1619 et
571 1588 716 1629 celerem]
752 1589 850 1622 Stre-

141 1632 250 1674 pitum
275 1637 510 1676 pugnantium.
557 1638 669 1679 Sequi]
693 1640 847 1672 Celerem

141 1683 184 1715 nd
201 1686 434 1726 sequendum:
468 1693 544 1719 erat
560 1688 651 1730 Ajax
670 1695 738 1722 tam
755 1691 848 1723 celer

143 1734 301 1776 pedibus,
321 1742 360 1768 ut
383 1747 482 1769 nemo
504 1737 640 1780 fugiens
666 1750 743 1772 eum
766 1751 847 1773 eva-

140 1785 252 1818 deret.

186 1838 228 1866 19
250 1836 364 1877 Serus]
388 1838 474 1870 Sero
488 1839 600 1871 crines
618 1845 693 1872 tuos
713 1842 846 1874 adulte·

141 1893 210 1923 ros,
222 1886 301 1917 olim
315 1888 496 1928 unguentis
511 1889 694 1927 delibutos,
707 1893 847 1933 pulvere

143 1934 355 1976 deturpabis,
382 1938 415 1969 id
432 1943 496 1974 est,
513 1949 589 1971 sero
613 1942 748 1973 tandem
777 1950 847 1974 tra-

141 1985 234 2016 heris
265 1992 416 2019 mortuus
444 1995 480 2020 et
505 1991 620 2023 cades.
675 1993 847 2024 Adulteros

140 2035 258 2076 ‹tr-ines]
277 2037 339 2067 Τοῦ
352 2039 411 2069 σοῦ
427 2040 554 2079 μοιχοῦ,
574 2046 650 2072 tuos
681 2042 844 2075 adulteri.

138 2083 266 2116 Tamen
283 2088 459 2119 adulterum
478 2091 594 2122 crinem
616 2090 730 2123 Graeci
751 2093 844 2124 dice-

139 2133 222 2166 bant
253 2138 405 2178 speciem
433 2144 595 2180 tonsurae,
618 2151 682 2183 qua
701 2141 844 2175 effaemi-

138 2184 210 2216 nati
236 2186 433 2219 utebantur.
486 2189 586 2222 Unde
596 2190 710 2231 μοιχὸν
726 2192 844 2234 κείρειν·

137 2237 187 2266 θαι
211 2236 428 2274 dicebantur‚
448 2240 505 2281 qui
525 2242 574 2274 sic
596 2242 731 2273 tonderi
758 2244 845 2275 sole—

137 2285 232 2319 bant.
255 2288 419 2321 Heinsius.

180 2339 224 2368 20
261 2338 374 2371 Crines
396 2342 522 2380 pulvere
545 2343 687 2385 collines]
731 2345 844 2377 Recte

139 2386 253 2417 crines
278 2387 355 2419 illos
379 2388 502 2422 foedari
529 2394 670 2433 pulvere
701 2395 762 2431 ait,
786 2397 844 2437 qui

140 2435 300 2469 adulterii
315 2438 563 2474 irritamentum
578 2442 719 2476 fuerint.
767 2446 845 2477 Tor-

139 2488 220 2516 rent.

181 2538 222 2567 21
250 2536 458 2579 Lu'e‘rtiaden]
486 2540 642 2581 Ulyssem
661 2545 793 2577 Laertia
805 2545 844 2578 fi-

137 2586 232 2618 lium.

181 2638 224 2668 22
248 2637 376 2679 Pylium
400 2638 552 2681 Nestora]
587 2640 618 2672 A
649 2642 738 2683 Pylo
759 2643 844 2677 urbe

139 2687 268 2718 Nestor
283 2687 524 2720 denominatur
539 2690 671 2732 Pylius.

181 2740 222 2769 23
251 2738 392 2780 Urgent]
418 2738 658 2781 Insequuntur.
695 2743 739 2775 Te
754 2743 843 2776 Salu-

134 2787 263 2824 mim'us,
277 2787 348 2828 ξω]
372 2789 570 2822 Sthenelum
582 2797 620 2823 ut
630 2795 844 2833 pugnacissi-

136 2847 228 2869 mum
259 2844 418 2871 recenset
452 2840 630 2878 Horatius,
671 2852 736 2875 una
764 2854 841 2877 cum

141 2887 279 2920 Teucro
303 2893 340 2921 et
355 2889 556 2929 Idomeneo,
574 2901 626 2925 lv.
652 2893 721 2927 Od.
743 2898 776 2927 9.
802 2905 842 2928 ac

1502 278 1614 320 1365

909 377 1073 419 singulari
1091 379 1140 410 rei
1156 379 1279 411 militia
1299 378 1484 421 praeditnm
1508 379 1613 414 fuisse

911 428 1080 460 Homerus
1109 429 1274 461 ostendit.
1302 430 1346 462 P.
1366 428 1502 461 Victor.
1529 431 1614 464 Var.

909 479 1007 511 Lect.
1024 488 1160 512 xxviu.
1175 482 1208 512 3.

948 533 991 562 24
1017 531 1189 572 Tetoeerque
1203 535 1235 562 et
1251 529 1433 570 Sthenelus]
1465 529 1613 563 Quidam

905 580 1041 621 legunt:
1093 582 1220 618 Teucer,
1249 585 1280 613 te
1305 581 1481 613 Sthenelus.
1519 579 1613 612 Atii:

908 630 1024 662 Teucer
1037 635 1068 663 et
1084 631 1263 663 Sthenelus.
1295 630 1488 672 Teucerque]
1525 630 1613 662 Teu-

905 689 974 716 cer,
990 681 1048 722 qui
1067 681 1100 713 in
1117 683 1232 723 Cypro
1257 681 1414 714 condidit
1430 681 1613 714 Salamina.

903 730 1086 772 Sthenelus]
1124 733 1276 773 Capanei
1312 733 1412 768 filius,
1438 743 1525 764 unus
1556 743 1615 764 eo-

904 791 976 813 rum
1001 782 1059 823 qui
1087 783 1120 814 in
1137 792 1226 824 equo
1243 783 1391 826 Trojano
1414 793 1451 814 se
1471 782 1613 814 abdide-

903 835 994 864 runt.
1018 832 1144 874 Sciens]
1167 833 1301 866 Doctus
1318 833 1362 865 ad
1378 833 1614 875 pugnandum,

903 887 938 914 et
946 892 1110 924 equorum
1122 884 1395 925 promptissimus
1405 884 1613 917 moderator.

945 936 988 964 26
1009 934 1202 975 Merionem]
1225 935 1317 966 Vide
1330 944 1434 975 supra
1450 933 1519 965 Od.
1534 936 1567 965 6.

944 986 987 1015 28
1006 985 1140 1026 Tydides
1147 985 1256 1016 nulior
1264 985 1371 1026 patre]
1394 985 1505 1018 Quem
1514 984 1611 1025 Virg.

902 1034 1029 1067 Achilli
1056 1042 1248 1077 comparat.
1311 1035 1474 1068 Patribus
1496 1040 1611 1066 autem

903 1084 1093 1117 deteriores
1108 1086 1181 1118 fere
1197 1086 1290 1118 nasci
1303 1085 1405 1124 filios,
1417 1085 1612 1123 videbimus

900 1144 960 1167 τη.
978 1135 1047 1168 Od.
1062 1139 1094 1168 6.
1127 1134 1278 1178 Tydides]
1300 1135 1498 1175 Diomedes,
1511 1140 1612 1177 patre

904 1195 964 1217 suo
979 1186 1098 1226 Tydeo
1113 1186 1235 1219 fortior
1249 1192 1284 1219 et
1302 1187 1482 1219 valentior.

946 1238 989 1267 29
1015 1237 1134 1268 Cervus
1148 1237 1212 1277 uti]
1235 1237 1368 1269 Notant
1385 1240 1521 1268 autores
1539 1237 1611 1268 ani-

903 1286 1015 1322 malia,
1034 1286 1157 1327 quibus
1179 1297 1238 1318 cor
1257 1296 1399 1327 parvum
1423 1291 1488 1326 est,
1510 1287 1614 1318 auda·

902 1336 956 1366 cia
971 1345 1068 1367 esse:
1093 1337 1217 1376 quibus
1238 1336 1457 1376 praegrande,
1473 1335 1611 1376 pavida.

902 1385 994 1416 Plin.
1010 1394 1060 1417 ιι.
1075 1388 1132 1417 26.
1178 1385 1226 1417 At
1242 1386 1368 1417 homini
1391 1391 1514 1426 contra
1531 1395 1610 1418 eve·

902 1435 952 1467 nit
969 1447 977 1465 ε
1012 1435 1102 1467 unde
1130 1434 1351 1477 μεγαλόφρων.
1396 1435 1496 1469 Quod
1527 1446 1608 1468 vero

899 1485 1074 1517 cervinum
1099 1496 1158 1518 cor
1182 1485 1432 1527 Agamemnoni
1449 1486 1605 1519 Achilles

900 1535 992 1576 apud
1009 1535 1200 1568 Homerum
1217 1536 1346 1578 objicit,
1358 1545 1426 1568 non
1439 1536 1482 1568 ad
1495 1537 1609 1568 cordis

899 1586 1174 1627 amplitudinem,
1195 1587 1253 1618 sed
1271 1586 1313 1618 ad
1331 1591 1462 1619 naturae
1480 1588 1608 1619 consti-

898 1638 1065 1668 tutionem
1082 1636 1282 1669 referemus.
1314 1637 1460 1668 Torrent.
1507 1637 1609 1672 Quem

897 1687 948 1728 tu]
993 1689 1104 1721 Quem
1121 1693 1169 1723 tu,
1190 1688 1292 1719 homo
1313 1687 1424 1718 mollis
1448 1690 1485 1717 et
1507 1687 1607 1716 luxu-

898 1737 1018 1777 riosus,
1029 1737 1152 1778 fugies,
1161 1738 1250 1768 sient
1258 1746 1380 1768 cervus
1392 1735 1480 1776 fugit
1489 1735 1607 1776 lupum

897 1787 1005 1818 visum
1023 1787 1056 1818 in
1069 1788 1179 1818 altera
1195 1791 1294 1827 parte
1311 1787 1419 1818 vallis.

940 1840 979 1868 31
1016 1836 1152 1869 Sublimi
1179 1837 1334 1877 anhelitu]
1358 1837 1407 1868 Ut
1433 1835 1484 1872 fit,
1515 1845 1606 1875 cum,

898 1887 1028 1928 agitato
1040 1893 1194 1929 pectore,
1204 1897 1304 1929 quem
1311 1887 1483 1918 haurimus
1491 1886 1605 1918 aetem

898 1938 1097 1969 anhelantes
1127 1937 1312 1972 reddimus,
1338 1941 1375 1968 et
1402 1937 1436 1967 in
1463 1937 1606 1968 sublime

890 1988 1052 2028 jacimus.
1104 1986 1254 2028 Sublimi]
1284 1986 1450 2018 Anhelitu
1477 1987 1535 2029 qui
1561 1998 1605 2018 ex

894 2038 964 2068 alto
982 2041 1123 2078 pectore
1138 2037 1290 2068 ducitur.

938 2089 980 2118 32
1006 2087 1098 2129 Tuoe]
1119 2087 1200 2118 Tuae
1228 2087 1385 2126 Helenae,
1415 2087 1469 2118 cui
1496 2087 1606 2119 multa

896 2137 939 2168 de
956 2143 990 2168 te
1008 2137 1372 2178 gloriosejactaveras.

938 2190 979 2219 33
1003 2188 1162 2219 Irae-unda
1177 2186 1275 2227 diem]
1299 2186 1470 2218 Iracunda
1486 2187 1604 2219 classis

896 2238 1044 2271 Achillei
1071 2238 1234 2280 (propter
1254 2242 1410 2278 ereptam
1436 2237 1502 2268 sibi
1527 2237 1604 2268 Bri-

894 2287 1006 2330 seida)
1018 2288 1174 2330 proferet
1188 2288 1278 2319 diem
1290 2287 1355 2319 Ilio
1371 2287 1605 2328 matronisque

895 2339 1082 2381 Phrygum.
1116 2338 1267 2378 Profer-et
1281 2337 1359 2378 llio]
1392 2338 1603 2379 Prorogabit

894 2393 1044 2431 tempus,
1057 2390 1091 2421 id
1105 2389 1306 2429 est‚bellum
1317 2388 1507 2429 Tr0Janun1
1524 2398 1603 2430 pro-

894 2440 1000 2472 ducet
1017 2446 1052 2472 et
1068 2439 1271 2471 retardabit.

936 2492 976 2521 ³5
1001 2490 1082 2521 Post
1091 2489 1208 2529 certus]
1231 2489 1316 2519 Post
1327 2497 1434 2519 annos
1450 2497 1569 2518 novem
1582 2497 1603 2518 a

892 2540 972 2572 fatis
986 2544 1085 2571 certo
1099 2540 1268 2571 decretos.
1300 2538 1474 2578 Achaicus]
1505 2537 1602 2577 Ignis

893 2591 1040 2622 Graecus
1048 2600 1058 2628 ;
1067 2599 1144 2620 nam
1155 2589 1283 2620 Achaia
1291 2594 1430 2627 estpars
1439 2588 1468 2619 G
1476 2589 1599 2621 raecia‘.

937 2648 979 2677 36
1002 2645 1118 2677 Iliacas
1132 2643 1251 2684 domos]
1283 2644 1410 2674 Domos
1424 2644 1599 2685 TroJanas.

893 2695 976 2727 Omz
995 2705 1075 2727 xvi.
1102 2696 1322 2726 Punnoms.
1349 2694 1493 2726 Veniam
1510 2696 1600 2735 petit

937 2756 957 2777 a
988 2745 1104 2786 puella
1143 2754 1243 2785 quam
1281 2743 1408 2776 lambis
1437 2745 1597 2780 laescrat:

934 2795 1138 2836 culpamque
1155 2794 1321 2826 transfert
1338 2795 1371 2826 in
1390 2796 1596 2838 iram,cujtts

934 2845 1002 2877 vim
1019 2844 1220 2877 indomitam
1236 2845 1412 2878 describit.

934 2898 950 2928 1
977 2895 1159 2936 Pulchrior]
1186 2894 1349 2938 Nunquid
1365 2896 1487 2930 mulier
1509 2898 1598 2929 hane
