1930 3204
473 280 691 316 HoRA'ru
713 279 991 311 SERMoNUM
1030 280 1123 310 mn.
1156 280 1187 311 1.
1216 268 1260 309 1.

141 377 217 409 bins
242 376 345 409 fuerit
359 385 426 409 non
442 377 523 409 satis
539 379 683 408 constat.
727 374 836 405 Vetus

140 427 320 468 Interpres
344 426 602 458 Narbonensem
624 423 718 463 facit,
741 433 784 455 ex
802 433 837 454 e-

140 477 273 518 questri
296 476 427 516 ordine,
448 475 734 516 Pompeianarum
760 483 836 514 par·

139 527 238 566 tium,
253 527 311 568 qui
333 526 377 557 de
401 526 517 557 Stoica
541 527 637 556 secta
655 523 760 556 libros
775 523 836 554 ali-

137 580 222 618 quot
238 576 426 618 scripserit,
442 585 482 607 ac
499 575 648 616 graviter
671 583 748 605 cnm
763 573 834 605 Ho-

137 627 229 659 ratio
243 625 470 659 contenderit.
516 623 766 658 Quinctilianus
786 633 835 655 vr.

137 679 171 708 3.
194 676 291 708 Fabii
311 676 487 718 cujusdam
512 674 650 707 Maximi
666 674 834 715 meminit,

136 727 194 769 qni
223 726 370 768 Augusti
395 726 639 767 congiariorum
666 724 835 765 exiguita-

135 781 205 808 tem
236 785 413 816 accusans,
435 775 619 807 heminaria
642 783 717 806 esse
741 774 833 806 dice-

134 825 216 858 bat:
239 826 338 867 hujus
357 825 502 857 fortasse
525 824 704 865 dicacitas,
719 834 835 866 quem-

134 875 315 908 admodum
327 881 364 908 et
374 875 555 912 Labeonis,
570 875 715 907 Poetam
728 873 833 907 offen-

133 925 196 967 dit,
221 927 256 958 in
279 925 424 967 Augusti
451 926 607 967 gratiam.
633 926 722 957 Torr.
768 925 833 957 Fa-

134 977 228 1016 bium,
249 987 288 1009 ne
314 980 345 1009 te
366 977 482 1017 morer]
507 977 702 1008 ctnmosum
726 976 832 1008 causi-

132 1027 261 1066 dicum,
290 1026 357 1066 vel,
388 1026 633 1067 Philosophum
663 1025 832 1067 quendam

134 1075 191 1118 qui
206 1075 310 1108 libros
324 1075 454 1116 aliquos
475 1075 728 1115 conscripserat
748 1075 831 1107 satis

132 1125 305 1157 verbosos.
332 1124 419 1156 Audi
433 1124 501 1160 Quo
515 1134 580 1155 rem
589 1125 754 1166 deducam]
772 1124 830 1156 At-

131 1179 264 1207 tentum
280 1175 395 1206 reddit
413 1176 606 1215 Lectorem,
621 1175 831 1207 demonstra-

132 1229 243 1262 turus,
270 1233 338 1256 non
370 1229 492 1256 natura
522 1234 562 1256 ac
592 1230 688 1256 certa
720 1224 832 1266 aliqua

131 1275 277 1314 ratione,
291 1274 351 1306 sed
367 1275 577 1306 morositatis
593 1276 675 1306 vitio
691 1274 777 1313 fieri,
792 1279 831 1307 nt

131 1335 231 1357 nemo
257 1324 331 1356 fere
359 1324 587 1365 praesentibus
623 1325 828 1365 acquiescat.

133 1375 222 1407 Torr.
267 1375 367 1416 [Qaoe
381 1376 498 1406 lassare
510 1376 591 1407 Vat.
607 1378 658 1407 12.
669 1375 829 1407 Dela-rare

132 1425 213 1457 Vat.
228 1424 296 1465 13]
359 1433 364 1439 ’

171 1478 211 1507 17
239 1475 575 1515 st.consa1tusmodo,
590 1475 742 1515 rusticus]
775 1476 827 1506 Tu

91 1552 95 1554 .
126 1526 227 1557 modo
254 1526 540 1565 Jurisconsultiis,
570 1526 637 1556 eris
664 1525 826 1557 rusticus.

128 1576 218 1609 Hine
230 1576 299 1616 vos]
326 1575 442 1608 Abite.

128 1635 131 1638 ⁴
170 1630 212 1659 18
234 1627 324 1659 Hinc
351 1637 416 1668 vos,
444 1626 507 1658 Vos
535 1626 622 1666 hinc]
647 1626 733 1658 Haec
756 1635 825 1657 om·

126 1677 195 1718 nia,
204 1677 294 1719 quod
308 1675 432 1708 fefellit
444 1676 673 1717 Interpretes,
685 1685 705 1706 e
722 1685 826 1707 scena

126 1727 305 1767 desumpta
320 1731 411 1766 sunt,
426 1726 460 1756 in
476 1735 544 1765 qua
566 1725 692 1756 dantur
710 1729 826 1764 partes

128 1781 164 1808 et
178 1780 368 1807 mutantur.
412 1775 537 1805 Partes
558 1774 618 1804 dat
640 1774 696 1814 qui
719 1774 775 1804 alii
791 1775 825 1804 in

126 1827 281 1858 dramate
309 1827 448 1866 primas,
477 1824 549 1854 aliis
573 1823 741 1855 secundas
767 1823 826 1854 tri·

126 1876 213 1908 buit.
236 1874 335 1909 Quod
350 1874 477 1907 Comici
493 1874 621 1913 dicunt,
636 1874 646 1891 ⁴
658 1873 739 1904 dare
750 1883 827 1914 par-

127 1926 204 1962 te3,'
229 1925 414 1967 περιτιθέναι
434 1923 599 1965 πρόσωπον
621 1923 708 1955 dixit
724 1924 825 1955 Bion.

127 1976 215 2007 Bion
230 1981 356 2015 autem,
375 1977 484 2006 Deum
509 1973 652 2005 Poetam
677 1973 826 2012 dicebat,

126 2027 304 2058 histriones
321 2034 401 2056 vero
416 2024 579 2056 homines.
617 2024 719 2055 Hunc
737 2023 824 2055 Poe-

127 2081 208 2115 tam,
223 2076 298 2107 aliis
324 2076 460 2116 primas,
484 2074 559 2105 aliis
581 2074 748 2106 secundas
764 2075 823 2106 im-

123 2135 263 2168 ponere.
307 2124 463 2156 Hominis
475 2134 555 2155 vero
566 2134 651 2159 esse,
667 2134 734 2155 non
751 2134 823 2155 mu-

124 2180 199 2207 tare
229 2178 359 2216 partes,
383 2183 499 2205 verum
526 2174 624 2205 datas
651 2175 821 2206 sustinere

121 2223 270 2256 fortiter.
293 2223 395 2257 Quod
411 2223 550 2265 quidem
569 2233 645 2256 raro
662 2225 820 2263 evenire;

123 2283 396 2316 unnmquemque
411 2275 503 2305 enim
520 2274 668 2315 partium
684 2285 821 2306 suarum

124 2324 300 2364 poenitere.
344 2324 394 2354 Ea
426 2328 479 2354 est
507 2324 664 2355 humanae
696 2326 821 2356 mentis

124 2373 352 2405 inconstantia
365 2382 405 2404 ac
419 2373 552 2404 levitas.
596 2375 707 2406 Nemo
729 2379 821 2406 sorte

124 2431 184 2454 sua
195 2427 248 2455 est
262 2426 456 2454 contentus,
501 2423 547 2454 Et
563 2428 690 2463 tamen,
706 2425 734 2455 si
746 2425 821 2466 quis

123 2474 218 2504 Deus
252 2475 366 2512 partes
399 2472 621 2512 singulorum,
659 2478 820 2516 tanquam

124 2522 159 2552 in
174 2531 289 2561 scena,
301 2525 452 2553 mutaret
467 2522 592 2561 subito,
610 2523 670 2554 has
685 2522 820 2565 qnoque

123 2575 300 2604 recusaret
323 2571 478 2612 quisque.
500 2572 666 2605 Heinsius.
711 2574 822 2605 Muta·

123 2623 167 2654 tis
178 2620 333 2663 partibus]
367 2620 625 2653 Conditionibus
645 2622 726 2654 vitae
749 2633 820 2655 mu-

125 2673 218 2703 tatis.

169 2723 210 2752 19
234 2719 319 2756 Quid
329 2719 438 2760 stalis]
455 2720 525 2752 Cur
536 2730 601 2752 non
617 2721 820 2754 disceditis?

125 2769 252 2809 Nolim]
282 2769 340 2801 Sic
361 2771 432 2801 sine
455 2771 521 2802 ulla
536 2769 751 2804 dubitatione
773 2773 821 2804 le-

123 2820 282 2862 gendum,
324 2820 493 2862 pendente
530 2831 550 2852 e
587 2823 819 2863 superioribus

1475 270 1587 313 1589

888 374 1080 406 sententia:
1111 374 1161 406 ait
1183 371 1294 405 enim:
1327 370 1364 403 Si
1389 371 1463 413 quis
1489 373 1586 406 Deus

887 423 1075 464 dicat‚jam
1091 422 1183 464 quod
1200 421 1302 454 vultis
1313 419 1450 461 faciam,
1466 424 1584 455 nolint.

886 473 967 505 Vid.
980 472 1132 504 Turneb.
1149 481 1199 504 vr.
1214 475 1268 504 25.
1314 471 1415 513 Atqui
1430 473 1503 503 licet
1523 483 1588 504 esse

886 523 1001 564 beatis]
1023 523 1080 554 Sic
1097 532 1123 554 1.
1144 522 1217 555 Sat.
1234 524 1287 553 ll.
1306 524 1316 540 ‘
1331 522 1495 555 Munitico
1510 532 1587 555 esse

883 572 990 605 licet.’
1011 573 1160 605 Pulmnn.
1207 573 1427 614 Nolim-atqui
1438 573 1511 605 licet
1522 583 1588 606 esse

885 623 999 665 beatis]
1022 623 1102 656 Non
1118 628 1278 665 possunt:
1295 632 1361 656 nec
1377 633 1511 666 aeqnum
1528 634 1586 656 eos

885 674 984 706 velle.

925 726 966 755 21
991 725 1116 756 Buccas
1131 724 1236 766 inflet]
1260 725 1304 756 Et
1317 724 1433 757 Graeci
1447 725 1584 767 quidem

882 775 989 817 φνσᾷν
1009 774 1068 807 τὰς
1093 774 1236 816 γνάθους,
1263 775 1354 817 quod
1384 785 1443 807 nos
1472 775 1586 816 inflare

883 825 991 858 buccas
1005 825 1159 862 dicimus,
1175 827 1218 858 de
1231 825 1419 858 hominibus
1429 826 1586 867 superbis

882 880 982 918 atque
998 876 1237 917 arrogantibus
1261 880 1439 917 usurpant.
1483 876 1586 908 Unde

883 930 918 958 et
932 925 1115 966 φνσί-γναθοι
1141 926 1238 963 dicti,
1266 926 1323 967 qni
1346 934 1388 958 eo
1403 925 1520 958 morbo
1536 926 1585 957 la-

882 977 1018 1017 borant,
1042 978 1206 1010 Horatius
1223 987 1304 1009 vero
1322 987 1394 1018 prae
1411 978 1460 1008 ira
1476 981 1579 1018 atque

880 1027 1114 1068 indignatione
1126 1027 1149 1060 J
1153 1037 1249 1058 ovem
1261 1027 1325 1058 boc
1338 1025 1518 1058 facientem
1535 1027 1585 1057 in-

881 1077 990 1109 ducit.
1013 1079 1157 1109 Torrent.
1202 1077 1326 1108 Buccas
1355 1076 1457 1117 inflet,
1485 1085 1583 1116 neque

881 1128 930 1169 se]
952 1129 1041 1162 Quin
1056 1129 1196 1170 Jupiter
1211 1128 1389 1160 irascatur.

923 1181 965 1209 22
994 1178 1082 1210 Votis
1098 1181 1133 1210 ut
1150 1177 1287 1219 proebeat
1302 1178 1426 1219 aurem]
1461 1178 1510 1210 Ut
1526 1187 1583 1210 eo-

882 1237 956 1259 rum
970 1232 1052 1259 vota
1067 1227 1195 1260 audiat.

922 1281 964 1310 23
992 1279 1038 1309 Ut
1054 1278 1287 1319 quijocuzaria]
1326 1278 1375 1310 Ut
1392 1278 1450 1320 qui
1467 1287 1518 1310 res
1527 1278 1582 1318 jo-

879 1329 1012 1360 culares
1027 1332 1064 1360 et
1077 1328 1227 1359 ludicras
1243 1328 1423 1368 percurrit.

920 1380 963 1409 24
986 1378 1154 1408 Ridentem
1167 1378 1269 1409 dicere
1278 1377 1400 1417 verum]
1426 1377 1466 1408 Id
1482 1386 1581 1408 nemo

878 1427 997 1458 melius
1012 1426 1258 1468 dexteriusque
1274 1426 1422 1459 Horatio
1447 1429 1580 1468 praesti-

878 1477 932 1513 tit,
949 1481 1050 1519 atque
1079 1477 1143 1508 hac
1170 1477 1224 1508 vel
1252 1477 1428 1518 praecipua
1451 1478 1579 1508 virtute

877 1532 1020 1559 caeteros
1043 1536 1160 1558 omnes
1184 1527 1219 1558 in
1241 1526 1366 1567 Satyra
1388 1527 1579 1558 antecellit.

875 1583 991 1610 notum
1007 1577 1097 1609 enim
1113 1577 1196 1608 illud
1213 1577 1347 1608 Persii:
1372 1577 1382 1594 ‘
1397 1576 1510 1608 Omne
1524 1586 1578 1608 va-

874 1629 927 1661 fer
941 1629 1060 1660 vitium
1074 1628 1199 1660 ridenti
1212 1628 1353 1659 Flaccus
1365 1629 1476 1659 amico
1487 1628 1578 1658 Tan-

876 1679 950 1719 git.’
992 1678 1073 1711 Vid.
1100 1678 1251 1709 Turneb.
1283 1687 1351 1709 xn.
1377 1681 1409 1709 3.
1436 1678 1580 1710 Torrent-

876 1729 1045 1759 Ridentem
1058 1728 1162 1759 dicere
1176 1728 1299 1767 verum]
1325 1727 1451 1758 Ridere
1468 1732 1504 1758 et
1521 1735 1576 1758 ve-

874 1787 948 1809 rum
965 1778 1079 1809 dicere
1095 1778 1176 1819 qnid
1195 1777 1307 1808 vetat?

918 1830 959 1858 25
988 1826 1088 1868 Olim]
1105 1826 1294 1859 Interdum.
1319 1825 1486 1867 Crustu1a]
1498 1826 1577 1858 Pla-

878 1877 1044 1909 centulae.

919 1930 961 1959 2⁷
985 1926 1046 1958 Sed
1060 1925 1179 1966 tamen]
1195 1924 1317 1957 Otiosa
1329 1925 1404 1957 haec
1416 1925 1483 1957 duo
1499 1930 1578 1958 sunt

877 1977 994 2015 verba,
1023 1976 1050 2007 si
1081 1975 1285 2007 sententiam
1313 1975 1489 2007 attendas:
1516 1975 1578 2007 sed

874 2026 926 2057 ita
951 2027 1063 2058 solent
1094 2025 1145 2056 nti
1175 2028 1320 2064 veteres,
1341 2035 1416 2056 cum
1441 2035 1576 2057 sensum
1610 2027 1616 2030 “

874 2076 1024 2117 longiore
1056 2076 1170 2117 aliqua
1204 2074 1345 2115 periodo
1374 2075 1575 2106 distractum

873 2130 1048 2166 revocant,
1076 2130 1115 2156 ut
1146 2129 1226 2156 ante
1251 2124 1370 2155 Lamb.
1398 2125 1576 2156 Turnebus

873 2176 1050 2207 annotavit
1063 2183 1131 2207 xn.
1147 2177 1180 2206 3.
1218 2174 1440 2206 Demonstrat
1460 2178 1574 2206 autem

872 2226 1035 2267 deinceps
1064 2225 1188 2257 Horat.
1218 2223 1347 2256 fontem
1371 2225 1460 2265 ejus,
1484 2224 1574 2266 quod

871 2276 1048 2315 describit,
1070 2275 1150 2307 mali
1172 2283 1248 2309 esse
1272 2274 1470 2315 avaritiam3
1495 2275 1574 2306 dum

872 2326 998 2357 nemini
1022 2329 1092 2356 tam
1121 2324 1210 2356 bene
1237 2328 1301 2363 est,
1324 2328 1360 2355 ut
1382 2333 1448 2355 non
1474 2329 1574 2365 optet

872 2379 962 2406 esset
976 2374 1108 2406 melius.
1151 2373 1192 2404 In
1206 2382 1272 2415 qno
1287 2383 1403 2404 omnes
1415 2373 1573 2406 fallimur.

872 2425 996 2457 Amisso
1025 2428 1139 2455 antem
1163 2433 1225 2464 pro
1249 2424 1360 2455 omisso
1385 2424 1512 2465 legitur
1538 2425 1572 2455 in

872 2475 1004 2516 optimo
1018 2473 1149 2506 codice.
1173 2473 1316 2504 Torrent.

913 2527 955 2556 28
981 2524 1040 2555 Ille
1052 2532 1181 2563 gravem
1196 2523 1289 2563 duro]
1318 2523 1384 2554 Hic
1400 2523 1495 2564 qnasi
1513 2523 1573 2554 ba-

871 2574 1057 2614 simjacere
1073 2571 1192 2612 incipit
1204 2570 1329 2603 futurae
1345 2572 1571 2604 conclusionis

870 2624 966 2664 hujus
995 2620 1242 2662 ἐπιχειρήματος,
1269 2621 1426 2653 nimirum
1453 2631 1570 2653 omnes

872 2674 1006 2715 quidem
1023 2672 1121 2712 sequi
1142 2671 1275 2702 diversa
1291 2671 1425 2710 studia3
1451 2671 1510 2703 sed
1526 2672 1569 2704 ad

871 2723 1016 2755 eundem
1033 2721 1206 2754 collimare
1220 2720 1321 2751 finem
1334 2721 1495 2762 ultimum,
1509 2732 1568 2764 pu-

871 2780 907 2806 ta
922 2774 1109 2806 avaritiam.
1127 2772 1223 2812 Cruq.
1270 2771 1328 2803 Ille
1341 2782 1467 2811 gravem
1475 2773 1568 2813 duro]

870 2824 1041 2866 Agricola.
1086 2823 1180 2864 [Vat.
1198 2822 1296 2854 Rom.
1313 2824 1345 2852 9.
1358 2822 1410 2863 qui
1424 2823 1567 2865 terram]
