1930 3204
519 294 727 326 nonnul
761 295 1040 327 salmonum
1077 296 1171 329 ms.
1204 297 1234 328 1.
1264 287 1305 328 3.

190 390 256 428 vis,
275 388 342 421 illis
365 388 568 430 praesentim,
591 398 673 430 quas
699 386 889 418 Haliaeetos

191 445 331 480 vocant,
343 440 503 481 cognosci
520 439 647 480 poterit
661 447 705 469 ex
721 437 836 468 Plinio
853 446 888 469 x.

190 493 223 522 8.
243 495 281 522 et
306 489 450 522 Aristot.
475 489 566 522 Hist.
588 487 736 520 Animal.
760 494 813 518 ιι.
835 489 888 518 32.

191 540 331 581 Serpens
357 538 566 581 Epidaurius]
601 537 807 577 Interpretis
835 537 890 571 liic

191 591 269 622 vice
296 590 341 622 sit
370 589 465 621 nobis
494 589 635 620 Festus:
659 586 670 603 ‘
690 586 892 625 Di·acones‚’

191 640 362 681 inquiens,
377 644 386 659 ⁴
402 638 464 671 ἀπὸ
487 639 546 670 τοῦ
568 638 700 679 δρακεῖν,
718 638 751 669 id
768 642 833 678 est,
845 637 891 668 wi-

191 691 284 722 dere:
307 689 526 722 clarissimam
551 688 640 720 enim
658 687 818 719 dicuutur
833 688 890 718 lia-

191 739 274 772 bere
288 740 462 771 oculorum
475 738 594 770 aciem.
639 738 714 770 Qua
730 747 771 768 ex
787 747 892 768 causa

191 788 392 820 incubantes
429 798 486 820 eos
517 788 685 820 thesauris
721 787 891 819 custodiae

190 838 312 871 cauisse
339 838 512 870 finxerunt
547 838 692 879 antiqui.
736 837 892 879 Ideoque

188 888 386 930 AEsculapio
414 888 665 927 attribuuntur,
689 887 778 929 quod
811 887 893 928 vigi-

186 937 372 971 lantissimi
397 939 531 980 generis
556 942 733 980 putantur,
747 946 822 979 quae
839 945 893 967 res

190 989 368 1021 medicinas
403 989 551 1020 maxime
585 987 781 1019 necessaria
817 986 893 1018 est.¹

190 1037 246 1069 Sit
270 1047 352 1078 ergo
379 1047 502 1078 serpens
521 1036 729 1077 Epidaurius,
753 1045 894 1077 serpens

192 1088 462 1129 AEsculapio,qni
473 1087 640 1128 Epidauri
654 1087 827 1128 praecipua
842 1096 893 1118 re-

193 1137 319 1178 ligione
331 1137 467 1177 colitur,
475 1146 582 1169 sacer.
609 1137 663 1168 De
675 1146 742 1178 quo
752 1137 894 1169 Romam

194 1187 340 1220 advecto
363 1188 478 1219 Livius
491 1192 528 1219 et
540 1187 610 1219 alii.
637 1187 778 1219 Torrent-
819 1187 894 1228 Epi-

192 1238 338 1279 daurius]
361 1238 508 1279 Serpens
530 1237 738 1278 Epidaurius
757 1237 896 1279 ponitur

194 1297 256 1328 pro
270 1288 390 1330 quovis
406 1288 564 1319 dracone.

238 1340 281 1369 28
313 1338 441 1378 Evenit,
462 1338 627 1378 inquirant
655 1337 734 1368 vitia
761 1340 798 1369 ut
823 1336 894 1376 tua]

195 1387 240 1418 Ut
257 1387 327 1419 sint
341 1388 460 1429 aliqui,
473 1389 531 1429 qui
549 1388 655 1419 velint
679 1387 826 1418 invicem
843 1387 894 1418 in-

193 1439 330 1479 quirere
346 1444 404 1470 tua
419 1439 514 1470 vitia.

235 1491 279 1520 29
293 1488 404 1521 Minas
417 1492 510 1530 aptas
519 1489 622 1520 acutis
630 1487 787 1528 Naribus]
802 1488 893 1519 Pau-

191 1539 225 1569 lo
242 1539 419 1579 morosior,
433 1539 557 1580 inquit,
574 1546 626 1570 est
637 1538 817 1580 quispiam,
836 1538 893 1578 qui

193 1589 299 1621 rideri
323 1590 482 1631 semolit,
506 1595 542 1621 et
572 1589 677 1621 rideri
706 1594 819 1621 tamen
849 1588 893 1620 ob

187 1639 349 1681 quedam
365 1640 495 1672 leviora
512 1639 595 1671 vitia
609 1639 731 1680 possit.
763 1639 894 1670 Volunt

194 1694 310 1721 autem
335 1690 556 1721 Grammatici
580 1689 655 1720 haec
682 1688 727 1720 de
746 1688 894 1729 Virgilio

193 1739 275 1770 dici.
318 1738 529 1770 Pulmannus
547 1738 596 1770 sic
617 1738 894 1777 distinguendum

191 1793 338 1820 censet:
375 1788 563 1820 Iracundior
591 1791 638 1819 est
658 1788 764 1828 paulo,
793 1787 896 1818 nunus

194 1841 304 1879 aptas,
325 1839 426 1870 acutis
445 1837 587 1869 Naribus
610 1837 718 1868 horum
739 1837 896 1868 hominum

195 1887 296 1920 rideri
320 1888 432 1928 possit.
476 1886 555 1918 vid.
577 1886 726 1918 Turneb.
752 1895 834 1918 xix.
863 1889 895 1918 4.

200 1938 396 1969 Torrentius.
440 1936 551 1968 Minus
570 1939 661 1977 optus
681 1935 782 1968 acutis
797 1936 897 1967 Nari-

197 1987 270 2029 bus]
295 1987 438 2029 Ineptus
454 1987 496 2018 ad
510 1996 711 2028 congressus
726 1987 895 2018 hominnm

197 2038 382 2077 dicacium,
413 2048 558 2080 quorum
580 2042 768 2069 scommata
803 2035 896 2068 ferre

197 2097 265 2120 non
286 2092 412 2129 potest.

241 2140 284 2170 3⁰
309 2138 434 2169 Horum
447 2137 621 2178 hominum]
645 2137 712 2171 Qui
727 2136 826 2169 hodie
850 2136 898 2168 vi·

196 2193 292 2220 vunt.

240 2239 280 2269 31
306 2237 470 2269 Rustic-ius
495 2240 583 2269 tonso
605 2237 694 2278 toga]
718 2237 816 2270 Quod
846 2237 897 2268 illi

195 2287 390 2328 imperitius
411 2294 510 2320 tonso
529 2293 611 2329 toga
626 2289 713 2320 male
735 2294 788 2320 est
807 2297 898 2319 corn-

199 2339 323 2379 posita.
366 2340 412 2370 Et
425 2340 504 2370 male
514 2339 620 2378 laxus]
635 2339 781 2371 Calceus
797 2339 898 2370 valde

199 2389 310 2421 laxus.

242 2441 284 2470 33
308 2438 355 2470 At
378 2437 438 2468 tibi
452 2435 586 2476 amicus]
607 2435 781 2468 Ferendus
796 2436 900 2478 igitur

201 2493 238 2518 et
252 2485 424 2518 amandus.
496 2506 500 2512 »

244 2538 287 2568 84
310 2535 375 2567 Sub
404 2534 545 2576 corpore]
581 2535 696 2567 Multo
723 2537 839 2577 plures
863 2540 900 2568 et

203 2585 454 2618 emendatiores
474 2585 576 2616 codd.
605 2586 743 2626 liabent,
763 2587 819 2618 sub
831 2597 902 2627 pec-

202 2640 282 2668 tore.
311 2635 495 2675 Displicuit
510 2634 665 2667 fortassis
686 2636 787 2667 alicui
810 2637 900 2678 quod

202 2685 370 2727 ingeniosi
382 2685 526 2716 hominis
538 2685 700 2716 incultum
715 2690 834 2726 pectus
850 2686 902 2717 di-

205 2739 302 2766 ceret
337 2734 517 2766 Horatius.
577 2735 722 2776 Denique
755 2735 900 2777 teipsum]

205 2786 392 2825 Exemplar
413 2785 591 2827 optimum,
624 2786 734 2818 deinde
759 2787 902 2827 teipsum.

205 2836 363 2868 Torrent-

1527 290 1547 330 1
1556 289 1640 332 611

983 391 1023 420 35
1051 390 1198 427 Concute,
1211 400 1287 422 num
1301 390 1378 432 qua]
1391 390 1554 431 'reipsum
1566 393 1642 424 dili-

940 442 1063 479 genter
1076 440 1286 480 examinato,
1299 449 1380 472 num
1395 450 1462 482 qua
1477 441 1562 472 vitia
1578 443 1642 474 tibi

939 493 1065 520 natura
1095 489 1360 530 ingeneraverit.
1399 492 1551 533 [Pers-ipe
1579 503 1642 535 pro

942 538 1081 570 Concuee
1096 539 1179 571 Vnt.
1195 543 1227 572 3.
1242 551 1262 572 a
1277 551 1322 573 m.
1343 541 1415 582 pr.]

984 591 1027 620 36
1078 590 1274 623 Consuetudo
1303 591 1401 633 mata]

941 640 1122 680 peccandi.

984 693 1025 721 37
1062 690 1240 731 Neglectis,
1260 691 1331 732 Bm]
1363 691 1542 724 Admonet
1571 691 1643 723 ani-

940 748 1031 770 mrim
1047 740 1273 772 excolendum
1294 741 1496 783 disciplinis,
1516 741 1645 783 alioqui

940 788 1108 829 futurum,
1133 794 1171 821 ut
1198 790 1310 821 inutili
1351 792 1447 832 sylva
1484 792 1644 823 vitiorum

941 843 1141 879 occupetur.
1188 839 1277 870 Filix
1293 839 1383 871 enim
1404 840 1512 871 herba
1536 841 1646 871 invisa

940 890 1115 931 agricolis.
1136 890 1301 922 Erasmus.
1345 891 1511 931 Negtectis
1525 892 1645 922 urenda

931 940 1011 982 filix
1033 939 1226 980 innascitur]
1247 941 1304 972 Sic
1329 941 1458 972 animus
1479 941 1554 973 sine
1571 941 1645 982 phi·

940 991 1104 1031 Iosophiae
1119 991 1255 1022 cultura
1269 995 1380 1023 scatet
1392 992 1495 1024 vitiis.

986 1043 1029 1072 38
1041 1041 1122 1072 Illuc
1133 1040 1378 1081 praevertamur]
1396 1042 1447 1073 Eo
1459 1042 1645 1082 veniamus,

941 1091 978 1123 id
993 1095 1073 1123 ante
1086 1092 1198 1123 omnia
1212 1091 1488 1130 consideremus;
1504 1095 1543 1122 ut
1555 1101 1647 1122 arna·

944 1145 1056 1172 torum
1083 1150 1207 1182 nempe
1233 1141 1407 1182 exemplo,
1428 1150 1491 1172 nos
1506 1149 1645 1182 quoque

946 1190 1129 1222 amicorum
1168 1191 1261 1222 vitiis
1298 1191 1515 1231 ignoscamus
1541 1201 1550 1222 ε
1593 1190 1645 1222 sic

945 1241 1034 1272 enim
1060 1241 1266 1281 praevertendi
1291 1240 1456 1272 vocabulo
1487 1239 1538 1271 usi
1566 1243 1646 1271 sunt

945 1295 1093 1327 veteres,
1126 1300 1236 1332 eoque
1280 1290 1420 1322 mirifice
1451 1291 1646 1322 delectatur

945 1340 1128 1380 Virgilius:
1154 1345 1163 1358 ‘
1182 1341 1433 1382 Volucremque
1449 1340 1532 1381 fuga
1557 1350 1646 1381 prae-

945 1390 1095 1421 vertitur
1130 1389 1312 1421 Hebrum.'
1359 1390 1506 1421 Torreat.
1564 1389 1646 1421 Illuc

939 1442 1184 1479 proevertamur:
1213 1442 1385 1471 amtorem
1412 1440 1491 1479 quod
1520 1439 1644 1479 amieoe]

943 1490 1017 1522 Nos
1032 1500 1074 1522 eo
1101 1497 1273 1522 vertamus
1290 1491 1486 1532 priusquam
1502 1490 1547 1522 de
1563 1491 1647 1522 ami-

1451 591 1644 624 Assiduitas

942 1550 1058 1572 eorum
1094 1539 1207 1572 officio
1232 1545 1292 1572 ant
1321 1540 1414 1572 vitiis
1437 1540 1580 1582 agimus,
1608 1547 1648 1572 ut

942 1590 1152 1630 explicemus
1176 1591 1264 1632 quod
1290 1591 1405 1631 turpia
1424 1591 1506 1622 vitia
1527 1592 1646 1622 amicae

942 1640 1122 1681 decipiunt
1138 1650 1281 1680 coecum,
1296 1643 1362 1672 &c.

986 1693 1029 1722 39
1051 1690 1223 1730 Decipiuut
1243 1690 1372 1731 coecum]
1398 1690 1477 1722 Non
1495 1690 1647 1722 animad-

943 1743 1126 1770 vertuntur
1141 1739 1184 1770 ab
1199 1744 1367 1770 amatore.

986 1791 1029 1820 40
1051 1788 1206 1829 Polypus]
1227 1787 1392 1820 Πολύ-κους
1427 1788 1554 1820 Graece
1590 1799 1649 1821 ca-

944 1839 1084 1870 runcula
1100 1838 1134 1870 iu
1158 1839 1307 1876 naribus,
1332 1843 1370 1870 ut
1386 1837 1509 1870 definit
1526 1838 1647 1871 Celsus

949 1897 998 1920 vr.
1014 1890 1046 1919 8.
1069 1897 1190 1919 nornen
1217 1897 1237 1918 a
1259 1888 1384 1928 Polypi
1405 1888 1517 1920 carnis
1534 1889 1648 1920 simili-

946 1937 1062 1968 tudine
1087 1937 1231 1977 invenit,
1261 1942 1299 1968 ut
1327 1937 1439 1978 Epod.
1467 1946 1534 1969 xn.
1564 1939 1651 1970 dixi-

946 1997 1031 2019 muS.
1059 1987 1204 2019 Torreat.
1250 1987 1389 2028 Polypus
1410 1987 1531 2029 Aguae]
1555 1989 1650 2020 Mor·

946 2039 1008 2071 bus
1035 2038 1176 2079 putidus
1201 2038 1234 2069 in
1262 2039 1399 2071 naribus
1422 2039 1543 2080 Aguae,
1567 2040 1648 2072 Bal-

947 2088 1018 2120 bini
1032 2088 1164 2119 amirae.

987 2140 1030 2169 42
1059 2138 1167 2169 Virtus
1189 2137 1342 2178 posuisset
1366 2138 1541 2180 honestum]
1582 2138 1648 2170 Ars

946 2187 1177 2228 imposuisset.
1235 2187 1368 2227 [Error-i
1409 2189 1511 2218 virtus
1539 2198 1649 2220 nomen

947 2237 1031 2269 Vat.
1047 2241 1079 2269 5.
1097 2242 1134 2269 et
1149 2238 1230 2268 Vat.
1246 2237 1347 2281 Rom.
1361 2236 1412 2278 6.]

987 2289 1030 2318 43
1053 2286 1111 2323 At,
1127 2291 1217 2328 pater
1238 2291 1274 2319 ut
1290 2287 1397 2326 gnati,
1418 2288 1465 2319 sic
1486 2298 1542 2319 nos
1562 2288 1652 2320 debe·

944 2336 1030 2376 mus]
1058 2336 1108 2368 Ut
1138 2342 1238 2377 pater
1265 2346 1334 2368 nou
1363 2336 1499 2369 fastidit
1527 2337 1648 2370 vitium

948 2386 1056 2426 gnati.

991 2436 1033 2466 44
1055 2433 1238 2466 Strabonem
1253 2435 1398 2476 Appellat
1410 2436 1545 2477 petum]
1570 2438 1649 2468 Non

949 2484 1054 2514 solum
1080 2483 1184 2523 igitur
1199 2484 1344 2516 filiorum
1362 2486 1447 2516 vitia
1467 2495 1534 2516 non
1553 2485 1648 2518 fasti-

949 2533 1001 2564 dit
1025 2537 1134 2574 pater,
1154 2534 1214 2564 sed
1239 2538 1404 2565 extenuat
1427 2534 1543 2570 etiam,
1558 2535 1650 2575 quod

951 2582 1184 2624 ὑποκορίζεσθαι
1197 2588 1322 2615 vocant
1337 2584 1468 2624 Graeci,
1484 2590 1532 2624 et,
1545 2595 1651 2626 quan-

951 2639 1023 2666 tum
1040 2635 1076 2665 in
1092 2634 1168 2674 ipso
1184 2635 1415 2673 est,invenire
1426 2634 1547 2666 nititur
1558 2637 1649 2677 quod

951 2683 1082 2715 laudet.
1099 2683 1243 2714 Torreat.
1287 2682 1488 2725 Strabonem]
1510 2685 1652 2718 Strabo·

951 2733 1003 2766 nis
1018 2733 1107 2765 oculi
1129 2738 1209 2764 sunt
1224 2733 1373 2765 distorti.

994 2788 1035 2817 45
1083 2784 1207 2816 Poetum
1237 2784 1345 2825 pater]
1391 2783 1511 2817 Paetus
1543 2780 1649 2818 Babet

952 2836 1068 2868 oculos
1082 2834 1292 2867 semiclusos.
1324 2834 1466 2876 Pullum]
1477 2835 1493 2852 ⁴‘
1505 2834 1652 2877 Pullus‚'
