1930 3204
398 295 508 338 1558

399 403 467 430 tarn
481 396 570 439 quod
594 399 684 428 esset
705 396 836 436 nigrum
857 404 915 427 seu
939 397 1085 442 pullum„

395 456 494 488 quam
516 446 603 487 quod
616 447 662 476 illi
677 446 770 485 quasi
785 444 829 476 ob
848 445 961 476 oculos
977 454 1076 485 pone-

395 500 448 527 ret
477 499 638 525 mutatam
664 493 845 532 fortunam,
875 497 910 524 et
938 493 1075 524 exitium

393 553 552 585 praesens.
577 544 671 582 Cruq.
715 542 786 582 [Ad
815 542 995 582 marginem
1022 551 1076 573 co-

395 592 479 622 dicis
494 591 675 630 Bamberg.
689 590 743 620 hic
766 590 902 630 legitur,
924 590 974 620 De
994 590 1079 628 suga

395 638 538 677 Antonii,
564 639 658 679 quasi
684 647 805 669 novum
830 638 972 669 Carmen
996 638 1078 669 inci·

396 686 520 726 peret-J

435 736 477 765 29
503 735 632 764 Centum
654 734 782 764 nobilem
801 735 925 765 Cretam
938 734 1075 773 urbibus]

395 782 501 812 Creta
515 786 650 812 centum
665 782 781 813 habuit
795 783 959 813 civitates.
990 782 1077 812 Vide

392 840 449 862 ιιι.
467 830 536 862 Od.
551 834 605 862 2⁷.

433 882 474 911 30
506 881 580 911 Non
605 880 684 920 suis]
716 881 835 912 Ventis
862 880 1011 912 adversis
1039 884 1075 911 et

393 929 582 960 contrariis.

433 979 472 1007 al
498 977 713 1017 Emer-citatas]
733 978 851 1018 Syrtes
871 981 1075 1018 tempestuo-

392 1033 443 1054 sas
459 1029 494 1054 et
509 1034 528 1054 a
543 1025 636 1055 Noto
652 1030 804 1055 vexatas.

431 1074 472 1102 :32
495 1073 560 1102 Aut
574 1073 682 1109 fertur
699 1074 815 1104 incerto
840 1075 934 1114 mari]
958 1074 1077 1105 Nesci-

390 1129 449 1151 ens
462 1129 527 1160 quo
542 1120 661 1160 fugiat.

431 1171 471 1199 33
497 1169 693 1208 capaciores]
715 1170 780 1199 Vel
807 1170 985 1209 impatiens
1009 1179 1077 1200 mo·

390 1226 449 1256 rae,
462 1216 504 1247 ob
521 1221 590 1247 tam
610 1218 772 1257 insignem
796 1219 962 1258 laetitiam,
985 1219 1025 1250 ab
1040 1228 1076 1249 se

389 1265 501 1303 sumit,
518 1265 604 1305 quod
618 1266 839 1297 &Maecenate
851 1268 1007 1307 petierat,
1024 1269 1077 1299 vel

391 1313 500 1343 animo
523 1313 722 1344 Maecenatis
745 1316 932 1346 convivium
956 1318 1076 1355 praeci-

390 1360 499 1400 piens,
545 1365 702 1401 tanquam
750 1373 909 1404 praesens,
954 1364 1076 1395 Graeco

390 1417 498 1446 more,
515 1410 625 1448 poscit
641 1411 821 1450 majoribus
836 1413 975 1452 poculis.
1021 1413 1076 1443 De

391 1466 457 1497 qua
478 1458 732 1497 consuetudine,
751 1468 791 1489 11.
813 1460 884 1491 Sat.
900 1464 932 1491 7.
978 1462 1076 1500 Capa-

388 1506 485 1535 ciores
497 1505 592 1545 affer]
614 1504 709 1536 Affer
723 1507 787 1537 buc
804 1509 998 1546 grandiores
1018 1518 1072 1539 ea-

391 1552 484 1591 lices,
491 1558 528 1584 ut
541 1553 692 1584 bibamus
707 1555 884 1586 liberalius.

432 1603 472 1631 34
497 1601 576 1632 Chia
602 1602 686 1640 vina,
711 1606 764 1633 aut
794 1603 922 1643 Lesbia]
954 1604 1075 1635 Graeca

391 1650 469 1680 vina
494 1649 636 1689 flagitat,
659 1659 719 1680 seu
745 1652 977 1691 transmarina,
1000 1662 1075 1692 quae

391 1699 426 1728 in
452 1706 579 1728 summo
615 1698 725 1736 pretio
761 1699 850 1739 apud
873 1700 1076 1740 antiquiores

396 1747 563 1776 Romanos
599 1751 719 1777 erant:
765 1751 861 1778 tanta
897 1749 983 1778 enim
1014 1749 1078 1779 illis

394 1794 515 1834 gratia,
529 1798 566 1825 ut
589 1803 653 1825 non
677 1795 739 1825 nisi
762 1795 902 1834 singulae
927 1796 1078 1835 potiones

393 1844 427 1874 in
443 1843 595 1874 convivio
613 1844 782 1874 darentur.
829 1845 1004 1884 Plin.]X1v.
1029 1848 1079 1877 14.

392 1891 434 1922 In
451 1891 592 1922 vetustis
609 1902 740 1932 quoque
749 1891 921 1923 codicibus
936 1894 1078 1933 legitur:

393 1939 461 1970 Aut
475 1940 554 1970 Chia
569 1941 639 1970 vina
660 1943 715 1971 aut
728 1941 849 1980 Lesbia,
865 1951 926 1981 pro
943 1945 975 1972 et
989 1943 1078 1978 chia,

394 1987 480 2018 haud
510 1988 609 2018 dubie
639 1989 845 2020 concinnius.
890 1991 970 2021 Chia
996 1992 1079 2030 vina,

393 2037 463 2075 aut]
486 2037 574 2067 Vina
589 2038 637 2068 sic
660 2038 748 2068 dicta
763 2048 782 2068 a
798 2039 893 2078 Chio,
916 2040 1024 2071 insula
1044 2041 1078 2071 in

394 2085 521 2124 AEgaeo.
564 2086 688 2126 Lesbia]
711 2087 742 2117 Α
758 2088 865 2118 Lesbo
878 2089 996 2119 insula.

435 2135 477 2163 36
501 2133 677 2174 Coecubum]
702 2135 822 2164 Vinum
839 2136 1020 2166 Caecubum
1036 2137 1082 2166 ci-

395 2181 510 2213 borum
527 2183 738 2212 concoctioni
760 2188 812 2213 est
837 2183 943 2214 utile:
968 2193 1081 2224 quam-

395 2230 510 2262 obrem
527 2241 599 2262 cum
616 2232 777 2263 stomachi
792 2233 995 2263 cruditatem
1017 2234 1080 2264 tol-

395 2280 456 2318 lat,
488 2280 648 2311 fluentem
672 2282 773 2311 etiam
803 2291 959 2313 nauseam
982 2282 1081 2313 sedat

396 2332 432 2359 et
444 2329 588 2360 coercet.
631 2327 700 2359 Alii
714 2330 810 2360 aliam
822 2330 966 2361 reddunt
979 2331 1079 2362 ratio-

395 2386 484 2415 nem,
499 2386 632 2416 nempe,
647 2377 735 2417 quod
759 2378 870 2409 vinum
897 2379 1078 2411 Caecubum

395 2429 564 2455 austerum
580 2429 633 2455 est
645 2429 680 2455 et
697 2434 858 2465 pungens.

435 2476 476 2504 37
502 2474 615 2504 Curam
639 2475 823 2514 metumque]
863 2475 979 2507 Victor
1005 2476 1076 2516 jam

394 2521 527 2562 quidem
552 2521 745 2561 Augustus;
779 2524 838 2554 sed
862 2525 972 2556 Poeta
995 2525 1078 2556 nihil

393 2574 502 2600 actum
519 2571 673 2608 credens,
689 2580 762 2602 cum
778 2573 859 2612 quid
887 2579 1076 2613 superesset

394 2618 570 2657 agendum,
604 2625 681 2650 ante
719 2624 854 2660 captum
893 2621 1075 2654 Antonium

392 2675 458 2695 non
471 2668 602 2698 omnino
620 2672 754 2699 secutus
770 2673 833 2700 est.
859 2671 999 2702 Torreat.

434 2715 475 2743 38
498 2715 593 2746 Dulci
618 2716 725 2756 Lyoeo]
757 2718 860 2749 Juvat
888 2719 977 2750 dulci
998 2719 1074 2751 vino

392 2761 541 2792 relaxare
568 2768 690 2795 metum
733 2772 872 2806 propter
909 2769 1072 2800 incertum

845 305 982 336 NOTAE
1013 304 1271 336 VAmoRUM
1305 306 1356 336 IN

1130 395 1206 427 belli
1222 399 1391 426 eventum.
1417 395 1502 427 Vide
1513 403 1537 426 1.
1554 394 1621 426 od.
1637 397 1668 426 7.
1692 396 1807 436 Lyaeus

1129 450 1183 476 est
1206 454 1326 475 nomen
1349 444 1488 483 Bacchi,
1510 443 1571 474 ἀπὸ
1593 444 1650 474 τοῦ
1664 443 1759 484 λύειν,
1774 445 1808 476 id

1127 498 1192 531 est,
1204 494 1328 524 solvere.

1128 542 1240 572 Eron.
1258 551 1293 572 x.
1324 541 1366 572 Iu
1382 542 1550 572 MAEanm
1567 541 1734 580 Pom-m,
1750 549 1809 572 cm

1232 598 1469 621 NAUFRAGIUM
1488 598 1689 622 Pnncxrun.

1169 638 1318 668 Eundem
1334 647 1412 668 vero
1424 647 1495 668 esse
1510 639 1683 677 Maevium,
1693 637 1810 678 dequo

1128 686 1223 725 Virg.
1241 686 1374 717 Ech.
1391 686 1400 703 ‘
1411 686 1475 718 Qui
1493 686 1634 716 Bavium
1648 695 1713 716 non
1729 685 1810 720 odit,

1127 738 1216 764 amet
1233 739 1291 764 tua
1306 734 1450 764 earmina
1465 734 1593 765 Maevi.'
1636 735 1811 765 Gramma—

1126 782 1238 812 matici
1263 791 1377 813 omnes
1400 782 1622 820 consentiunt,
1645 782 1810 812 hominem

1125 834 1334 868 arrogantem
1351 834 1386 860 et
1404 829 1679 867 obtrectatorem,
1703 838 1811 870 neque

1125 877 1214 907 alind
1230 878 1361 908 memini
1374 887 1425 908 me
1441 878 1574 916 legisse.
1598 878 1654 918 [In
1669 878 1811 908 Marcum

1126 926 1286 963 Maem'um,
1294 926 1348 955 vel
1358 926 1393 955 N
1394 926 1502 956 <evium
1512 926 1610 956 codd.
1624 935 1679 966 ap.
1688 924 1810 964 Jaeck,

1128 978 1163 1004 et
1174 973 1310 1012 Bothe]
1635 974 1637 977 '

1169 1025 1185 1051 l
1212 1022 1299 1052 Mala
1325 1021 1439 1060 soluta]
1461 1021 1555 1052 Malo
1579 1022 1727 1061 auspicio
1755 1030 1811 1052 na-

1129 1071 1177 1101 vis
1202 1070 1246 1101 de
1273 1071 1416 1102 statione
1445 1070 1528 1101 exit.
1572 1070 1680 1101 Soluto
1708 1070 1812 1110 navis]

1130 1120 1174 1150 Et
1199 1120 1208 1136 ‘
1223 1120 1352 1150 solvere
1365 1119 1374 1132 '
1401 1119 1552 1150 absolute
1571 1118 1740 1157 dicuntur,
1755 1118 1814 1159 qui

1129 1168 1316 1207 navigaturi
1338 1167 1528 1205 discedunt,
1543 1171 1578 1198 et
1593 1168 1740 1198 ‘solvere
1755 1175 1812 1198 na-

1129 1217 1229 1254 vem,’
1258 1221 1266 1235 ·
1280 1218 1409 1247 solvere
1426 1215 1522 1254 vela‚'
1536 1217 1546 1234 ‘
1560 1217 1689 1247 solvere
1700 1215 1708 1229 ’
1731 1215 1812 1247 item

1128 1266 1138 1284 ‘
1154 1275 1173 1296 e
1189 1266 1314 1306 portu.'
1335 1267 1507 1297 Turnau.
1524 1268 1553 1296 1.

1171 1317 1190 1345 2
1216 1315 1355 1345 olentem
1372 1315 1532 1354 Maevium]
1554 1313 1678 1344 Maevio
1692 1321 1813 1352 expro-

1129 1363 1217 1402 brat,
1229 1363 1315 1403 quod
1334 1362 1422 1394 Rufo
1439 1363 1608 1394 Catullus:
1631 1363 1641 1380 ‘
1654 1361 1763 1392 Laedit
1777 1365 1812 1391 te

1129 1411 1281 1451 quaedam
1298 1412 1384 1442 mala
1398 1411 1522 1450 fabula,
1536 1419 1598 1450 qua
1621 1409 1682 1440 tibi
1704 1407 1812 1440 fertur

1129 1460 1224 1490 Valle
1252 1460 1314 1490 sub
1341 1460 1465 1490 alarum
1483 1463 1560 1489 trux
1579 1457 1729 1488 habitare
1757 1465 1811 1487 ca·-

1126 1508 1212 1548 per.’
1253 1508 1310 1538 Sic
1328 1516 1352 1537 1.
1381 1507 1448 1538 Od.
1473 1509 1524 1537 17.
1561 1509 1570 1523 ‘
1588 1504 1720 1536 Olentis
1751 1512 1810 1534 ux-

1126 1565 1199 1587 ores
1222 1555 1353 1586 mariti!
1398 1556 1535 1585 Olentem
1561 1553 1724 1593 Moem'um]
1748 1553 1811 1583 Fe-

1127 1614 1202 1635 rens
1216 1605 1294 1636 tetri
1307 1604 1416 1635 odoris
1437 1603 1600 1634 homiuem
1621 1606 1656 1633 et
1676 1606 1810 1641 turpem

1128 1654 1281 1691 Poenam,
1303 1652 1343 1682 de
1368 1661 1431 1691 quo
1445 1652 1539 1690 Virg.
1562 1650 1645 1682 ‘Qui
1668 1649 1810 1681 Bavium

1128 1711 1192 1732 uon
1205 1701 1289 1735 odit,
1303 1705 1393 1730 amet
1408 1704 1464 1730 tua
1480 1698 1626 1728 carmina
1640 1697 1766 1728 MoevL'

1171 1753 1190 1781 3
1217 1750 1326 1789 Latus]
1350 1750 1537 1788 Utrumque
1552 1747 1639 1777 latus
1654 1747 1758 1778 navis.

1173 1803 1192 1829 5
1218 1798 1388 1837 Rudentes]
1427 1797 1536 1827 Funes
1567 1795 1714 1826 navales.
1758 1795 1812 1826 In-

1131 1857 1217 1878 versa
1239 1846 1331 1886 mari]
1370 1845 1457 1876 Mari
1494 1845 1601 1876 ventis
1637 1844 1812 1876 contrariis

1130 1897 1269 1936 agitato.

1173 1948 1194 1976 6
1229 1945 1338 1976 Remos
1366 1942 1507 1983 dffrat]
1546 1941 1633 1973 Vide
1661 1943 1814 1983 exempla

1133 1993 1220 2032 apud
1234 1992 1391 2030 Nonium,
1405 2001 1478 2031 quae
1489 1991 1553 2022 huc
1563 1990 1707 2022 maxime
1718 1999 1813 2030 spec-

1133 2046 1218 2072 tent.
1261 2042 1394 2071 Lucret.
1418 2039 1661 2079 ‘Ingentesque
1674 2038 1741 2070 ruit
1754 2046 1812 2069 ns-

1132 2099 1190 2120 ves
1205 2093 1240 2119 et
1264 2089 1377 2119 nubila
1401 2086 1539 2118 differt:
1575 2087 1670 2126 Vin-g.
1685 2086 1811 2126 Georg.

1129 2146 1178 2167 ιν.
1203 2137 1432 2176 ‘Scythiaeque
1447 2135 1582 2173 hiemes,
1602 2140 1705 2175 atque
1718 2134 1811 2166 arida

1128 2182 1242 2214 differt
1258 2180 1404 2214 Nubila!
1444 2181 1594 2221 Differat]
1611 2181 1762 2222 Dissipet
1775 2187 1811 2213 et

1129 2233 1297 2272 dispersos
1319 2230 1416 2261 ferat.
1461 2230 1664 2270 [Tr-actosque
1684 2239 1714 2260 r.
1729 2231 1810 2268 defi-

1126 2284 1178 2311 rae
1195 2279 1293 2311 codd.
1317 2289 1370 2318 ap.
1385 2278 1520 2317 Jaeck.]
1539 2295 1547 2302 -

1169 2333 1189 2360 8
1214 2330 1389 2360 Trementes
1417 2327 1515 2367 ilices]
1547 2327 1647 2358 Ilices
1671 2335 1809 2360 concus-

1127 2388 1191 2410 sas.

1169 2429 1190 2456 9
1212 2425 1293 2456 Atra
1307 2423 1410 2463 nocte]
1423 2421 1616 2454 Tenebross
1629 2428 1729 2456 nocte
1739 2425 1811 2456 sine

1129 2475 1216 2505 lunae
1226 2473 1360 2504 lumine.
1729 2503 1739 2508 Α

1171 2526 1211 2554 10
1243 2523 1312 2557 Qua
1340 2520 1443 2552 tristis
1470 2519 1567 2550 Orion
1607 2519 1705 2560 cadit]
1734 2521 1811 2554 Qua

1129 2577 1228 2604 nocte
1257 2570 1383 2602 occidit
1420 2568 1524 2600 tristis
1553 2568 1673 2607 Orion,
1709 2569 1810 2609 sydus

1129 2623 1275 2658 coeleste,
1297 2619 1392 2659 cujus
1426 2625 1564 2648 occasus
1592 2621 1808 2657 tempestates

1128 2670 1292 2708 excitans,
1307 2669 1420 2699 tristes
1435 2670 1554 2696 nautas
1569 2663 1684 2696 efficit.

1171 2719 1224 2759 [ll
1245 2715 1398 2752 Quietiori
1413 2713 1589 2752 Batuberg.
1634 2712 1806 2748 Quintium

1129 2767 1261 2799 Plotius
1277 2774 1331 2806 ap.
1345 2763 1483 2796 Putscli.
1499 2771 1532 2802 p.
1546 2760 1658 2798 262⁷]
