1916 3262
515 270 723 302 nonam
757 269 1033 300 camimum
1073 270 1169 301 ms.
1204 272 1233 301 1.
1264 261 1306 302 2.

179 365 262 398 dere
277 365 446 398 solebant.
481 364 655 406 Barbiton]
666 364 879 397 Instrumen-

179 421 252 447 tum
265 417 447 449 multarum
462 415 675 453 chordarum,
690 425 757 457 quo
771 414 882 449 Poeta

178 466 321 500 Alcaeus
335 467 474 500 cecinit.
498 467 594 507 (ἶνας.

221 520 263 550 35
289 515 423 554 Quodsi
441 515 504 557 me]
536 516 614 548 Κατ’
639 516 754 556 ἐξοχὴν
780 515 880 560 effert

177 569 384 602 Maecenatis
400 568 571 609 judicium
593 568 628 599 in
644 567 880 600 discernendis

178 619 394 651 carminibus‘
408 618 534 659 lyricis,
554 627 701 660 eumque
719 622 879 660 tanquam

178 669 346 702 criticum
370 669 513 700 statuit:
545 669 631 700 adeo
663 674 701 701 ut
729 667 882 701 fateatur

177 719 255 751 aliis
270 728 307 752 se
323 719 408 752 satis
423 719 697 751 commendatum
715 719 769 759 iri,
781 719 883 751 modo

178 769 314 811 abipso
339 771 473 802 vatibus
495 771 608 812 lyricis
625 771 882 804 adnumeretur.

178 820 271 856 Quod
283 820 314 852 ai
327 821 390 861 me]
411 820 448 852 Si
465 830 531 861 me,
548 831 568 852 o
584 821 776 860 Maecena,
793 822 883 854 inter

173 871 300 912 lyricos
315 871 444 904 Pastas
467 873 676 913 numerabis,
699 873 741 905 ad
759 874 882 905 coelum

175 931 280 964 usque
300 922 440 964 evehar,
461 922 622 964 idemque
645 924 755 964 digito
780 924 882 956 attin-

174 982 264 1015 gam,
294 973 329 1005 id
360 978 428 1014 est,
455 973 650 1006 fortunatus
687 984 747 1006 ero
779 984 883 1016 super

173 1025 368 1057 mortalium
400 1023 652 1064 conditionem
682 1026 737 1058 vel
761 1034 820 1056 ero
847 1025 882 1056 in

174 1074 281 1107 oculis
304 1074 454 1107 omnium
472 1075 712 1116 resplendens,
735 1080 774 1108 ut
789 1075 882 1108 sidus

174 1124 264 1156 inter
278 1126 444 1158 homines.

175 1173 260 1208 Ona
275 1184 317 1208 n.
341 1175 564 1216 Προσενκτυεή.
599 1174 656 1208 An
674 1175 881 1209 Aucus-rum

218 1226 417 1259 cassanen.
448 1228 542 1259 Deos
555 1236 673 1260 omnes
689 1227 793 1260 iratos
806 1237 882 1260 esse

218 1275 395 1316 Romanis,
406 1276 450 1308 ob
461 1277 607 1309 Caesaris
618 1277 749 1309 caedem
761 1288 769 1308 ι
783 1287 880 1310 uuam

218 1327 354 1368 imperii
369 1336 464 1368 spem
489 1328 523 1358 in
540 1327 698 1368 Augusto
714 1329 880 1360 constitu-

215 1381 311 1416 πως
334 1381 370 1408 et
396 1385 459 1417 pro
479 1377 551 1417 ejus
569 1376 818 1416 incolumitate,
841 1382 880 1408 ut

217 1426 373 1467 parentis
386 1425 522 1467 pau-iaz,
539 1430 619 1457 vota
633 1425 729 1458 facit.

214 1476 301 1508 Cum
328 1475 369 1509 C.
396 1476 544 1509 Caesaris
567 1476 762 1508 Dictatoris
791 1486 879 1509 mor-

170 1523 241 1559 tem
257 1526 381 1559 crebra
397 1531 502 1569 atque
523 1527 694 1560 horrenda
723 1529 881 1570 prodigia

171 1582 317 1619 sequuta
333 1577 659 1618 fuissent,celebres
672 1578 748 1619 ejus
761 1579 879 1612 saeculi

171 1628 295 1661 Poeta
318 1629 352 1661 in
377 1627 520 1670 Augusti
540 1630 750 1662 successoris
774 1630 878 1671 grati·

170 1688 226 1713 am
247 1689 289 1713 ea
313 1680 364 1712 sic
386 1679 608 1720 interpretati
629 1684 722 1717 sunt,
746 1685 785 1713 ut
809 1680 880 1721 Dii,

171 1732 278 1765 endis
294 1732 386 1764 illius
410 1731 616 1773 indignitate
634 1732 812 1772 commoti,
827 1733 879 1764 ul·

170 1781 303 1814 tionem
327 1781 488 1814 meditari
510 1781 719 1814 viderentur.
760 1782 879 1814 Turne-

172 1831 230 1864 bus
243 1840 295 1864 vr.
307 1834 341 1864 8.
784 1847 787 1850 v

218 1882 235 1911 l
258 1881 336 1912 Jam
346 1881 426 1912 satis
437 1880 548 1921 terris]
564 1880 729 1912 Heinsius
741 1879 880 1921 κακέφιι·

172 1941 230 1962 τον
259 1929 344 1962 illud
368 1930 402 1962 in
425 1931 505 1962 satis
534 1930 630 1962 ter-ris
655 1929 740 1962 nivis
762 1941 880 1972 repre·

171 1980 313 2015 bendit:
338 1982 498 2023 quodque
511 1982 580 2014 levi
603 1982 792 2015 mutatione
807 1992 879 2014 snr-

173 2031 323 2072 repsisse
349 2041 412 2072 pro
432 2035 540 2072 tmoe,
565 2037 601 2064 et
623 2031 688 2064 hoc
709 2042 774 2073 pro
789 2036 880 2065 tetroe

169 2080 295 2114 credit.
319 2081 450 2113 Scribit
460 2090 544 2123 ergo
556 2092 567 2113 ε
583 2085 676 2114 tetrae
691 2082 789 2123 nivis,
799 2083 880 2115 dirae

175 2130 360 2171 Grandinis,
376 2131 561 2163 ominosae:
589 2136 628 2164 ut
646 2142 726 2174 quae
743 2136 796 2164 tot
810 2133 878 2164 cla-

169 2179 234 2213 des
257 2189 298 2212 ac
323 2181 538 2214 calamitates
564 2182 652 2224 Pop.
677 2183 775 2215 Rom.
800 2193 878 2225 por-

169 2230 348 2264 tenderet.
379 2231 488 2272 Dt'ra]
505 2231 731 2273 Aptissimum
742 2234 796 2266 hic
805 2235 878 2276 epi-

170 2281 320 2322 thetum,
350 2282 445 2324 quasi
475 2283 551 2315 Diis
577 2284 675 2316 iratis
706 2284 877 2318 immissae.

172 2330 290 2363 Nioeia
311 2331 481 2373 adjungit,
508 2343 572 2365 nec
601 2333 818 2376 frequentem
842 2337 878 2368 in

172 2380 272 2421 urbe,
294 2386 331 2413 et
355 2381 516 2414 instantis
543 2383 662 2415 diluvii
687 2385 877 2417 incremen-

173 2434 259 2461 tnm.
285 2431 431 2463 Torrent-
477 2433 586 2475 Dirce]
607 2434 794 2467 Grandinis
810 2435 878 2467 for·

173 2479 357 2521 midandae,
379 2486 418 2514 ut
441 2491 462 2514 a
482 2483 581 2515 Jovis
605 2484 656 2515 ira
678 2486 878 2525 provenien-

168 2528 234 2561 rtis.

216 2581 238 2611 2
264 2578 376 2619 Pater]
401 2579 555 2621 Jupiter.
601 2583 744 2615 nubente
769 2586 878 2617 dexte-

171 2627 226 2669 ra]
261 2629 345 2660 Tres
368 2639 444 2661 esse
469 2631 657 2671 manubias,
677 2643 752 2673 quae
767 2635 878 2667 Tusco

172 2678 340 2710 vocabulo
369 2680 522 2711 Deorum
545 2679 685 2713 fulmina
701 2681 878 2723 dicuntur,

175 2728 282 2761 docet
293 2729 442 2761 Turneb.
466 2738 519 2761 vl.
537 2732 568 2762 1.
596 2735 632 2762 et
654 2731 825 2773 Cruquius
842 2735 878 2765 in

170 2778 240 2809 suis
257 2778 356 2809 notis.
400 2778 510 2810 Porro
529 2779 665 2811 tertiam
679 2780 733 2812 liic
751 2781 877 2822 signiti-

170 2828 242 2860 cari
258 2828 465 2865 manubiam,
488 2838 563 2870 quae
583 2829 731 2871 Reipub.
749 2837 876 2864 statum

1522 265 1636 306 13:39

932 364 1119 405 concutiat,
1138 374 1213 396 cum
1241 374 1284 396 ex
1312 366 1458 398 rubente
1481 368 1576 402 Jovis
1591 371 1636 402 ob

931 416 1043 456 ignem
1073 416 1256 457 plurimum
1286 415 1446 455 dextera,
1475 417 1637 460 intelligi-

931 476 1017 507 mus,
1039 471 1110 499 tum
1133 476 1177 498 ex
1194 477 1249 506 eo,
1264 467 1353 508 quod
1370 477 1486 498 sacras
1501 468 1636 509 imperii

933 527 1043 558 arces,
1071 518 1136 549 hoc
1171 522 1238 558 est,
1271 518 1384 559 ipsum
1417 517 1637 559 Capitolium,

933 568 1107 608 petiverit.
1133 569 1276 600 Torrent-
1334 567 1479 600 Rubente
1492 569 1638 601 Dea-tera

931 619 1051 660 sacras]
1073 619 1230 651 Fulmine
1247 629 1289 651 ex
1306 619 1385 660 igne
1404 619 1561 651 rubente.

975 672 994 700 3
1016 669 1197 710 Jacutatus]
1225 670 1351 702 Graece
1369 670 1493 701 dicitur
1509 668 1637 708 ἔβαλεν,

935 719 967 751 id
979 720 1159 760 est‚feriit.
1181 721 1428 752 'l'urneb.xxi.
1442 723 1494 752 20.
1538 722 1637 752 ducu-

932 772 1016 804 tatus
1030 771 1132 812 arces]
1159 771 1226 805 Qui
1245 772 1466 812 Capitolium,
1483 772 1534 802 vel
1553 777 1638 803 teni-

935 823 990 863 pla
1007 823 1160 854 Deorum
1183 832 1285 864 quum
1303 821 1444 853 fulmine
1463 831 1639 862 percusse-

935 873 992 912 rit,
1017 872 1161 905 Romam
1178 873 1313 912 terruit,
1338 873 1371 904 id
1393 878 1460 912 est,
1476 873 1568 904 cives
1588 883 1639 904 ur-

934 922 1040 954 banos
1058 924 1177 956 timere
1194 922 1291 956 fecit.

977 977 995 1005 5
1023 973 1148 1005 Terruit
1171 977 1295 1013 gentes,
1321 972 1375 1013 ne]
1410 972 1567 1013 Ἐφόβησε
1583 973 1639 1012 μή.

933 1024 1105 1057 Timorem
1123 1024 1261 1056 incussit
1275 1034 1327 1056 ue.

976 1077 998 1107 6
1021 1073 1163 1107 Secutum
1174 1075 1310 1116 Pyr-rhae
1323 1084 1400 1106 nova
1411 1075 1565 1115 monstra]
1584 1074 1639 1106 Ne

934 1130 1068 1166 tempus
1091 1125 1258 1157 eluvionis
1282 1125 1422 1165 rediret,
1442 1134 1519 1156 cum
1544 1125 1640 1156 Deu-

933 1176 1060 1215 calion,
1085 1180 1121 1207 et
1151 1175 1285 1217 Pyrrha
1314 1176 1376 1208 soli
1406 1185 1448 1207 ex
1482 1175 1640 1207 universo

932 1226 1107 1258 hominum
1134 1236 1262 1267 genere
1290 1227 1401 1259 relicti
1430 1227 1638 1258 Parnassum

932 1282 1083 1309 montem
1107 1278 1383 1317 conscenderint,
1409 1277 1454 1308 ibi
1479 1282 1517 1308 ut
1533 1285 1570 1308 se
1587 1281 1641 1308 tu-

933 1333 986 1359 tos
1025 1327 1070 1359 ab
1106 1337 1270 1368 aquarum
1315 1328 1346 1358 v'i
1384 1331 1640 1358 conservarent.

933 1375 1078 1416 Questae]
1101 1376 1187 1409 Quae
1210 1376 1254 1407 de
1273 1376 1527 1408 admirabilibus
1544 1386 1639 1408 mon-

931 1425 1011 1456 stris
1027 1425 1250 1466 querebatur.

974 1477 993 1506 7
1020 1476 1119 1507 Omne
1129 1486 1225 1516 quum
1236 1471 1386 1517 Proteus]
1408 1476 1534 1515 Pecus,
1547 1486 1640 1508 com·

931 1533 1033 1556 mune
1061 1525 1166 1556 etiam
1189 1526 1328 1557 marinis
1356 1526 1556 1559 animalibus
1579 1537 1638 1559 no-

931 1585 1020 1608 meu.
1066 1575 1180 1617 Auget
1198 1582 1312 1608 autem
1328 1581 1530 1617 monstrum,
1546 1579 1637 1619 quod

931 1635 974 1657 ne
992 1627 1140 1658 Proteus
1157 1627 1295 1668 quidem
1318 1632 1354 1659 et
1377 1628 1449 1669 ipse
1474 1629 1580 1669 Dens,
1603 1633 1640 1661 et

931 1676 1087 1718 Neptuni
1105 1677 1300 1709 Phocarum
1319 1684 1448 1717 custos,
1470 1678 1566 1710 littus
1584 1689 1639 1710 us-

930 1736 1032 1768 quam
1062 1728 1256 1766 invenerit;
1288 1727 1347 1759 sed
1375 1737 1514 1768 gregem
1541 1737 1638 1759 suum

930 1787 1016 1809 nova
1047 1779 1196 1810 visurum
1221 1778 1423 1819 spectacula
1446 1778 1479 1808 in
1503 1785 1639 1810 montes

930 1828 1053 1867 egerit.
1070 1828 1213 1861 Tor-rent.
1258 1828 1411 1868 Proteus]
1425 1829 1537 1861 Quum
1552 1829 1638 1860 Pro·

930 1881 1007 1909 teus
1025 1877 1218 1910 Phocarum
1238 1882 1366 1918 pastor,
1380 1883 1416 1910 et
1438 1885 1566 1918 custos,
1579 1887 1638 1919 pe-

931 1936 1005 1967 cus,
1033 1927 1066 1959 id
1093 1934 1158 1968 est,
1184 1929 1308 1960 vitulos
1331 1929 1491 1970 marinos,
1518 1929 1639 1960 eduxit

931 1979 975 2011 ad
1007 1979 1182 2011 visendum
1220 1979 1309 2011 altos
1342 1985 1491 2012 monica.
1537 1979 1639 2011 Pecus

929 2030 996 2070 egit
1012 2031 1137 2072 Visere]
1154 2030 1397 2068 Hellenismus,
1415 2039 1476 2068 pro
1493 2033 1502 2047 ⁸
1515 2028 1638 2061 eduxit

931 2079 974 2111 ad
999 2079 1208 2119 videndum,’
1229 2077 1289 2118 ἦγε
1314 2077 1568 2119 ἐπισκέπτεσθαι,
1593 2079 1637 2111 ad

928 2129 1142 2172 inspicienda
1159 2139 1284 2171 pascua
1297 2130 1434 2161 insolita
1446 2130 1638 2171 incognita-

930 2190 1009 2222 que.
1032 2180 1129 2221 Cruq.

971 2233 993 2262 9
1018 2230 1159 2262 Piscium
1180 2233 1212 2262 et
1238 2239 1370 2268 summa,
1394 2229 1465 2271 Bm]
1492 2230 1636 2263 Naturae

929 2281 1103 2321 contraria
1133 2280 1217 2312 dicit
1252 2280 1392 2311 deluvio
1422 2281 1635 2322 contigisse;

928 2331 1074 2370 scilicet,
1100 2335 1139 2363 ut
1175 2330 1210 2361 iu
1248 2330 1428 2362 arboribus
1464 2331 1637 2363 haerercnt

929 2381 1065 2421 pisces:
1096 2386 1132 2412 et
1158 2380 1270 2412 damae
1295 2381 1471 2412 silvestres
1488 2381 1521 2412 in
1538 2381 1635 2421 aquis

928 2435 1100 2467 natarent,
1130 2440 1213 2472 quas
1241 2430 1339 2470 Virg.
1364 2430 1553 2461 masculino
1578 2439 1636 2470 ge-

929 2491 1010 2513 nere
1027 2481 1115 2512 dixit
1130 2491 1139 2511 :
1167 2482 1176 2497 ‘
1191 2480 1277 2512 Cum
1294 2480 1436 2512 canibus
1454 2479 1563 2511 timidi
1578 2487 1635 2509 ve-

928 2532 1025 2563 nient
1049 2531 1091 2562 ad
1109 2531 1233 2571 pocula
1250 2529 1383 2561 damae.'
1410 2530 1528 2560 Comm.
1578 2528 1636 2559 Ul-

928 2580 993 2620 mo]
1032 2580 1150 2611 Ulmus
1178 2579 1319 2620 ponitur
1342 2588 1404 2618 pro
1435 2578 1554 2618 quavis
1580 2586 1635 2609 ar-

928 2631 1022 2663 bore.

974 2685 1015 2714 10
1042 2681 1157 2714 Fuerat
1173 2679 1335 2722 columbis]
1375 2679 1480 2721 Atqui
1505 2679 1539 2711 id
1563 2681 1634 2712 avi-

929 2743 984 2765 um
1000 2741 1108 2773 genus
1130 2732 1164 2762 in
1182 2731 1358 2763 arboribus
1378 2739 1445 2762 non
1467 2729 1632 2763 nidificat.

931 2782 984 2813 Ad
998 2786 1150 2813 turtures
1166 2790 1249 2821 ergo
1262 2780 1480 2812 referendum
1496 2791 1503 2812 :
1527 2782 1538 2800 ‘
1555 2782 1631 2814 Nec

928 2842 1064 2874 gemere
1078 2831 1171 2865 seria
1181 2831 1330 2865 cessabit
1342 2836 1457 2865 turtur
1468 2831 1510 2864 ab
1519 2833 1634 2867 ulmo?
