1982 3230
626 300 979 333 arts‘ronARuM
1015 300 1111 331 mu.
1144 300 1175 330 1.
1204 288 1275 332 19.
1567 290 1680 332 1197

221 399 450 441 Mandabo
469 396 629 450 siccis;
651 396 843 438 adimam
863 400 1045 438 cantare
1066 394 1256 437 severis!

221 467 327 509 Hoc
346 466 477 509 simul
496 465 650 515 edixit,
670 477 757 505 non
778 475 1008 506 cessavere
1028 461 1181 516 po'etae
1625 462 1682 504 10

219 534 448 576 Nocturno
470 536 637 575 certare
657 544 795 582 mero,
818 535 973 586 putere
995 529 1162 572 diurno.

221 658 336 691 Puteal
355 659 504 692 Libonis:
526 659 688 691 abstemiis
712 659 852 697 auferam
868 658 1019 690 condendi
1038 667 1145 689 versus
1154 657 1353 698 facultatem.
1399 657 1520 688 Statim
1539 659 1633 698 atque
1648 654 1681 685 id

215 702 446 743 pronuntiavit,
461 705 620 743 coeperunt
638 705 726 733 vates
741 706 834 733 noctu
854 701 960 733 vinum
983 700 1131 734 certatim
1147 701 1260 741 bibere,
1274 711 1310 732 ac
1328 700 1572 738 diurnofoetere.
1624 698 1681 730 Ve-

828 796 1053 810 ”omueoe
1058 797 1077 810 O

220 882 271 914 pr.
285 876 317 905 ³.
334 882 353 905 a
367 882 413 905 m.
430 883 483 915 pr.
499 872 658 915 Angelic.
674 875 706 905 l.
729 883 749 904 a
765 883 808 905 m.
834 882 886 914 pr.
901 873 987 905 alius
1003 882 1059 914 ap.
1074 871 1194 905 hamb.
1211 881 1230 903 a
1245 882 1289 904 m.
1306 880 1376 903 sec.
1398 880 1484 902 nnus
1499 870 1683 906 Torrentii,

218 915 287 948 duo
302 916 519 956 Bersrnanni,
534 923 570 948 et
585 922 718 957 septem
735 925 789 956 ap.
802 916 938 948 Valart.
957 916 1045 947 edixi
1052 926 1065 953 ;
1088 917 1138 948 ita
1154 916 1188 946 in
1203 921 1284 946 nota
1300 915 1385 956 legit
1400 915 1498 945 Torr.
1516 913 1633 944 laudat
1649 914 1683 944 in

218 964 302 990 nota
315 959 449 991 Talbot.
467 959 619 991 restituit
635 959 668 990 in
687 964 820 990 textum
837 959 954 991 Bentl.
970 964 1158 1000 sequuntur
1174 967 1360 998 anonymus
1377 959 1471 988 1713.
1501 956 1588 988 Cun.
1603 956 1683 986 San.

218 1001 332 1033 Merv.
361 1001 452 1033 Phil.
474 1001 628 1042 Sandby,
655 1002 751 1033 Batt.
775 1001 882 1033 Gesn.
906 1001 983 1034 an.
1009 1001 1152 1042 Dorigli.
1169 999 1306 1032 Wakef.
1330 1000 1450 1032 Comb.
1474 997 1581 1030 Kidd.
1602 998 1684 1034 Fea,

218 1043 345 1083 Bothe,
358 1047 395 1075 et
411 1044 568 1085 Doering.
590 1045 600 1061 ‘
613 1044 760 1076 Indocte
779 1044 938 1085 reJiciunt
955 1045 1059 1075 Baxt.
1071 1045 1183 1075 Wetz.
1198 1043 1306 1075 Zeun.
1346 1043 1398 1074 Ex
1415 1046 1580 1074 contextu
1597 1046 1684 1081 toto,

219 1091 257 1118 et
283 1095 327 1118 ex
351 1086 435 1118 loeis
466 1087 643 1126 Romanis,
667 1087 769 1125 Foro,
793 1092 829 1117 et
852 1087 990 1118 Puteali
1009 1086 1159 1122 Libonis,
1177 1087 1251 1128 quis
1267 1086 1354 1118 scite
1369 1085 1527 1116 dubitare
1545 1085 1687 1125 poterit,

218 1127 289 1164 hie.
305 1135 381 1170 post
397 1130 494 1168 alios,
512 1129 695 1161 Horatium
713 1130 823 1170 ipsum
839 1129 932 1171 loqui
950 1130 1090 1161 edictali
1107 1139 1202 1161 more
1216 1129 1404 1167 Praetoris3
1420 1133 1456 1159 et
1472 1127 1580 1169 queri,
1592 1126 1685 1168 qnod

220 1170 342 1203 Poetae
358 1172 410 1203 sui
427 1173 593 1213 temporis
609 1173 702 1203 illum
727 1171 958 1203 imitentnr'in
975 1172 1134 1204 laudibus
1151 1172 1234 1210 vini,
1251 1176 1354 1212 atque
1370 1171 1403 1202 in
1421 1170 1596 1211 potando;
1619 1178 1688 1200 nou

220 1213 256 1244 in
273 1213 363 1245 veris
378 1214 506 1255 ingenii
521 1214 674 1254 dotibus,
693 1219 729 1246 et
751 1214 911 1246 carminis
927 1215 1026 1246 arte?
1073 1213 1299 1255 Apertissime
1314 1213 1348 1245 id
1365 1213 1523 1251 suadent,
1539 1221 1617 1254 quae
1635 1221 1689 1242 se-

222 1261 372 1297 quuntur
394 1257 438 1288 de
459 1258 665 1293 imitatione,
686 1267 762 1298 quae
785 1266 896 1298 neque
918 1256 961 1287 ad
978 1257 1164 1296 Bacchum,
1179 1265 1291 1298 neque
1307 1255 1351 1287 ad
1367 1255 1558 1291 Cratinum,
1574 1263 1616 1285 ne
1644 1263 1687 1285 ue

221 1298 263 1330 ad
281 1298 427 1330 Ennium
444 1298 565 1331 referri
585 1305 748 1341 possunt;
772 1298 832 1330 sed
857 1299 899 1330 ad
923 1299 1120 1334 Horatium,
1136 1299 1194 1340 qui
1210 1299 1329 1330 itidem
1346 1298 1398 1329 sui
1414 1297 1609 1338 exemplum
1649 1306 1687 1328 n·

220 1341 272 1382 git
293 1341 328 1372 in
353 1351 401 1373 vs.
421 1344 470 1374 18.
495 1342 585 1383 quod
609 1342 638 1372 si
661 1350 853 1382 proponere
882 1341 977 1379 velit,
1002 1346 1208 1381 sequuturos
1234 1344 1424 1379 auguratur
1452 1340 1586 1379 ineptos
1612 1338 1688 1370 illos

221 1382 356 1425 poetas.
401 1382 547 1414 Attente
569 1383 663 1422 legas
687 1386 886 1413 contextum
911 1391 1045 1412 omnem
1067 1381 1110 1412 ad
1135 1381 1251 1422 tinem,
1266 1382 1301 1412 in
1317 1390 1386 1422 quo
1402 1381 1508 1412 veluti
1526 1380 1687 1412 tabellam

222 1425 300 1458 vitai
315 1434 384 1456 suae
402 1425 528 1465 pictam
541 1424 727 1456 Maecenati
750 1423 931 1464 appendit,
951 1427 992 1455 ut
1019 1424 1094 1464 ipse
1115 1422 1159 1455 de
1185 1423 1316 1455 Lucilio
1332 1422 1423 1454 dixit
1447 1431 1487 1454 ιι.
1501 1422 1573 1454 Sat.
1589 1425 1619 1454 l.
1633 1425 1687 1454 33.

222 1466 350 1500 Confer
365 1475 406 1499 ιι.
420 1466 494 1499 Sat.
510 1469 542 1498 2.
556 1469 589 1498 3.
611 1475 637 1498 1.
651 1467 762 1508 Epist.
777 1469 810 1498 5.
827 1468 880 1498 19.
889 1465 932 1497 de
942 1465 1030 1497 Arte
1045 1465 1146 1498 Poet.
1157 1468 1234 1498 297.
1250 1465 1353 1498 edim-ei
1368 1465 1407 1508 (o
1419 1464 1614 1507 Maecenas)
1642 1465 1689 1496 D.

219 1509 344 1542 Heius.
357 1510 391 1541 in
407 1514 490 1542 nota
505 1518 548 1541 ex
565 1509 785 1550 conjectura3
808 1512 844 1540 et
861 1509 911 1540 ita
926 1508 1004 1550 lego
1021 1509 1054 1540 in
1073 1509 1228 1549 Angelic.
1245 1512 1275 1541 1.
1293 1518 1313 1540 a
1328 1518 1371 1540 m.
1387 1507 1472 1541 sec.’
1497 1509 1575 1540 Fen.
1622 1507 1688 1539 Ce-

219 1553 284 1584 teri
299 1551 400 1584 codd.
417 1556 454 1584 et
467 1551 547 1584 edd.
565 1552 679 1584 edixit.
725 1552 735 1569 ‘
753 1551 927 1583 Revocavi
942 1551 1115 1593 antiquam
1130 1552 1317 1584 lectionem
1333 1552 1447 1590 edixit,
1463 1555 1502 1582 ut
1518 1550 1689 1591 intelliga-

221 1599 278 1627 tnr
293 1595 435 1635 Ennius,
459 1594 744 1636 quemadmodum
765 1594 871 1626 series
895 1595 1060 1626 orationis
1081 1594 1248 1627 ostendit.
1296 1595 1386 1626 Nam
1409 1594 1504 1626 salva
1520 1593 1690 1625 modestia

221 1637 386 1670 Horatius
401 1647 470 1669 non
486 1638 537 1669 sic
552 1637 596 1669 de
614 1647 650 1668 se
667 1637 758 1678 loqui
775 1642 906 1678 potest.
951 1636 1000 1669 At
1016 1638 1135 1678 puteal
1151 1638 1290 1669 Libonis
1306 1643 1360 1669 est
1376 1637 1550 1668 recentius
1567 1636 1690 1668 Ennio.

222 1681 350 1713 Recte:
375 1681 436 1712 sed
458 1680 569 1712 Poeta
593 1689 672 1711 usus
694 1686 748 1711 est
771 1679 920 1720 prolepsi
943 1680 1129 1712 historica.’
1152 1680 1254 1712 Zeun.
1298 1691 1353 1712 nec
1373 1689 1530 1712 cessatere
1544 1680 1688 1711 Venett.

224 1726 318 1756 14⁷9.
336 1726 431 1756 1481.
457 1730 493 1756 et
520 1724 616 1764 Lips.
635 1725 817 1755 1499.-11
844 1722 1074 1755 Schoeubom.
1089 1726 1122 1756 2.
1144 1733 1265 1756 coenare
1277 1723 1360 1756 vino.
1404 1722 1637 1755 Schoenborn.
1655 1724 1687 1752 3.

876 1831 1029 1865 NOTAE

267 1912 289 1940 9
310 1908 458 1941 Adimam
472 1909 598 1939 cantare
612 1905 744 1947 severit]
769 1905 930 1938 Carmina

226 1960 393 2000 praeclare
415 1958 565 1990 scribere
589 1957 812 1989 interdictum
829 1957 873 1988 sit
888 1957 928 1988 iis

226 2008 382 2040 omnibus
393 2008 449 2050 qui
461 2008 589 2040 Bacchi
605 2016 746 2039 munere
762 2005 848 2038 facti
863 2016 928 2039 non

225 2061 326 2090 erunt
356 2058 470 2089 cuthei
497 2063 534 2090 et
562 2056 728 2089 furentes.
774 2057 851 2088 Non
880 2057 930 2088 vi-

193 2130 200 2138 .
224 2107 328 2140 detur
349 2108 406 2139 hic
432 2107 704 2149 aprosdionysou
723 2106 814 2148 quod
838 2106 931 2138 canit

222 2156 380 2189 Tibullus
395 2165 454 2189 ιιι.
470 2160 503 2189 6.
525 2159 535 2174 ‘
547 2156 682 2198 poscite
707 2155 836 2187 Bacchi
852 2156 930 2187 Mu-

222 2207 446 2241 nera...Nam
469 2206 564 2239 venit
583 2207 692 2238 iratus
715 2205 856 2237 nimium
879 2205 930 2236 ni-

223 2258 399 2300 miumque
415 2257 553 2289 severis.
576 2256 646 2289 Qui
663 2255 762 2287 timet
773 2255 853 2287 irati
869 2265 930 2286 nu·

224 2308 316 2340 mina
329 2316 468 2348 magna,
491 2306 627 2338 bibat2'
650 2305 707 2338 ubi
722 2306 843 2347 legunt
859 2306 930 2338 vnl-

223 2367 283 2399 go,
297 2358 308 2375 ‘
323 2356 484 2389 severus·'
529 2355 697 2388 Attamen
709 2355 849 2388 credam
865 2365 930 2397 ego

223 2407 474 2448 reponendum,
503 2408 514 2426 ‘
533 2407 687 2448 severis‚'
725 2407 760 2439 id
793 2413 847 2439 est
878 2417 930 2440 so-

225 2455 334 2496 briis;
358 2458 466 2490 multo
484 2467 584 2490 sensu
607 2458 758 2489 meliori:
790 2467 856 2500 quo
872 2467 931 2490 no-

228 2510 346 2538 tantur
361 2516 428 2538 non
438 2508 499 2549 qui
511 2508 668 2540 convivia
679 2506 853 2548 fugerent,
870 2507 932 2539 sed

228 2557 344 2599 potius
368 2557 425 2598 qui
451 2558 540 2590 inter
560 2558 702 2590 aliorum
727 2559 932 2600 compotati-

229 2617 311 2639 ones
327 2611 364 2638 et
378 2606 518 2638 crebras
539 2608 770 2648 invitationes,
784 2608 932 2640 ebrieta-

230 2662 300 2689 tem
317 2660 432 2689 astute
447 2650 486 2688 et
499 2656 622 2688 callide
637 2658 801 2692 vitarent.
842 2658 932 2690 Vide

231 2707 344 2749 Epist.
367 2706 515 2748 praeced.
540 2716 591 2738 vs.
610 2708 664 2738 91.
686 2707 696 2725 ⁸
711 2707 857 2740 Potores
881 2708 932 2740 bi-

231 2758 303 2790 buli
315 2757 429 2790 media
443 2757 487 2789 de
502 2762 605 2789 nocte
619 2756 756 2788 Falerni
771 2757 932 2790 Oderunt

233 2813 392 2852 porrecta
402 2813 582 2850 negantem
598 2807 744 2849 pocula:
759 2809 824 2840 ἅτε.

276 2862 316 2891 lo
341 2859 410 2892 Hoc
435 2860 527 2893 simul
552 2858 668 2900 edixit]
699 2859 827 2901 Magna
852 2868 931 2892 con-

984 1906 1164 1943 troversia,
1189 1906 1264 1948 quis
1288 1904 1415 1938 edixit?
1435 1914 1478 1937 an
1506 1904 1620 1945 Liber,
1646 1913 1688 1935 an

985 1957 1127 1996 Ennius,
1155 1966 1198 1988 an
1225 1956 1420 1989 Cratinus?
1454 1965 1517 1996 pro
1548 1954 1690 1987 Cratino

983 2005 1069 2038 facit
1086 2006 1176 2048 quod
1193 2006 1236 2038 de
1252 2016 1293 2038 eo
1307 2012 1387 2038 ante
1404 2010 1605 2037 annotatum
1623 2009 1689 2036 est.

983 2057 1195 2097 Torrentius,
1215 2066 1260 2088 ex
1283 2062 1354 2088 vet.
1375 2056 1452 2088 cod.
1470 2055 1552 2096 legit
1578 2055 1689 2092 edixi;

983 2111 1022 2139 ut
1044 2107 1109 2148 ipsi
1127 2106 1276 2139 Horatio
1291 2106 1466 2139 tribuatur
1480 2106 1577 2138 velut
1594 2106 1689 2137 Prae-

983 2156 1157 2189 torianum
1183 2157 1245 2190 lioc
1266 2157 1428 2189 edictum.
1474 2156 1599 2188 Placet
1615 2156 1689 2197 qui-

983 2208 1127 2240 busdam
1144 2209 1347 2250 conjectura
1371 2207 1506 2240 Heinsii
1532 2212 1690 2248 transpo-

983 2257 1049 2289 sita
1063 2265 1129 2289 una
1143 2258 1284 2290 literula
1306 2258 1466 2299 legentis,
1490 2257 1604 2296 edinen,
1627 2266 1690 2298 pro

984 2308 1149 2347 edixisti3
1172 2312 1212 2340 ut
1235 2307 1278 2340 ad
1304 2308 1536 2340 Maecenatem
1562 2307 1690 2339 refera-

985 2363 1052 2391 tur.
1110 2358 1179 2391 Sed
1205 2358 1336 2399 optima
1361 2363 1414 2390 est
1439 2358 1544 2390 lectio
1568 2358 1691 2390 edixit.-

984 2408 1141 2450 solusque
1157 2408 1286 2450 optime
1303 2407 1406 2439 Liber
1422 2407 1571 2439 edixisse
1592 2407 1692 2438 intel-

984 2458 1114 2500 ligitur,
1132 2463 1254 2500 utpote
1277 2459 1374 2490 Deus
1400 2459 1542 2500 poeseos
1557 2463 1594 2490 et
1611 2457 1691 2498 poe'·

987 2513 1113 2540 tarum.

1030 2559 1105 2590 Non
1128 2569 1283 2592 cessavere
1305 2560 1405 2600 potita
1432 2559 1606 2596 Nocturna,
1619 2555 1691 2596 δῖα]

986 2609 1057 2641 Diu
1080 2613 1254 2650 noctuque
1277 2609 1354 2640 vino
1371 2618 1407 2639 se
1425 2607 1690 2647 ingurgitarunt,

987 2665 1025 2692 nt
1055 2651 1195 2700 egregia
1220 2658 1330 2690 moliri
1354 2656 1513 2698 po'e’mata
1534 2655 1691 2687 videren-

987 2714 1056 2742 tur.

1030 2763 1068 2791 11
1095 2760 1260 2790 Nocturna
1286 2761 1405 2789 certare
1434 2755 1531 2796 mero]
1570 2756 1687 2787 Romae

986 2809 1148 2850 frequens
1161 2810 1224 2840 lioc
1241 2813 1315 2839 erat
1329 2807 1500 2839 bibionum
1514 2812 1687 2838 certamen

987 2858 1124 2900 vigilem
1149 2857 1392 2900 pergraecando
1414 2861 1547 2889 noctem
1563 2855 1688 2888 ducen-
