1904 3216
346 251 454 292 1660

346 352 483 392 tradere]
509 354 587 383 Rem
612 359 763 390 magnam
780 358 814 380 se
828 350 1028 389 praestitisse

352 402 468 433 Lamb.
480 406 588 442 putat,
602 400 688 438 quod
707 399 806 429 verba
820 399 885 430 ista
899 399 960 430 hoc
978 408 1029 430 or-

351 450 428 481 dine
458 450 644 489 scripserit,
660 458 734 479 cum
756 449 908 487 impressi
931 448 1031 479 habe-

347 505 418 537 ant,
442 499 479 529 Si
493 499 580 529 velles
596 499 726 528 tradere.
768 496 815 527 At
828 498 929 527 nostri
945 498 1029 528 Mss-

348 549 487 582 variant,
499 553 534 578 et
544 548 615 577 sine
626 556 756 578 caesura
770 539 944 587 scripsisse
959 556 1029 578 cre-

346 597 489 627 diderim
515 595 637 626 Horat.
664 596 690 626 si
719 605 854 636 usquam
882 596 972 631 alibi,
997 597 1030 627 in

349 645 412 674 boc
434 644 607 682 Sermone,
629 644 684 684 qui
715 649 806 675 totus
829 645 1032 676 dramaticus

349 697 414 730 est,
439 692 680 732 simplicissime
704 694 909 733 loquentem.
955 695 1030 724 Tra-

350 743 423 771 dere
451 747 562 772 autem
593 751 652 781 pro
688 741 935 780 commendare,
965 751 1031 782 quo

349 790 450 820 verbo
463 794 498 820 et
512 792 583 830 ipse
599 795 632 820 et
646 791 699 821 alii
711 791 802 830 saepe
815 796 970 822 auctores
982 792 1032 822 sic

349 841 397 869 nsi
413 845 500 876 silut,
525 838 661 878 ἔλλειψις
677 845 743 875 est,
760 849 820 879 pro
837 840 869 870 in
893 841 1031 871 cliente-

350 889 428 925 lam,
445 888 477 918 iu
501 887 766 924 contubernium,
781 888 813 918 in
837 889 1031 919 comitatum

349 937 496 967 tradere.
513 938 653 967 Torreat.
688 937 834 978 Tradere]
853 938 1032 969 Maecenati

350 986 596 1015 commendare.

391 1036 432 1064 48
455 1033 644 1064 Summosses
658 1034 773 1074 omnes]
800 1034 873 1065 Nisi
889 1044 1033 1065 summo-

351 1091 428 1112 vere
447 1091 559 1120 posses
574 1083 766 1122 omues,qui
783 1087 817 1113 te
833 1084 1034 1114 antecedunt

352 1131 460 1170 gratia
475 1131 563 1171 apud
577 1132 812 1162 Maecenatem.
837 1133 907 1162 Non
918 1132 976 1162 isto
989 1133 1034 1162 oi-

350 1181 462 1221 rimus]
490 1181 684 1222 Respondet
698 1181 871 1214 Horatius.
893 1182 978 1222 Illic]
995 1182 1036 1213 In

354 1230 479 1260 familia
491 1231 702 1262 Maecenatis.

393 1280 449 1320 [49
465 1279 579 1310 Codex
596 1289 648 1319 ap.
661 1278 777 1311 Comb.
792 1289 850 1310 non
862 1280 996 1320 purior-J

394 1332 435 1359 50
453 1328 564 1367 Malis]
581 1328 724 1368 Invidia,
735 1329 960 1366 aemulatione,
974 1328 1038 1359 cri·

354 1377 603 1417 minationibus,
624 1380 688 1408 διο.
714 1378 770 1408 Nil
794 1378 838 1408 mi
859 1378 952 1418 officit
973 1387 1038 1408 um-

352 1427 458 1466 quam]
474 1427 600 1458 Melius
616 1428 752 1466 optimae
769 1432 856 1457 notae
868 1428 953 1457 Mss.
970 1431 1038 1458 tres

357 1479 394 1505 et
409 1475 555 1505 nonnulli
577 1475 644 1513 alii,
658 1475 781 1514 inquam
806 1485 865 1515 pro
888 1485 1037 1514 umquam.

353 1524 512 1554 Torrent-

395 1575 436 1602 52
463 1573 611 1611 Magnum
633 1571 755 1610 narras]
789 1572 874 1602 Rem
899 1572 1039 1602 incredi-

355 1621 455 1651 bilem
474 1630 599 1659 narras,
610 1621 716 1660 iuquit
733 1621 908 1652 Garrulus.
924 1621 1038 1661 Atqui]

355 1669 518 1709 Loquitur
533 1670 707 1699 Horatius.
960 1696 963 1699 .

398 1722 438 1748 53
456 1718 604 1749 Accendis
617 1717 722 1757 quare]
746 1717 903 1748 Incendis
917 1728 968 1749 me
977 1718 1041 1760 (in-

357 1768 431 1807 quit
453 1766 630 1805 Garrulus)
650 1767 835 1806 cupiditate
853 1767 928 1797 talis
950 1766 1042 1798 fami-

357 1815 523 1846 liaritatis.
570 1814 700 1854 Cupiam
715 1815 816 1853 magis
830 1814 907 1855 illis]
930 1816 1042 1847 Quare

363 1873 488 1902 cupere
508 1863 627 1894 debeo.
715 1857 724 1865 ⁵

397 1916 439 1943 54
467 1913 551 1943 Velis
566 1913 787 1953 tantummodo]
806 1911 891 1943 Haec
907 1912 1041 1944 Horatii

360 1966 451 1999 sunt,
492 1962 611 2001 insigni
647 1961 813 1992 derisione
844 1961 1042 2001 pollicentis,

360 2011 448 2050 quod
494 2012 576 2042 sciat
616 2020 792 2050 numquam
839 2014 1044 2041 secuturum.

361 2060 459 2091 Quod
479 2069 557 2089 vero
579 2061 738 2099 sequitur,
762 2061 867 2099 quue
893 2059 980 2099 Diff’.
1004 2061 1044 2090 ad

354 2118 405 2147 pr.
419 2108 520 2145 habet,
544 2107 753 2146 imperfecta,
766 2109 798 2137 ni
814 2108 922 2145 fallor,
937 2108 1044 2138 oratio

359 2162 424 2194 est,
439 2167 534 2197 quam
553 2157 744 2196 loquaculus
759 2156 815 2186 ille
832 2161 899 2186 tam
919 2156 1044 2195 magui-

359 2205 424 2236 fica
454 2205 672 2244 promissione
703 2210 789 2236 totus
815 2205 962 2242 gestiens
988 2203 1044 2234 ab·

361 2255 498 2294 rumpit,
522 2263 585 2284 non
600 2254 712 2284 sinens
728 2253 877 2292 pluribus
890 2253 1044 2292 exprimi,

361 2312 463 2342 quare
488 2303 565 2332 talis
587 2307 674 2332 esset
686 2302 869 2338 Maecenas,
884 2301 939 2341 qui
964 2302 1044 2331 nulii

361 2361 396 2380 se
408 2350 537 2381 faceret
551 2350 646 2380 nimis
661 2350 821 2388 sodalem,
832 2351 928 2380 bomo
942 2350 975 2380 in
987 2350 1046 2381 de·

362 2399 504 2439 figendis
520 2400 631 2430 amicis
643 2401 903 2439 circumspectus
917 2409 957 2430 ac
968 2409 1046 2440 pru·

362 2449 456 2480 dens.
501 2449 578 2480 Non
596 2449 751 2489 displicet
767 2455 880 2480 tamen
896 2449 1043 2480 Turnebi

363 2499 544 2539 explicatio
560 2508 620 2530 xv.
637 2502 689 2530 18.
704 2504 739 2530 nt
753 2499 795 2530 ob
811 2499 844 2530 id
860 2500 966 2540 ipsum
982 2499 1047 2530 ‹tif-

363 2548 458 2579 ficilis
479 2548 582 2579 fuerit
608 2548 650 2579 ad
676 2549 897 2579 Maecenatem
921 2549 1046 2588 aditus,

365 2597 452 2637 quod
466 2606 500 2628 se
518 2598 618 2628 talem
634 2590 863 2637 cognosceret,
877 2599 934 2638 qui
949 2597 1047 2630 facile

365 2651 636 2685 expugnaretur;
659 2641 840 2687 praestabat
861 2648 960 2687 igitur
981 2657 1046 2678 non

368 2694 564 2731 permittere
578 2703 614 2726 se
637 2699 764 2725 temere
781 2695 873 2726 adiri.
909 2695 1047 2727 Tor-rent.

373 2739 456 2771 Velis
475 2742 692 2782 tantumodo]
718 2743 860 2774 Tantum
884 2744 969 2775 velle
992 2744 1048 2775 de-

798 258 936 288 No'rAE
968 258 1226 288 VARIORUM
1260 259 1313 288 ΙΝ

1078 350 1149 389 bes,
1167 350 1277 390 inquit
1293 350 1464 382 Horatius.
1488 351 1567 386 Qua·
1577 354 1632 382 tu
1645 352 1758 394 vim]

1078 399 1127 430 Ea
1141 403 1193 430 est
1208 404 1265 430 tua
1281 399 1385 430 virtus
1401 404 1437 430 ut
1452 398 1554 430 facile
1568 400 1611 431 sis
1631 401 1761 442 expug'-

1079 453 1215 479 naturus
1230 449 1465 479 Maecenatem.

1120 500 1160 527 55
1178 497 1380 536 Expugnabis
1390 507 1400 527 .·
1422 500 1452 528 et
1463 500 1509 527 est
1523 497 1577 536 qui
1589 497 1674 528 vinci
1686 499 1754 538 pos·

1078 547 1131 585 sit,
1142 547 1209 586 δῖα]
1232 547 1300 577 Pro
1310 547 1421 586 possit,
1437 546 1678 579 emendandum
1692 556 1762 587 pos-

1079 595 1140 625 cit:
1163 595 1225 626 hoc
1247 600 1311 634 est,
1337 596 1483 634 postulat
1499 604 1534 626 se
1548 595 1590 626 ab
1611 596 1762 627 ambitio-

1081 645 1122 674 sis
1138 644 1364 683 captatoribus
1377 644 1538 684 paulatim
1553 644 1762 680 labefactari.

1080 693 1291 733 animumque
1311 702 1406 723 suum
1422 693 1586 733 pertinaci
1605 702 1644 724 ac
1668 693 1762 724 inde-

1080 741 1167 772 fessa
1196 741 1431 773 sollicitatione
1455 747 1622 782 postremo
1651 747 1762 774 tamen

1080 791 1243 830 superari.
1258 795 1357 831 atquc
1372 791 1450 821 hinc
1465 795 1529 827 est,
1546 791 1633 830 qnod
1658 791 1764 831 prima

1081 838 1150 870 fere
1166 840 1268 871 coitio
1285 841 1390 871 multo
1406 841 1565 872 acerrima
1589 850 1662 872 esse
1686 849 1764 872 cou-

1082 889 1189 918 suevit
1239 888 1463 919 Maecenatem
1515 889 1763 929 prensantibus.

1081 937 1182 966 danus
1201 936 1319 966 Douza.
1356 937 1418 971 Qui
1433 937 1529 977 vinci]
1553 939 1587 968 Si
1607 947 1700 978 sape
1716 938 1765 968 in-

1085 984 1200 1014 stabis.

1125 1037 1167 1064 56
1197 1033 1294 1064 Haud
1318 1034 1394 1064 mihi
1416 1033 1519 1074 deero]
1547 1034 1767 1076 Diligentiam

1085 1082 1259 1122 adhibebo,
1275 1082 1384 1123 inquit
1400 1083 1572 1115 Garrulus.

1126 1134 1175 1162 58ι
1185 1132 1331 1171 Tempora
1345 1132 1496 1173 qmram]
1508 1133 1602 1164 Talia
1617 1133 1675 1164 illa
1690 1133 1768 1165 Vir·

1085 1182 1202 1222 gilius:
1234 1181 1474 1213 ‘Tentaturum
1497 1183 1618 1221 aditus,
1641 1188 1675 1214 et
1691 1192 1767 1224 qum

1085 1230 1274 1262 mollissima
1287 1230 1378 1262 fandi
1393 1231 1582 1271 Tempora!
1602 1232 1658 1272 Et,
1674 1232 1770 1263 ‘Sola

1087 1281 1147 1310 viri
1163 1279 1277 1310 molles
1291 1280 1402 1311 aditus
1418 1285 1453 1312 et
1471 1286 1625 1322 tempora
1647 1281 1770 1313 noras!

1090 1331 1228 1362 Torreat.
1274 1330 1418 1370 Tempora
1436 1329 1585 1370 queram]
1605 1330 1770 1372 Tempora

1087 1381 1209 1410 idonea
1221 1379 1379 1419 captabo.

1143 1431 1184 1459 59
1213 1428 1388 1468 Deducam]
1422 1427 1596 1460 Deducam
1622 1427 1768 1459 domum.

1087 1479 1148 1508 Nil
1167 1479 1233 1508 sine
1254 1478 1379 1517 magno]
1403 1476 1563 1509 Difficilia
1585 1477 1671 1508 enim
1694 1486 1768 1517 quae

1088 1526 1224 1565 pulchra
1237 1535 1246 1563 ;
1260 1530 1296 1556 et
1310 1527 1319 1543 ⁶
1333 1526 1444 1556 Labor
1459 1527 1572 1557 omnia
1586 1525 1691 1556 vincit
1704 1525 1770 1556 Im·

1088 1574 1210 1614 probus
1221 1574 1241 1613 ;’
1263 1578 1298 1605 et
1311 1574 1437 1613 optime
1448 1574 1623 1606 Sallustius
1638 1586 1646 1603 ε
1668 1575 1678 1592 ‘
1691 1575 1768 1606 Non

1087 1623 1173 1653 enim
1190 1622 1274 1653 votis
1289 1631 1398 1663 neque
1411 1623 1583 1663 suppliciis
1598 1622 1769 1654 muliebri-

1089 1672 1148 1702 bus
1164 1671 1287 1702 auxiiia
1310 1672 1457 1702 Deorum
1483 1677 1665 1711 parantur:
1690 1672 1774 1712 vigi-

1089 1719 1201 1758 lando,
1229 1719 1372 1759 agendo,
1396 1729 1554 1760 prospere
1581 1720 1692 1752 omnis
1717 1730 1772 1752 ce·

1089 1769 1195 1800 dent-⁷
1214 1769 1354 1800 Torreat.

1094 1830 1099 1832 ·
1132 1821 1173 1850 60
1201 1818 1280 1849 Haec
1300 1818 1385 1858 dam]
1407 1818 1492 1850 Haec
1521 1818 1599 1850 dum
1625 1819 1773 1860 loquitur

1091 1868 1266 1899 Garrulus.
1311 1868 1406 1908 [Hoec
1435 1869 1507 1899 dum
1527 1868 1574 1899 ait
1595 1868 1727 1900 Vates.
1743 1870 1774 1900 4.

1091 1918 1168 1948 Vnt.
1196 1917 1292 1948 Rom.
1319 1919 1370 1948 10,
1397 1917 1474 1947 Vat.
1496 1917 1606 1948 Palat.
1633 1919 1664 1948 1.
1685 1926 1705 1948 a
1729 1926 1773 1948 m.

1093 1977 1143 2006 pr.
1159 1968 1237 1998 Vat.
1253 1967 1364 1997 Palat.
1381 1970 1412 1997 6.
1428 1971 1463 1997 et
1485 1966 1631 1997 Cbisiau.
1652 1969 1684 1998 2.
1699 1976 1718 1998 a
1733 1976 1777 1998 m.

1093 2015 1178 2055 sem]
1739 2039 1744 2042 -

1134 2067 1170 2094 61
1197 2065 1316 2094 Fuscus
1335 2064 1489 2104 Aristius]
1529 2063 1776 2095 Grammaticus

1093 2112 1149 2142 illo
1164 2117 1315 2151 tempore
1331 2113 1460 2142 nobilis.

1134 2162 1176 2190 62
1192 2161 1279 2191 Unde
1293 2160 1391 2199 venis]
1409 2161 1481 2190 Hoc
1497 2160 1543 2191 ita
1554 2161 1774 2200 interpretor:

1093 2207 1234 2246 Rogavit
1249 2216 1302 2237 me
1315 2208 1402 2237 unde
1414 2207 1563 2238 venirem
1579 2211 1614 2238 et
1626 2217 1692 2248 quo
1703 2213 1776 2239 ten-

1095 2258 1206 2287 derem
1221 2266 1231 2294 3
1255 2261 1289 2287 et
1300 2257 1378 2286 mihi
1392 2266 1520 2297 quoque
1533 2257 1676 2297 roganti,
1686 2258 1776 2289 unde

1096 2305 1226 2335 veniret
1248 2308 1283 2335 et
1306 2314 1370 2344 quo
1395 2305 1563 2344 tenderet,
1593 2306 1776 2346 respoudit.

1094 2354 1170 2385 vid.
1183 2353 1333 2384 Turneb.
1349 2362 1409 2384 xv.
1428 2356 1478 2385 18.
1522 2353 1618 2394 [vat.
1635 2355 1732 2387 Rom.
1744 2358 1776 2387 8.

1095 2404 1173 2434 Vnt.
1189 2404 1299 2434 Palat.
1318 2405 1346 2434 1.
1363 2408 1398 2434 et
1414 2403 1562 2435 Cinisian.
1584 2406 1615 2435 2.
1630 2405 1710 2436 ande
1729 2413 1780 2436 ve·

1095 2452 1199 2483 nisset.
1215 2453 1293 2483 Vat.
1311 2453 1406 2483 Rom.
1421 2454 1453 2483 4.
1468 2452 1612 2492 veniret.]

1137 2504 1178 2532 63
1202 2501 1319 2541 Rogat]
1342 2502 1467 2532 Fuscus
1496 2511 1548 2532 me
1569 2506 1674 2541 rogat.
1716 2501 1780 2532 Re-

1095 2552 1237 2591 spondet:
1258 2552 1366 2581 vellere
1377 2550 1467 2590 coepi]
1483 2550 1680 2590 Respondet
1695 2559 1713 2581 a
1725 2558 1779 2581 me

1097 2604 1246 2639 rogatus.
1289 2599 1375 2638 [Quo
1389 2598 1489 2629 tendit
1504 2599 1583 2630 Vat.
1599 2596 1698 2631 Rom.
1709 2601 1779 2631 Sat·

1098 2653 1134 2679 et
1148 2648 1228 2679 Vat.
1242 2647 1352 2678 Palat.
1368 2646 1414 2686 1.]

1139 2699 1180 2728 64
1197 2698 1347 2728 Prensare
1361 2697 1468 2737 mana]
1486 2695 1552 2728 Alii
1561 2705 1710 2737 pressare,
1716 2697 1776 2728 sed

1101 2747 1213 2786 plures
1225 2756 1263 2778 ac
1275 2745 1426 2778 meliores
1436 2745 1533 2778 codd.
1541 2755 1702 2786 prensare.-
1716 2754 1778 2776 nee
