1916 3262
380 245 490 285 1214
853 263 895 296 ρ.
925 258 1130 288 HoRA'ru
1163 260 1330 292 FLAcci

378 348 551 401 Scripta
568 350 637 390 vel
656 351 837 403 optima,
859 351 1045 392 Romani
1068 357 1297 403 pensantur
1317 354 1470 396 eadem

378 413 618 466 Scriptores
638 417 813 464 trutina,
832 428 914 455 non
935 420 1000 456 est
1020 417 1134 469 quod
1154 418 1290 458 multa
1309 419 1556 472 loquamur:
1733 421 1790 466 30

378 478 455 519 Nil
475 479 583 520 intra
601 485 667 520 est
686 481 844 529 oleam,
863 481 924 520 nil
943 487 1064 520 extra
1086 486 1154 522 est
1173 482 1216 521 in
1236 495 1346 524 nuce
1366 484 1474 525 duri.

375 542 588 584 Venimus
608 545 664 585 ad
681 558 894 586 summum
912 546 1122 587 fortunae:
1154 547 1382 599 pingimus,
1405 554 1532 602 atque

376 608 625 658 Psallimus‚
642 614 686 649 et
703 611 917 651 luctamur
941 610 1120 651 Achivis
1140 611 1312 653 doctius
1332 603 1491 654 unctis.

374 673 424 713 Si
444 675 618 714 meliora
637 675 746 725 dies,
766 679 811 716 ut
830 676 944 726 vina,
966 675 1172 729 poemata
1191 677 1342 726 reddit,

375 739 495 780 Scire
513 740 657 790 velim,
678 742 860 793 pretium
879 742 1036 782 chartis
1056 746 1212 794 quotus
1231 746 1400 793 arroget
1419 754 1581 785 annus:
1733 747 1772 787 8-

375 803 572 857 Scriptor
591 805 747 847 abhinc
767 820 902 847 annos
925 813 1099 847 centum
1121 807 1197 859 qui
1216 806 1391 856 decidit,
1411 808 1522 848 inter

374 863 598 911 Pe‘rfectos
620 876 870 924 veteresque
892 873 1036 912 referri
1055 873 1199 921 debet,
1220 885 1275 913 an
1295 874 1401 914 inter

372 934 496 975 Viles
516 940 646 989 atque
663 939 830 978 novos?
861 938 1068 979 excludat
1080 939 1227 992 jurgia
1246 937 1354 978 finis.

372 1075 550 1106 Graecorum
573 1077 781 1108 vetustissima
808 1077 901 1107 etiam
925 1077 1181 1116 praestantissima
1203 1077 1352 1116 existunt,
1365 1077 1472 1110 Latini
1495 1078 1667 1118 Scriptores
1693 1079 1789 1109 simili

370 1117 488 1147 ratione
502 1118 716 1154 cestimuntur‚·
735 1118 876 1157 pluribus
889 1118 987 1148 verbis
1001 1129 1060 1149 non
1074 1123 1118 1150 est
1133 1128 1207 1158 opus
1217 1130 1227 1149 .-
1250 1119 1327 1150 nihil
1338 1121 1371 1150 in
1385 1120 1478 1158 oliva,
1492 1121 1570 1151 nihil
1583 1124 1673 1151 extra
1683 1129 1787 1150 nucem

369 1157 441 1187 duri
465 1162 528 1188 est.-
544 1158 685 1195 fortuna*
712 1160 828 1198 apicem
852 1159 1035 1197 attigimns:
1061 1160 1217 1199 pingimus
1236 1164 1266 1191 el
1286 1161 1423 1191 canimus
1437 1165 1466 1192 et
1486 1162 1634 1192 luctamur
1647 1161 1789 1192 solertius

368 1207 457 1236 quam
479 1199 596 1230 Graeci.
641 1199 678 1230 Si
699 1202 816 1240 tempus
839 1200 1057 1237 meliorasacz't
1071 1202 1208 1231 carmina
1225 1202 1350 1241 perinde
1373 1212 1409 1233 ac
1423 1203 1616 1242 vina‚quaero
1631 1205 1702 1243 quot
1715 1202 1789 1233 anni

368 1241 582 1271 auctoritatem
595 1242 668 1271 dent
683 1241 780 1271 libris.
824 1240 963 1280 Scriptor
975 1241 1013 1271 ab
1027 1243 1116 1272 annis
1134 1246 1252 1273 centum
1277 1247 1412 1273 mortuus
1436 1243 1559 1274 debetne
1570 1244 1686 1275 censeri
1706 1244 1790 1273 inter

369 1283 484 1311 veteres
507 1285 538 1311 et
554 1282 653 1321 bonos,
666 1291 705 1312 an
725 1283 806 1312 inter
820 1283 965 1320 ignobiles
980 1285 1012 1312 et
1035 1284 1238 1313 recentiores?
1259 1283 1412 1322 Definitio
1428 1286 1570 1324 temporie
1583 1286 1702 1316 decidat
1716 1293 1787 1315 con-

957 1376 994 1387 O'
999 1376 1193 1388 ΙΟΝΟΜΟ

366 1464 526 1493 286.-29
540 1462 636 1493 Vatt.
652 1464 683 1492 ’2.
699 1465 731 1493 4.
755 1461 901 1493 Cliisian.
917 1465 948 1492 5.
971 1461 1028 1492 alii
1042 1460 1139 1491 codd.
1154 1470 1208 1501 ap.
1224 1461 1340 1493 Lamb.
1355 1467 1390 1494 et
1405 1462 1501 1494 Harl.
1515 1466 1546 1494 6.
1565 1467 1785 1503 pensentur.—

367 1507 408 1534 30
431 1504 508 1534 Vat.
527 1506 576 1535 12.
599 1504 711 1534 Bentl.
727 1513 768 1533 ex
785 1504 872 1543 conj.
899 1504 962 1534 olea
975 1513 987 1537 ,·
1008 1502 1128 1532 deinde
1143 1503 1289 1535 Mervill.
1307 1505 1445 1535 Wetzel.
1465 1509 1500 1535 et
1514 1505 1617 1535 Kidd.
1639 1505 1717 1536 nihil
1729 1515 1785 1537 ex-

366 1548 416 1575 tra
431 1545 496 1575 dno
510 1545 604 1575 Vatt.
621 1550 655 1575 et
671 1545 810 1584 Cnning.
833 1545 911 1575 nihil
929 1547 1020 1575 extra
1044 1544 1078 1573 in
1102 1544 1327 1575 Schoenborn.
1342 1548 1459 1577 4.-32
1480 1546 1562 1576 Tres
1580 1547 1673 1577 Vatt.
1698 1556 1784 1578 unus

366 1585 576 1625 Bet-smanni,
603 1586 748 1617 Chisian.
763 1589 793 1616 6.
818 1591 852 1616 et
882 1585 1035 1624 Angelic.
1052 1587 1084 1616 2.
1107 1586 1146 1615 ad
1167 1595 1338 1623 summam‚·
1359 1591 1395 1618 et
1420 1588 1467 1618 sic
1486 1587 1552 1626 legi
1570 1587 1673 1627 jussit
1689 1588 1784 1619 Cliis-

365 1626 446 1656 hnll.
461 1628 590 1666 recepit
606 1627 724 1659 Jaeek.
766 1627 928 1667 pangimus
944 1626 1091 1657 Chisian.
1108 1630 1137 1657 5.
1154 1631 1188 1657 et
1202 1627 1356 1658 Vallicel.
1377 1630 1492 1659 3.-33
1518 1629 1590 1659 Duo
1612 1628 1710 1660 codd.
1727 1639 1782 1668 ap.

365 1666 496 1698 Valart.
508 1667 636 1704 fortius.
677 1669 755 1699 Vat.
786 1668 881 1698 Rom.
907 1671 937 1698 5.
961 1678 980 1697 a
996 1677 1038 1697 m.
1060 1676 1110 1706 pr.
1132 1668 1262 1699 doctius.
1317 1669 1483 1709 Eutyches
1506 1678 1560 1710 ap.
1589 1669 1728 1701 Putsch.
1753 1680 1783 1701 c.

364 1711 460 1740 2179.
493 1709 614 1749 scietas,
653 1710 739 1749 quod
777 1709 810 1739 iu
841 1714 968 1739 textum
997 1708 1125 1738 invexit
1159 1709 1319 1740 Fea.—-34
1346 1710 1571 1742 Schoenbom.
1603 1713 1634 1742 2.
1662 1712 1783 1743 reddat.

364 1749 586 1780 Schoenborn.
601 1753 634 1781 4.
655 1751 881 1780 reddum—35
894 1750 988 1780 Vatt.
1001 1755 1081 1784 ῐτεε,
1092 1748 1157 1780 dno
1169 1750 1263 1780 Vatt.
1277 1750 1373 1781 Rom.
1388 1751 1478 1782 Harl.
1493 1754 1524 1782 2.
1537 1754 1567 1783 3.
1577 1755 1609 1783 4.
1619 1754 1687 1783 (3.7.
1705 1752 1783 1783 Chi-

365 1791 444 1823 siau.
462 1794 490 1822 l.
507 1794 538 1822 6.
559 1791 714 1822 vallicel.
732 1794 758 1822 1.
775 1795 810 1822 et
824 1791 1003 1828 Bamberg.
1026 1790 1141 1820 chartis
1159 1791 1313 1829 pretium,·
1334 1792 1380 1822 ita
1396 1792 1451 1822 alii
1466 1793 1550 1824 Mss.
1571 1794 1660 1833 apud
1677 1793 1783 1833 Cruq.

363 1832 474 1863 Pulm.
489 1833 587 1864 Torr.
609 1837 645 1863 et
670 1831 788 1863 Oberl.
814 1832 896 1863 edit.
921 1833 1029 1862 Venn.
1046 1833 1140 1862 1481.
1156 1834 1249 1862 1486.
1267 1834 1358 1864 1490.
1382 1833 1474 1872 Lips.
1490 1835 1584 1865 1499.
1618 1833 1783 1874 Cruquiun

364 1873 539 1914 adoptavit
554 1879 711 1914 tanquam
726 1874 872 1912 mollius,
888 1873 964 1903 inde
976 1871 1069 1903 Talb.
1082 1873 1194 1903 Bentt.
1211 1882 1393 1913 anonymus
1405 1874 1496 1915 Traj.
1513 1875 1554 1906 ad
1571 1875 1677 1906 Rhen.
1690 1878 1783 1906 1⁷13.

363 1916 449 1945 Cun.
461 1915 541 1946 San.
552 1915 701 1945 Mer-vill.
721 1915 871 1954 Sandby,
886 1915 1024 1954 Dorigh.
1062 1914 1114 1943 ΑΙ.
1132 1915 1266 1953 pretium
1279 1915 1491 1946 chunia—8¹7
1514 1916 1735 1948 Schoenborn.
1749 1919 1781 1948 2.·

364 1955 461 1987 Gott.
471 1956 566 1987 Harl.
574 1958 668 1987 2.4.⁷
672 1977 681 1987 .
693 1956 749 1986 alii
760 1965 814 1996 ap.
827 1956 943 1994 Feam,
953 1959 1119 1986 veteresne.
1139 1955 1400 1988 Schoenborn.2.
1413 1961 1447 1987 ut
1458 1957 1633 1988 intera—88
1643 1959 1720 1990 Vat.
1731 1960 1780 1989 15.

1001 2057 1139 2089 NOTAE

362 2126 493 2165 Graecis
515 2131 738 2163 antecellere:
763 2140 837 2172 qnae
857 2131 988 2173 quidem
1011 2141 1044 2162 a·
1095 2130 1170 2160 Uno
1206 2130 1348 2162 absurdo
1377 2132 1497 2172 posito,
1531 2132 1635 2163 multa
1664 2141 1779 2165 conse-

362 2185 458 2222 perte
485 2190 504 2211 a
528 2189 608 2212 vero
631 2184 666 2211 et
689 2180 730 2211 ab
753 2181 896 2211 omnium
913 2180 1043 2220 judicio
1095 2185 1242 2221 qnnntm·
1271 2181 1422 2213 absurda.
1467 2182 1599 2222 Nempe
1629 2182 1779 2216 dicamus

361 2230 555 2262 abhorrent.
1095 2229 1264 2269 deinceps,
1279 2229 1386 2270 inquit
1398 2230 1518 2270 Poeta,
1532 2241 1592 2262 nos
1603 2230 1688 2262 fama
1704 2242 1777 2264 ease

402 2282 442 2311 31
467 2279 527 2309 Nil
541 2278 622 2309 intra
637 2281 681 2309 est
695 2279 802 2316 oleam,
815 2277 884 2318 ξω]
898 2278 1043 2308 Prover-
1093 2278 1292 2310 celebriores
1316 2280 1458 2320 Graecis,
1475 2286 1511 2312 et
1527 2281 1646 2312 artium
1664 2283 1779 2322 periti-

359 2328 454 2359 bialis
470 2337 576 2358 sermo
591 2327 652 2358 iste
668 2327 820 2366 usurpari
836 2327 920 2357 solet
937 2327 968 2356 in
985 2335 1043 2357 eos
1095 2335 1190 2364 ores3
1217 2328 1364 2367 quamvis
1389 2328 1549 2360 hacteuus
1571 2329 1594 2360 ii
1615 2334 1778 2370 praestare

361 2377 418 2418 qui
434 2382 555 2416 negant
579 2375 753 2407 manifeste
779 2385 870 2414 vera,
891 2376 942 2406 vel
958 2384 1042 2406 asse·
1094 2375 1244 2406 omnibus
1255 2376 1373 2407 crediti
1389 2377 1469 2408 sint.

359 2431 438 2457 runt
454 2426 629 2466 perspicue
643 2425 737 2456 falsa.
768 2425 947 2456 Enimvero
963 2424 1041 2465 quid
1134 2427 1174 2455 33
1216 2424 1343 2464 Unctis]
1378 2426 1527 2457 Athletae
1566 2426 1777 2466 ungebantur

361 2475 484 2506 certius
499 2484 598 2516 quam
623 2474 657 2505 in
683 2474 770 2505 oliva
785 2483 858 2505 esse
874 2484 922 2510 os,
938 2479 972 2504 et
985 2483 1040 2504 ex·
1093 2476 1172 2503 ante
1187 2473 1390 2514 palaestram‚
1405 2479 1443 2505 ut
1457 2475 1522 2506 olei
1534 2475 1660 2506 virtute
1674 2485 1774 2507 mem·

360 2527 412 2554 tra
428 2533 546 2554 nucem
562 2532 637 2554 esse
653 2527 810 2562 putamen
826 2523 966 2553 durum?
1093 2520 1152 2552 bra
1162 2521 1284 2553 fierent
1296 2527 1365 2553 tum
1377 2523 1576 2559 robustiora,
1589 2527 1658 2554 tum
1671 2524 1774 2556 etiam

404 2571 525 2611 Oleum]
547 2571 634 2602 Olea
645 2564 781 2612 pioprie
794 2575 845 2602 est
857 2571 967 2611 arbor,
981 2572 1039 2602 oli·
1093 2570 1223 2602 lubrica
1238 2575 1272 2602 et
1287 2572 1395 2603 teneri
1410 2571 1608 2604 difficiliora.

359 2627 400 2648 va
414 2618 561 2650 fructus:
588 2624 737 2651 attamen
764 2624 904 2660 utraque
927 2630 989 2651 vox
1005 2623 1040 2652 in
1132 2624 1173 2654 34
1194 2622 1232 2653 Si
1246 2623 1371 2654 meliora
1381 2622 1460 2663 dies]
1483 2621 1583 2654 Aliud
1600 2631 1773 2663 argumen-

359 2671 499 2707 utraque
515 2668 756 2707 significatione
773 2669 918 2710 ponitur.
1092 2674 1162 2702 tum
1178 2679 1197 2702 a
1211 2670 1377 2702 dissimili.

401 2717 442 2748 32
470 2715 610 2747 Venimus
644 2718 684 2747 ad
711 2727 860 2750 summum
881 2717 1037 2758 sortunoe]
