1930 3204
536 319 747 351 nons'ru
782 318 1059 350 sermonum
1096 319 1189 350 ms.
1223 321 1252 350 1.
1281 310 1322 351 4.

1535 309 1647 351 1627

194 410 312 443 tuendi
321 411 542 453 juventutem
559 413 660 453 ratio,
681 421 748 454 qua
762 412 897 443 Demea
947 414 1060 455 pueris
1086 414 1142 456 qui
1171 414 1312 446 corticis
1341 422 1406 455 ope
1431 417 1552 444 natare
1580 414 1646 444 dis-

194 470 328 503 qnoqne
341 461 400 494 ille
411 461 637 494 Terentianus
647 470 743 493 suum
759 471 795 492 se
810 460 895 493 finx-

193 512 262 543 isse
274 511 380 543 filium
392 517 533 544 narrat:
549 516 559 529 ⁸
572 512 630 544 Nil
644 511 892 552 praetermitto:

191 561 431 594 consuefacio:
448 562 594 603 deniqne
605 561 793 602 Inspicere,
809 566 893 594 tam-

191 621 292 653 quam
308 612 341 644 in
357 613 546 653 speculum,
571 612 605 643 in
630 611 717 642 vitas
744 612 892 644 omniurn

189 663 316 704 Jubeo,
339 667 442 705 atque
467 673 511 695 ex
537 663 612 694 aliis
629 672 762 695 sumere
779 673 892 696 exem-

189 713 283 754 plum
296 713 387 753 sibi:
401 715 467 745 ὅτε.
491 713 634 744 Tmene.

233 765 296 795 1⁰⁷
319 763 423 799 Quum
437 772 486 794 me
499 762 694 803 hortaretur]
724 763 890 795 Hortare-

187 815 245 844 tm·
259 811 302 844 ad
316 811 550 852 frugalitatem
564 812 607 844 ab
622 811 839 845 incommodo
854 818 891 845 et

185 861 275 892 malo
291 860 556 902 prodigalitatis,
570 870 638 902 qua
647 862 772 894 misere
784 861 889 894 afflie-

185 909 252 942 tari
261 909 474 943 demonstrat
483 910 577 942 Albii
589 911 716 944 filium:
731 913 821 953 quod
835 921 889 944 ur-

185 958 274 991 bane
289 959 375 992 facit
391 959 542 1001 quidem,
559 959 619 992 sed
635 969 702 992 non
719 961 790 992 sine
805 966 889 993 nota

186 1008 356 1049 satyrica.
380 1009 478 1049 (ἕως.

229 1060 292 1090 109
311 1058 357 1090 Ue
370 1060 449 1091 mule
462 1058 566 1099 vivat]
586 1059 764 1093 Quomodo
778 1060 812 1093 iu
828 1070 886 1102 pe-

185 1108 284 1139 nuria
303 1109 420 1140 vivat?

229 1160 292 1190 110
314 1158 458 1200 Barrus]
483 1158 577 1191 Libri
593 1159 710 1200 optimi
725 1164 806 1198 tres,
826 1161 888 1194 Va·

182 1217 258 1245 rus,-
276 1217 375 1249 nnns,
396 1209 510 1240 Berus-
542 1209 622 1241 Vid.
638 1210 790 1242 Turneb.
806 1220 886 1244 xiv.

184 1260 238 1289 20.
273 1258 417 1290 Tor-rent.
475 1259 630 1298 Magnum
658 1260 886 1302 documentum]

183 1308 252 1341 Qui
279 1313 334 1340 est
357 1309 577 1342 documento.
631 1310 777 1342 Patriam
802 1313 883 1353 rem]

138 1374 146 1381 -
182 1358 268 1390 Rem
294 1357 494 1392 familiarem
520 1369 540 1392 a
566 1359 753 1401 majoribus
782 1361 883 1393 relic-

181 1413 263 1442 tam.

223 1462 286 1491 112
307 1459 451 1500 Sectani]
485 1460 590 1492 Hunc
606 1469 739 1502 quoque
754 1464 791 1492 et
809 1461 880 1501 plu-

178 1519 232 1541 res
247 1514 286 1544 et
298 1510 456 1545 meliores
470 1510 547 1541 libri
564 1510 732 1541 Scetanum
745 1515 881 1550 vocant,

178 1567 262 1589 unus
277 1558 458 1590 Senianum.
475 1559 636 1591 Torrent.
673 1560 799 1591 Sectani
814 1560 876 1590 dis-

175 1607 290 1639 similis
303 1608 361 1649 sit]
385 1608 551 1640 Sectauus
571 1613 647 1640 erat
663 1608 774 1650 turpis
795 1618 876 1640 moe-

177 1657 274 1690 chus.

217 1710 280 1740 113
301 1708 460 1748 Moechas]
482 1709 674 1740 Matronas.

217 1760 281 1788 114
305 1757 453 1797 Treboni]
474 1758 666 1789 Trebonius
688 1758 723 1788 in
746 1758 878 1790 adulte-

175 1806 226 1838 rio
242 1805 309 1838 fuit
325 1806 570 1847 deprehensus.

218 1858 279 1886 115
295 1854 426 1896 Sapiens
437 1855 555 1895 vitatu]
572 1855 798 1896 Philosophus
812 1856 878 1898 (in-

175 1905 249 1946 quit
282 1905 419 1936 Horatii
456 1905 571 1945 pater)
599 1914 715 1937 causas
744 1906 876 1940 reddet.

176 1955 321 1996 Quidque
346 1955 466 1996 petitu]
506 1954 745 1996 Antiquissimi
775 1957 875 1989 codd.

170 2006 308 2045 quodque
318 2005 434 2046 petitu,
447 2009 485 2036 et
499 2014 578 2037 mox
594 2007 717 2047 reddat,
730 2016 792 2048 pro
805 2009 874 2039 red-

171 2056 234 2085 det.
257 2055 417 2087 Torrent.

216 2107 280 2136 116
303 2103 435 2144 Coum]
458 2104 634 2137 Rationes.
666 2105 777 2145 [Vatt.
794 2110 825 2139 3.
841 2111 872 2140 4.

169 2157 202 2185 ⁵.
225 2154 306 2186 Vat.
331 2154 428 2185 Rom.
450 2156 482 2185 2.
514 2154 719 2194 Gregorian.
746 2159 776 2187 l.
800 2156 873 2187 An-

168 2203 268 2243 gelic.
297 2205 328 2234 1.
355 2208 392 2235 et
415 2203 572 2235 Vallicel.
598 2206 630 2235 3.
652 2205 705 2236 sed
729 2205 807 2236 milti
819 2211 869 2238 sae

166 2251 226 2292 οἱ]

217 2305 279 2334 117
313 2302 477 2334 Traditum
507 2303 546 2334 ab
575 2303 714 2344 antiquis
741 2307 870 2348 morem]

165 2351 343 2384 Traditum
359 2361 378 2383 a
393 2351 566 2383 veteribus
589 2354 868 2386 consuetudinem

165 2410 314 2433 servare.

210 2452 273 2481 118
291 2449 439 2480 Custodia
451 2449 538 2490 eges]
549 2448 748 2492 Paedagogi.
772 2451 867 2492 [Vnt.

167 2500 266 2531 Rorn-
281 2501 313 2530 9.
325 2498 460 2537 smum,
479 2499 664 2539 vitamque]

212 2550 274 2580 119
290 2547 392 2579 Simul
401 2558 437 2578 ac
445 2549 622 2589 duraverit]
640 2549 867 2591 Posteaquam

168 2602 253 2630 aetas
269 2596 541 2629 corroboraverit
553 2598 715 2631 membra.
759 2600 866 2632 Dura-

165 2646 262 2688 verit]
293 2646 351 2678 Sic
377 2646 474 2687 Virg.
496 2648 507 2664 ‘
524 2647 633 2678 Natos
661 2647 704 2679 ad
729 2647 867 2683 flumina

165 2697 311 2739 primum
326 2694 537 2735 Deferimus,
549 2706 704 2739 saevoque
715 2700 793 2739 gelu
805 2699 864 2732 du-

166 2755 280 2778 ramus
297 2749 334 2776 et
350 2744 471 2776 undis!
495 2745 639 2776 Tor-rent.

208 2798 271 2826 120
288 2794 389 2825 Nubis
400 2795 470 2825 sine
482 2794 611 2836 cortice]
628 2794 760 2828 Alienis
776 2807 863 2838 prae-

164 2845 274 2887 ceptis
301 2853 369 2876 non
393 2843 521 2886 egebis,
545 2845 700 2887 Metaph.
724 2847 829 2880 ducta
844 2858 864 2881 a

946 467 1042 496 eunt.

990 516 1049 545 121
1072 514 1238 545 For-mahat
1250 523 1379 555 puerum
1391 513 1498 554 dictis]
1519 513 1578 545 Sic
1590 524 1644 546 me

944 568 1045 603 pater
1059 564 1250 596 erudiebat.
1295 564 1371 596 Sive
1377 564 1521 605 jubebat]
1542 564 1643 598 Quod

941 611 1076 652 legibus
1102 612 1135 643 in
1162 613 1282 653 politia
1298 613 1474 654 proprium
1489 617 1556 649 est,
1580 613 1643 645 hoc

941 665 1124 701 parentum
1140 671 1261 693 munus
1283 663 1452 703 privatum
1469 667 1533 703 est,
1547 663 1644 694 nimi-

940 717 1014 740 rum
1032 710 1159 750 jubere
1176 711 1264 751 quod
1282 712 1461 743 honestum
1478 716 1514 744 et
1529 712 1644 744 lauda-

940 757 1009 789 bile
1034 763 1110 798 est3
1141 764 1273 799 vetare,
1297 761 1387 801 quod
1412 771 1488 792 cum
1516 761 1643 793 decoro

938 814 1079 849 pugnet,
1105 810 1307 850 permittere
1322 820 1399 851 quae
1415 810 1640 851 tranquillita-

939 863 1008 892 tem
1026 870 1092 892 non
1110 860 1325 903 perturbant,
1341 860 1462 901 punire
1476 860 1589 891 scelus
1605 864 1642 891 et

938 909 1162 951 impietatem.
1197 910 1293 951 Cruq.
1359 909 1456 950 [Vat.
1483 909 1580 940 Rom.
1608 912 1640 941 9.

934 969 1062 1000 puerum
1078 960 1220 1001 digitis]

980 1011 1043 1040 122
1062 1009 1172 1041 Habes
1185 1008 1338 1050 autorem]
1362 1009 1449 1041 Sunt
1467 1008 1570 1040 verba
1584 1018 1641 1050 pa-

937 1059 998 1091 tris
1020 1059 1083 1090 sui.

979 1111 1040 1140 123
1069 1109 1174 1140 Unum
1195 1118 1235 1140 ex
1247 1107 1409 1147 judicibus
1429 1109 1566 1149 selectis]
1591 1109 1638 1140 U·

936 1167 1015 1190 num
1030 1168 1075 1190 ex
1090 1159 1242 1200 equestri
1255 1158 1388 1198 ordine,
1405 1158 1494 1190 unde
1502 1158 1638 1200 judices

935 1208 1162 1249 eligebantur.
1197 1208 1363 1241 Judicibus
1373 1207 1508 1249 selectis]
1526 1209 1638 1240 Nemo

937 1257 1157 1291 mediocriter
1183 1258 1337 1291 eruditus
1361 1259 1498 1299 ignoret
1520 1259 1636 1300 plures

936 1307 1042 1340 fuisse
1066 1309 1182 1340 Romae
1202 1308 1359 1350 judicum
1388 1308 1560 1340 decurias.
1606 1309 1636 1339 E

932 1357 1054 1398 quibus
1077 1358 1124 1398 hi,
1150 1368 1234 1400 quos
1264 1358 1399 1389 Praetor
1426 1358 1574 1389 urbanus
1599 1357 1635 1388 in

932 1415 1009 1438 eum
1035 1416 1102 1448 quo
1128 1407 1364 1448 magistratum
1386 1412 1544 1447 gesturus
1560 1411 1636 1438 erat

931 1465 1056 1488 annum
1076 1457 1214 1497 juratus
1239 1456 1502 1497 conscripserat,
1528 1458 1635 1488 selecti

930 1506 1158 1545 vocabantur3
1184 1506 1307 1538 Graece
1324 1504 1469 1547 ἔκκριτοι,
1490 1504 1541 1536 καὶ
1556 1505 1633 1538 ἀπό-

926 1560 1047 1593 λεκτοι,
1072 1559 1111 1587 nt
1136 1555 1296 1586 Budaeus.
1341 1555 1386 1586 Et
1402 1555 1481 1596 quia
1502 1565 1632 1587 summa

928 1603 1019 1645 apud
1036 1605 1199 1646 populum
1216 1604 1452 1646 incorruptum
1474 1604 1630 1645 judicum

926 1654 1013 1694 laus,
1028 1654 1107 1686 ideo
1122 1659 1217 1686 recte
1232 1654 1395 1686 Horatius
1408 1665 1524 1686 eorum
1537 1666 1631 1688 max-

927 1703 995 1735 ime
1021 1705 1188 1744 exemplis
1210 1713 1286 1735 sese
1311 1705 1476 1736 monitum
1502 1712 1631 1747 narrat,

927 1763 1070 1795 quorum
1097 1754 1338 1785 anctoritatem
1365 1753 1547 1795 defugeret
1572 1764 1631 1787 ne-

926 1812 991 1834 mo.
1040 1802 1231 1843 Objieiebae]
1265 1803 1357 1835 Ante
1384 1803 1500 1835 oculos
1524 1813 1629 1845 pone·

928 1852 999 1884 bat.

970 1906 1032 1935 124
1047 1904 1100 1936 An
1111 1905 1166 1936 hoc
1177 1903 1390 1944 inhonestum]
1405 1903 1553 1936 Dicebat
1568 1914 1627 1945 pa—

927 1957 992 1994 ter,
1008 1952 1063 1985 Au
1079 1954 1156 1994 hoc,
1171 1956 1236 1985 &c.
1282 1953 1401 1985 Inutile
1411 1953 1523 1994 sactu]
1546 1955 1627 1986 Fuc-

925 2006 991 2034 tum
1015 2009 1115 2035 antea
1135 2003 1292 2035 ediderat
1315 2003 1434 2035 Lamb.
1454 2009 1490 2036 et
1505 2005 1554 2037 sic
1569 2005 1626 2037 ha-

923 2053 1006 2085 bent
1029 2053 1110 2085 libb.
1136 2063 1284 2085 manuss.
1311 2063 1439 2095 omneS,
1455 2063 1529 2087 ‘nec
1555 2055 1626 2087 scio

922 2112 982 2134 cut·
998 2109 1116 2144 postea
1133 2103 1330 2135 mutaverit.
1357 2105 1499 2137 Torrene.

965 2157 978 2184 l
985 2157 1024 2185 25
1035 2155 1170 2194 Flagret
1177 2163 1299 2186 rumore
1306 2155 1385 2186 molo
1392 2155 1498 2197 quum]
1512 2157 1624 2189 Quum

919 2203 1053 2235 laboret
1063 2204 1200 2245 publica
1213 2203 1351 2236 infamia
1363 2205 1418 2237 hic
1429 2210 1532 2248 atque
1546 2208 1622 2238 ille?

918 2253 1016 2294 [Vat.
1031 2255 1145 2286 Palat.
1161 2256 1193 2286 3.
1215 2258 1251 2286 et
1267 2253 1423 2295 Angelic.
1439 2258 1470 2287 1.
1493 2257 1622 2288 addubi-

918 2303 995 2343 tas]

960 2356 1023 2384 126
1038 2354 1159 2385 Aoidos
1173 2353 1324 2393 vicinum]
1341 2353 1441 2385 Adeo
1451 2355 1620 2396 intempe-

919 2407 1047 2437 rantes,
1071 2407 1109 2433 ut
1132 2403 1267 2443 quosvis
1293 2402 1386 2434 cibos
1409 2404 1481 2435 sine
1502 2405 1620 2436 discri-

917 2451 1007 2482 mine
1022 2457 1155 2482 vorent.

959 2502 1020 2531 127
1037 2500 1221 2536 Examinat,
1236 2502 1420 2542 mortisque]
1445 2502 1618 2535 Quemad-

916 2550 1053 2581 modum
1070 2559 1158 2582 mors
1174 2551 1276 2582 vicini
1294 2557 1401 2583 terret
1416 2562 1526 2592 aegros
1548 2555 1618 2585 avi-

916 2600 998 2632 dos:
1022 2601 1093 2640 Sic,
1109 2603 1175 2632 &c.

959 2652 1022 2681 129
1039 2650 1093 2680 Ex
1106 2649 1162 2680 hoc
1176 2649 1249 2690 ego]
1268 2650 1318 2682 Ex
1334 2649 1397 2682 hoc
1414 2655 1511 2691 patre
1526 2653 1616 2694 eJus-

915 2709 980 2741 que
997 2699 1193 2740 praeceptis.

958 2752 1019 2781 130
1043 2747 1234 2788 Perniciem]
1256 2747 1449 2786 Infamiam,
1465 2759 1540 2792 quae
1557 2761 1614 2791 ge·

911 2799 1167 2831 nerosisanimis
1176 2799 1611 2842 etmaguisestipsamorte

911 2848 1170 2882 formidabilior.
1198 2849 1292 2891 Cruq.
