1916 3262
398 280 508 321 1470

397 381 460 412 eho
473 379 576 420 friget
589 380 716 411 Venus.
760 378 922 420 [Guelph.
937 378 1077 418 cadelim]

437 431 457 460 7
481 429 635 469 Cratera]
657 429 713 460 Sic
742 427 821 459 libb.
856 427 940 458 Mss.
963 436 1077 458 ornnes

394 482 514 516 reete;
539 488 602 511 non
623 477 747 509 crateri.
771 477 926 507 Torrent.
984 476 1078 508 Vetus

393 536 450 558 am
474 527 583 567 multo]
604 526 672 558 Ara
683 535 744 566 per
759 525 880 557 multos
886 525 957 566 jam
973 535 1076 557 annos

394 575 457 606 tibi
473 575 638 607 instituta.

435 626 456 654 9
471 624 568 655 Ludit
581 633 672 663 pecus
680 623 780 663 omne]
802 624 950 654 Faunum
963 623 1009 654 rei
1020 632 1078 662 pe-

392 672 514 703 cuariae
531 671 703 712 praet'uisse
715 672 796 703 illud
817 671 975 712 ostendit,
987 671 1075 712 qnod

394 720 484 751 aedes
499 721 570 761 ejus
592 721 709 752 Romae
730 731 772 752 ex
795 720 934 761 pecunia
955 729 1075 760 pecua-

391 770 514 800 riorum
529 770 710 802 multatitia
720 770 797 801 olim
814 773 985 801 exstructa
998 768 1074 800 fuit.

391 819 487 850 Idem
498 819 540 850 de
549 821 643 851 Pane
652 819 790 851 tradunt
800 820 925 857 Graeci,
933 828 1029 860 quem
1039 824 1075 850 et

390 867 506 906 Νόμιον
537 869 614 900 iude
643 874 774 900 vocant.
798 870 937 900 Torrent.
979 869 1075 900 Ludit

388 916 514 947 Iter-boso
519 927 610 958 pecus
618 917 719 958 omne]
732 918 833 950 Quasi
845 917 990 955 pecudes
1001 926 1074 947 sen-

391 965 497 996 tirent
514 966 664 996 Faunum
685 975 780 996 suum
796 975 870 996 esse
889 965 1075 1004 custodem,

390 1012 453 1044 hoc
468 1014 653 1052 praesertim
668 1013 735 1051 die,
750 1022 871 1054 nempe
886 1014 992 1045 Nonis
1008 1014 1074 1044 De-

389 1061 514 1092 cembr.
539 1071 604 1101 quo
626 1067 778 1102 tempore
801 1063 960 1094 Faunalia
983 1063 1074 1093 anni-

389 1109 538 1140 versaria
559 1110 592 1140 in
617 1111 721 1150 pratis
741 1114 777 1142 et
801 1111 902 1151 sylvis
925 1111 1074 1142 celebra-

387 1157 520 1189 bantur.

430 1206 488 1246 [10
510 1206 689 1238 Decembris
704 1206 898 1247 Bamberg.]

430 1258 468 1286 11
494 1256 606 1287 Festus
615 1257 648 1288 ἰιι
659 1256 771 1296 pratis]
793 1257 906 1296 Pagus
915 1259 974 1288 tua
984 1255 1073 1288 festa

385 1302 560 1334 celebrans
572 1308 671 1335 vacat
684 1305 727 1335 ab
739 1314 854 1345 opere.

430 1353 469 1381 12
493 1352 570 1382 Cum
585 1352 656 1383 bove
666 1353 780 1392 pagus]
803 1353 899 1385 Quod
909 1352 1071 1384 Muretus

386 1400 561 1432 annotavit
588 1401 622 1431 in
649 1400 792 1432 vetustis
821 1401 1070 1441 exemplaribus

381 1448 498 1487 parans
520 1449 601 1489 legi,
623 1450 656 1480 id
680 1454 716 1481 et
738 1459 801 1490 ego
823 1450 947 1481 inveni.
992 1451 1070 1482 Dis·

385 1496 489 1535 plicet
517 1501 651 1528 tamen:
675 1502 746 1529 tum
774 1497 862 1538 quod
889 1499 1022 1529 Faunus
1050 1508 1071 1529 a

385 1543 515 1575 Latinis
530 1549 566 1575 et
587 1546 701 1576 Romae
723 1547 854 1577 cultus:
878 1551 979 1587 atque
1000 1547 1068 1578 illie

384 1592 480 1632 pardi
493 1593 594 1624 nulli:
618 1597 689 1625 tum
712 1595 842 1626 Pardus
861 1604 902 1626 eo
917 1600 1069 1636 tempore

385 1650 451 1671 non
483 1641 606 1673 cuitus.
648 1642 736 1673 Vide
765 1647 799 1673 et
837 1644 913 1675 Car.
943 1644 1069 1685 Sigonii

384 1687 619 1720 Emendation.
635 1690 694 1720 lib.
706 1699 731 1721 1.
748 1690 887 1722 Tor-rent.

426 1738 466 1766 13
489 1736 575 1768 Inter
587 1738 715 1769 audaces
737 1738 838 1778 lupus]
859 1738 955 1769 Inter
969 1738 1070 1770 auda-

381 1793 439 1815 ces
464 1793 567 1824 agnos
582 1786 695 1826 lupum
722 1786 779 1817 illo
794 1786 849 1817 die
872 1795 937 1818 uon
959 1791 1070 1818 metu-

383 1837 491 1872 entes,
504 1834 552 1864 tui
567 1835 711 1866 numinis
727 1834 884 1874 praesidio
901 1833 1019 1866 fretos.
1074 1851 1076 1853 ·

426 1884 466 1912 14
492 1882 562 1913 Tibi
575 1883 663 1922 sylva
675 1882 820 1923 frondes]
844 1883 885 1913 In
903 1887 995 1914 tuum
1011 1883 1068 1914 ho-

382 1938 508 1961 norem.
543 1931 739 1971 [Markland
745 1941 782 1962 us
790 1930 923 1962 dubitat
934 1930 975 1962 de
984 1939 1068 1962 voce

379 1978 493 2017 sylem]

424 2028 462 2055 15
486 2025 637 2064 Invisum]
661 2025 766 2064 Cujus
780 2034 884 2068 opere
900 2025 1001 2056 toties
1016 2024 1066 2056 fa-

380 2071 506 2110 tigatus
539 2072 653 2103 ludum
679 2077 716 2103 et
744 2073 848 2103 otium
882 2072 1065 2103 desiderat.

379 2120 504 2151 Tibull.
522 2128 547 2150 1.
565 2122 598 2151 2.
629 2125 637 2138 ‘
651 2119 810 2159 Agricola
838 2120 971 2151 assiduo
997 2121 1064 2160 pri-

380 2177 468 2199 mum
492 2168 632 2199 satiatus
655 2173 767 2199 aratro
790 2169 952 2199 Cantavit
970 2172 1064 2199 certo

380 2217 506 2248 rustica
533 2216 637 2248 verba
663 2217 776 2256 pede!
817 2216 916 2249 Quod
944 2221 954 2235 ‘
970 2221 1063 2249 certo

380 2264 485 2305 pede’
499 2264 594 2303 dicit,
609 2265 642 2295 id
667 2274 798 2306 quoque
815 2265 947 2296 Horatii
961 2265 1062 2296 inter-

379 2313 600 2352 pretationem
616 2313 762 2353 adjuvat.
805 2315 892 2345 Nam
911 2314 991 2344 illud
1005 2318 1062 2355 ter,

380 2361 423 2392 ad
438 2361 533 2402 pedis
548 2361 648 2400 ictus,
662 2370 702 2392 ac
714 2361 901 2392 saltationis
911 2362 980 2392 sive
995 2371 1064 2393 mo-

379 2410 440 2441 dos
476 2410 547 2441 sive
581 2419 736 2442 numeros
762 2409 974 2441 referendum
1002 2414 1063 2442 est.

378 2467 430 2489 ιν.
444 2458 513 2490 Od.
529 2461 559 2490 1.
575 2458 715 2490 Tment.
730 2458 807 2490 Vid.
821 2458 967 2490 Turneb.
982 2467 1062 2491 xxx.

379 2509 411 2537 3.
449 2506 585 2538 Iunium
606 2506 755 2546 pepulisse
772 2505 893 2547 fossor]
915 2505 1063 2538 Invisum

380 2558 520 2595 propter
535 2563 679 2586 annuum
701 2554 861 2594 laborem,
875 2563 973 2595 quem
994 2553 1063 2586 fos-

381 2611 436 2633 sor
454 2604 489 2634 in
510 2607 602 2635 terra
616 2603 760 2634 colenda
774 2603 928 2635 sustinet.
947 2607 1064 2635 terram

376 2651 500 2690 pellere,
534 2652 623 2683 idem
659 2654 763 2693 valet,
794 2652 885 2694 quod
925 2652 1063 2684 saltare.

379 2697 539 2738 [Guelph.
550 2700 710 2741 repulisse]

381 2745 463 2777 Ona
469 2753 546 2779 xxx.
559 2748 760 2787 Διαστολυσὴ.
783 2748 839 2782 An
847 2749 1063 2782 Tartenum.

848 286 987 319 No'rAE
1019 285 1275 318 VARIORUM
1309 287 1359 317 ΙΝ

1166 379 1395 420 Reprehendit
1410 388 1484 410 eum
1504 379 1633 419 jocose.
1648 379 1734 420 quod
1749 388 1806 413 ve-

1166 432 1254 459 teres
1270 428 1421 460 historias
1445 427 1652 466 describens,
1666 437 1706 458 ea
1725 437 1806 468 neg-

1165 476 1261 516 ligat,
1287 486 1361 516 quae
1389 477 1429 507 ad
1455 475 1603 516 jucunde
1631 475 1807 509 vivendum

1165 526 1347 565 pertinent.

1168 574 1330 614 Telephum
1344 574 1472 606 Poiitam
1486 577 1516 605 et
1532 573 1662 605 Horatii
1673 574 1808 605 sodalem

1123 628 1223 653 vocat
1238 622 1360 654 Acron.
1402 623 1553 654 Rivalem
1563 631 1642 653 sane
1655 621 1758 655 fnisse
1772 622 1806 653 in

1124 672 1264 703 amanda
1281 670 1397 713 Lydia,
1412 682 1454 703 ex
1469 682 1493 704 1.
1509 673 1576 704 Od.
1593 675 1646 703 13.
1660 675 1806 704 constat.

1122 719 1306 759 [Diastolice
1322 722 1362 752 ad
1379 722 1542 761 Telephum
1557 721 1721 752 Murenam
1740 720 1809 752 An·

1119 768 1212 806 gurio
1226 769 1404 801 honor-amm
1418 768 1615 808 Bamberg]

1164 819 1181 847 1
1206 817 1258 849 Ab
1273 812 1384 850 [nal-ho
1398 819 1530 860 Codrus]
1550 818 1613 850 Ille
1624 817 1739 858 Argis,
1750 817 1805 849 hie

1122 863 1264 897 Athenis
1282 867 1478 907 imperavit;
1502 870 1538 898 et
1556 866 1691 908 quidem
1706 866 1806 905 Argis

1122 914 1178 944 ille
1194 915 1395 955 primus‚liie
1411 914 1550 946 Athenis
1566 915 1712 947 ultimus.
1742 914 1807 946 Te·

1121 963 1238 1002 lephus
1262 963 1364 1003 igitur
1385 963 1426 994 de
1451 963 1648 995 Graecorum
1663 962 1807 1003 antiqui·

1121 1015 1192 1042 tate
1221 1011 1354 1051 agebat.
1396 1010 1496 1051 Argis
1528 1020 1607 1043 sane
1637 1010 1743 1050 primo
1772 1010 1807 1040 in

1121 1059 1258 1091 Graecia
1267 1060 1422 1099 imperari
1436 1063 1595 1099 coeptum,
1606 1066 1716 1099 neque
1731 1062 1808 1098 post

1122 1107 1266 1139 Codrum
1290 1108 1434 1149 aliquem
1463 1107 1532 1138 illie
1563 1107 1651 1147 regis
1674 1106 1807 1138 nomino

1121 1155 1304 1197 imperasse
1327 1156 1488 1187 invenias.
1530 1156 1585 1187 De
1609 1155 1712 1187 Codri
1727 1163 1807 1186 vero

1119 1209 1229 1236 morte
1252 1205 1405 1237 Justinns
1431 1205 1489 1237 lib.
1505 1213 1546 1236 11.
1561 1208 1598 1236 et
1620 1204 1696 1236 Val.
1712 1203 1807 1235 Max.

1120 1262 1154 1285 v.
1169 1257 1201 1285 6.
1244 1254 1334 1286 Hinc
1349 1253 1359 1272 ‘
1373 1253 1474 1285 Codri
1484 1253 1600 1294 jurgia
1610 1252 1619 1266 ’
1634 1252 1807 1293 poetarum

1119 1302 1288 1334 materies.
1314 1303 1399 1334 Tor-r.
1443 1301 1573 1341 Inacho]
1597 1301 1628 1332 0
1649 1301 1808 1342 Telephe,

1119 1355 1156 1382 tu
1171 1359 1288 1381 narras
1310 1350 1495 1391 (historiam
1509 1349 1709 1389 contexens)
1723 1354 1805 1390 quot

1119 1399 1195 1428 anni
1215 1398 1428 1428 intercedant
1441 1398 1530 1429 inter
1551 1397 1724 1436 Inachum,
1738 1398 1805 1438 pri-

1117 1456 1206 1478 mum
1222 1447 1422 1487 Argivorum
1443 1447 1582 1487 Regem,
1594 1450 1631 1478 et
1647 1446 1804 1486 Codrum,

1116 1497 1267 1527 ultimum
1284 1497 1410 1536 Regem
1425 1495 1691 1528 Atheniensium.

1157 1547 1178 1576 2
1200 1546 1266 1576 Pro
1294 1545 1398 1584 patria
1426 1555 1487 1576 non
1513 1544 1653 1584 timidus]
1674 1544 1803 1577 Codrus

1117 1602 1178 1633 pro
1202 1594 1311 1624 salute
1334 1593 1452 1634 patrioe
1474 1593 1623 1625 habitum
1649 1594 1802 1625 servilem

1117 1642 1266 1680 indutus,
1279 1642 1313 1672 in
1335 1641 1462 1672 medios
1474 1643 1587 1674 hostes
1605 1651 1642 1672 se
1657 1642 1806 1681 immisit,

1117 1692 1155 1720 ut
1170 1689 1359 1729 incognitus
1377 1688 1634 1720 interficeretur.

1158 1739 1177 1767 8
1200 1737 1245 1767 Et
1263 1745 1363 1774 genus
1376 1736 1482 1776 AEaci]
1500 1736 1633 1772 Jovem,
1654 1735 1805 1777 AEaonm,

1117 1784 1269 1824 Peleum,
1286 1785 1460 1822 Achillem,
1477 1785 1654 1826 Pyrrhum,
1667 1787 1732 1818 dte.

1157 1835 1178 1864 4
1201 1833 1296 1864 Sacro
1303 1833 1360 1864 sub
1375 1833 1452 1873 Ilio]
1474 1834 1552 1865 Non
1567 1843 1628 1874 pro
1643 1842 1802 1867 execran-

1116 1882 1161 1913 do
1182 1882 1237 1912 hio
1254 1882 1407 1921 aceipio;
1430 1881 1489 1912 sed
1512 1891 1572 1922 pro
1587 1883 1651 1914 diis
1663 1883 1733 1923 qius
1747 1893 1803 1915 nr-

1116 1927 1167 1960 bis
1198 1930 1396 1961 custodibus
1431 1929 1556 1961 dicato.
1597 1931 1643 1962 Et
1677 1931 1802 1972 alioqui

1116 1977 1206 2017 apud
1223 1982 1364 2013 veteres,
1381 1981 1451 2008 tam
1466 1978 1565 2010 urbes
1587 1979 1680 2019 ipse,
1703 1988 1800 2020 quam

1115 2034 1188 2065 quae
1219 2025 1263 2056 ad
1291 2025 1421 2057 urbium
1451 2026 1638 2057 custodiam
1667 2031 1799 2066 speeta-

1114 2073 1207 2112 bant,
1221 2074 1308 2104 muri
1332 2074 1531 2113 praesertim,
1547 2074 1589 2104 ab
1610 2075 1698 2106 omni
1713 2075 1798 2115 iuju-

1113 2122 1162 2152 ria
1188 2121 1330 2156 defensi,
1357 2122 1447 2152 inter
1469 2131 1564 2152 sacra
1593 2127 1652 2153 ant
1681 2127 1798 2155 saneta
1837 2125 1844 2129 ⁴

1113 2169 1224 2208 potius
1251 2169 1472 2200 habebantur.
1517 2169 1616 2200 Ilium
1640 2179 1734 2210 ergo,
1761 2176 1797 2202 et

1113 2218 1190 2258 quia
1202 2218 1294 2257 urbs,
1310 2219 1320 2235 ⁴
1337 2227 1467 2249 sacrum
1477 2217 1487 2232 ’
1500 2221 1595 2249 recte
1610 2217 1745 2258 dieitur,
1760 2225 1797 2250 et

1112 2267 1277 2307 peculiari
1292 2268 1394 2298 etiam
1406 2267 1545 2306 ratione,
1553 2266 1596 2297 ob
1609 2270 1658 2298 tot
1669 2268 1796 2308 templa

1112 2315 1188 2346 Diis
1214 2314 1455 2346 immortalibus
1481 2314 1558 2345 olim
1583 2314 1651 2346 illic
1679 2323 1796 2346 eonse-

1111 2366 1217 2394 crata.
1250 2362 1390 2393 Torrent-
1432 2361 1526 2393 Sacro
1551 2361 1628 2393 bella
1646 2361 1702 2393 aab
1721 2362 1796 2403 uio]

1111 2411 1180 2442 Sub
1195 2411 1272 2449 Ilio,
1289 2420 1308 2441 a
1325 2410 1400 2442 Diis
1409 2410 1583 2442 instructo.
1625 2409 1715 2442 Vide
1728 2409 1795 2442 Od-

1110 2462 1142 2492 3.
1157 2459 1256 2499 hujus
1271 2459 1360 2490 libri.

1151 2511 1171 2538 5
1197 2508 1265 2543 Quo
1289 2507 1416 2547 Chium]
1448 2506 1543 2538 Inter
1569 2506 1691 2539 (ἔτεσι
1718 2506 1795 2539 vin·

1111 2555 1206 2595 Chio,
1231 2555 1321 2586 inter
1349 2554 1471 2586 Italica
1499 2554 1652 2594 Falerno,
1673 2554 1794 2594 primas

1111 2604 1235 2636 dedere
1251 2604 1408 2636 Romani:
1431 2603 1551 2644 quade
1567 2612 1604 2635 re
1619 2603 1792 2644 Epodax.

1109 2653 1292 2694 Telephum
1308 2653 1379 2694 jam
1394 2653 1428 2684 in
1444 2652 1596 2684 convivio
1611 2661 1713 2693 super
1727 2661 1793 2684 eos·

1110 2711 1187 2733 nam
1199 2702 1302 2733 multa
1324 2701 1366 2732 de
1389 2702 1586 2733 Graecorum
1604 2700 1791 2733 rensuum

1111 2759 1171 2782 suo
1195 2754 1349 2791 tempore
1373 2753 1621 2784 narrantemex
1646 2747 1790 2787 abrupto
