1890 3230
471 286 679 317 imRATu
713 285 991 317 SERMoNuM
1031 284 1122 315 iliu.
1158 285 1207 315 ιι.
1239 275 1282 315 7.
1486 276 1597 318 1753

148 384 215 413 tur.
246 380 386 412 Torrent-

191 433 236 463 97·
259 432 411 463 Contenta
438 429 568 471 poplite]
603 430 737 470 Μίμησις
767 435 819 462 est
835 440 844 468 ;

147 490 224 512 nam
240 480 283 512 ad
299 480 551 512 decertantium
575 487 692 520 gestus
707 479 820 512 refero
834 490 842 510 :

147 536 184 563 et
210 531 374 572 Virgilius
396 531 471 562 AEn.
489 539 528 562 x.
551 532 561 548 ⁸
578 530 740 571 Projecto
763 530 842 561 ‘dum

148 580 235 621 pede
259 581 346 612 laevo
368 579 479 621 Aptat
501 590 537 612 se
555 579 701 621 pngnae.'
733 581 743 597 ‘
762 581 843 612 Pro-

140 631 240 672 jeeto
251 630 260 644 ’
273 630 361 662 enim
379 632 389 647 ‘
404 629 516 671 pede,’
531 631 618 661 idem
632 629 741 662 ferme
754 630 843 672 quod

143 683 285 713 contento
291 680 420 722 poplite,
431 690 490 711 seu
502 681 511 698 ‘
521 679 684 715 extento?
697 685 734 711 ut
749 681 843 719 virg.

146 730 273 771 θεοῖς.
284 739 342 762 ιιι.
354 731 364 748 ⁴
377 731 550 762 Contenta
561 731 696 762 cervice
705 730 845 769 ferunt,'

144 790 209 822 pro
225 782 296 814 alta
312 786 415 822 atque
431 787 560 813 erecta.
597 781 736 812 Vetusti
753 782 844 812 codi-

145 840 202 863 ces
218 831 290 863 fere
303 835 456 864 contemto
471 831 621 869 liabent;
645 831 745 862 male.
770 831 844 862 Tor·-

141 886 223 914 rent.
269 883 422 914 Contenta
436 883 550 922 poplite
565 882 677 922 miror]
703 882 841 913 Gladia-

142 936 234 970 tores
242 932 513 975 pugnantaltero
525 932 655 971 poplite
664 936 841 970 contento,

141 981 250 1013 altero
266 981 390 1013 leviter
406 980 543 1013 inflexo.

186 1034 230 1063 98
255 1032 391 1072 Rubria-«1
415 1032 501 1072 picta
525 1035 580 1063 aut
609 1032 749 1072 carbone,
771 1030 841 1071 ξω]

143 1081 295 1114 Rubrica
325 1088 379 1114 est
409 1087 504 1114 terra
531 1082 627 1114 rubei
655 1083 780 1114 coloris
806 1087 842 1114 et

141 1131 245 1163 minio
262 1131 426 1172 proxima.

185 1183 228 1212 99
251 1181 384 1214 Feriam
399 1182 571 1224 vitentque]
595 1184 679 1215 Cum
701 1183 841 1220 feriunt,

142 1231 280 1272 proprie
303 1231 314 1249 ‘
331 1232 471 1272 petere'
493 1233 675 1264 dicuntur:
700 1243 775 1264 cum
795 1234 842 1264 vi-

141 1284 232 1320 tant,
247 1281 258 1299 ‘
270 1281 455 1314 declinare’
472 1288 531 1314 aut
542 1283 769 1315 declinatione
784 1283 842 1315 de-

139 1329 281 1372 fugere:
302 1332 394 1363 uude
407 1339 442 1363 et
456 1336 465 1351 ⁴
486 1332 696 1374 petitiones?
739 1333 840 1373 Pingi

141 1386 254 1413 autem
277 1381 480 1423 gladiatoria
503 1393 642 1414 munera
663 1383 771 1414 solere
789 1389 841 1414 at-

139 1441 204 1473 que
229 1433 371 1473 proponi
399 1433 544 1474 publice,
560 1434 662 1466 docet
685 1444 744 1465 nos
770 1434 841 1466 Pli-

141 1481 217 1513 nins
235 1491 354 1516 xxxv.
370 1486 403 1515 7.
428 1485 572 1516 Tor-rent.

185 1533 248 1563 100
270 1533 414 1574 Nequam
429 1537 461 1565 et
475 1533 624 1574 cessator]
650 1534 757 1566 Dicor
772 1544 791 1566 a
805 1540 839 1566 te

139 1590 258 1614 servus
275 1592 418 1623 nequam
435 1587 470 1615 et
485 1585 590 1624 piger.

183 1635 244 1664 101
267 1630 385 1674 Audis]
407 1633 558 1666 Callidus
575 1634 712 1666 diceris.

183 1686 246 1716 102
271 1685 329 1715 Nil
343 1694 412 1723 ego,
429 1685 457 1715 si
476 1684 588 1724 ducor]
612 1684 692 1716 Non
707 1685 839 1724 dubito,

141 1734 222 1780 quin
246 1735 311 1766 huc
337 1736 530 1775 respexerit
550 1735 727 1768 Juvenalis
743 1736 839 1767 initio

139 1785 212 1816 Sat.
237 1793 289 1816 xi.
315 1783 476 1816 ‘Atticus
509 1786 634 1816 eximie
660 1786 687 1816 si
713 1791 840 1822 coenat,

139 1834 252 1865 lautus
265 1833 432 1865 liabetur:
452 1834 487 1865 Si
502 1834 662 1874 Rutulus,
678 1834 840 1866 demens.'

139 1884 246 1916 Nulla
262 1884 366 1924 igitur
381 1884 436 1915 hic
454 1885 572 1923 ironia,
595 1885 654 1916 sed
679 1895 722 1917 ex
749 1885 839 1925 vulgi

140 1934 311 1966 sententia
333 1934 505 1976 loquitur:
533 1941 568 1966 et
595 1935 604 1953 ‘
620 1935 839 1975 responsare'

139 1984 229 2017 idem
245 1985 322 2025 erit,
338 1985 426 2027 quod
444 1990 453 2003 ‘
468 1985 700 2026 respondere.’
729 1986 839 2017 Hora-

139 2034 206 2066 tius
227 2039 340 2067 tumen
369 2036 431 2066 lioe
456 2035 560 2067 verbo
582 2036 684 2067 aliter
705 2045 840 2077 semper

139 2085 267 2125 utitur,
290 2090 328 2116 ut
348 2087 358 2104 ‘
374 2095 574 2126 responsare
597 2087 839 2127 cupidinibus:

139 2134 150 2152 ‘
167 2135 307 2176 palato‚'
322 2138 332 2153 ⁴
345 2135 517 2169 fortunae.’
560 2137 681 2168 Lector
698 2137 839 2177 cogitet.

143 2187 285 2220 Tor-rene.
322 2187 383 2219 Nil
395 2198 464 2227 ego,
479 2188 508 2219 εἰ
522 2189 628 2224 ducor,
642 2188 710 2228 ὅμη]
727 2189 763 2220 Si
779 2188 838 2219 libi

138 2238 192 2269 vel
214 2239 383 2279 placemae
400 2247 526 2278 vapore
549 2238 717 2274 delector,
733 2238 839 2268 liomi-

138 2297 214 2318 nem
230 2287 340 2327 nihili,
352 2287 401 2329 (id
415 2291 480 2326 est,
497 2287 618 2317 nullius
637 2285 769 2327 p1·etii,)
786 2297 839 2318 me

139 2336 226 2368 dicis
255 2346 341 2368 esse.
389 2336 461 2368 Tibi
485 2335 613 2376 ingens]
631 2337 682 2367 Tu
703 2337 839 2377 sapiens

140 2391 177 2419 et
191 2386 422 2427 magnanimus
438 2386 586 2425 haberis,
599 2387 626 2417 si
639 2396 752 2418 coenas
767 2387 838 2427 opi-

139 2446 241 2477 paras
255 2441 464 2468 contemnas.
509 2437 572 2467 Est
586 2436 713 2468 Ironia.
750 2438 838 2468 Nam

139 2487 240 2518 herus
266 2497 346 2519 suus
369 2491 438 2519 tam
461 2487 648 2519 imbecillus
664 2493 700 2519 et
716 2489 839 2520 nullius

140 2537 278 2569 virtutis
301 2537 380 2577 fuit,
405 2541 445 2569 ut
466 2546 581 2569 coenas
606 2538 736 2578 opimas
760 2547 856 2570 con-¹

140 2591 296 2619 temnere
311 2597 378 2619 non
396 2588 560 2628 potuerit.

184 2640 246 2670 104
287 2638 474 2679 Obsequium
499 2639 633 2680 ventris]
679 2639 839 2671 Luxuria.

141 2686 358 2719 Penio-iosias
372 2686 432 2727 est]
455 2686 542 2718 Mihi
564 2697 663 2728 quam
684 2687 746 2719 tibi
762 2698 840 2729 per-

140 2736 314 2768 niciosins.

187 2789 248 2818 105
284 2786 384 2826 Ter-go
411 2786 528 2826 plector
555 2786 652 2827 enim]
690 2786 838 2827 Vapulo.

145 2835 209 2872 Qui
219 2839 255 2868 tu
263 2835 461 2877 impunitior]
484 2836 539 2868 Sic
550 2835 628 2868 libri
639 2836 745 2868 nostri
755 2837 840 2869 Mss-

899 389 1016 412 omnes
1032 380 1126 412 nulla
1150 379 1349 418 mutatione,
1370 378 1431 410 nisi
1455 379 1545 420 quod
1563 378 1596 410 in

898 429 1043 470 duobus,
1075 438 1190 461 versus
1217 438 1363 471 sequens
1384 429 1434 461 sic
1462 429 1597 470 legitur,

899 481 979 516 Quoe
990 489 1088 521 parvo
1103 480 1184 512 sumi
1208 483 1362 521 nequeunt
1384 479 1507 511 obsonia
1527 489 1598 519 cap-

895 528 974 562 tas?
1015 531 1055 562 ln
1084 540 1149 561 uno
1172 534 1339 571 praeterea
1362 529 1442 565 Qnae
1459 539 1515 570 pro
1542 539 1598 560 ‹iu-

896 590 944 620 ro,
960 589 1025 611 non
1044 580 1124 616 Quoe
1136 589 1244 620 parvo.
1265 580 1424 610 Torrent.

942 633 1005 661 106
1030 630 1111 666 Quae
1124 640 1221 670 parvo
1234 629 1316 661 sumi
1328 628 1494 670 nequeunt]
1511 629 1596 662 Quoe

899 691 1022 721 magno
1037 685 1207 713 constant.

942 735 1003 764 107
1048 733 1282 764 lnamarescunt
1323 731 1435 773 epulae]
1477 732 1597 772 Epulae

898 793 963 814 non
980 784 1131 823 sapiunt,
1146 785 1198 815 vel
1223 787 1359 814 ructum
1380 782 1514 813 acidum
1540 791 1597 822 ge·

898 836 1031 864 nerant.
1078 831 1155 863 Sine
1159 832 1231 873 fine
1240 833 1365 873 petita]
1386 832 1471 864 Quae
1483 832 1598 862 immo-

895 882 1014 914 derate
1032 888 1254 923 appetuntur.

939 934 1002 964 108
1025 932 1177 973 Illusique
1191 931 1298 973 pedes]
1322 931 1464 972 Illisique
1484 932 1598 971 legen-

896 982 975 1013 dum
999 992 1086 1018 esse,
1114 981 1293 1014 contendit
1316 982 1410 1014 Guil.
1428 982 1596 1014 Canterus

896 1041 946 1064 v1.
972 1035 1025 1064 30.
1070 1033 1221 1073 Illusique
1240 1026 1345 1074 pedes]
1370 1032 1484 1064 Pedes
1507 1031 1599 1064 frau-

896 1082 967 1114 dati
994 1083 1083 1115 bono
1103 1084 1263 1115 alimento
1289 1088 1432 1124 propter
1454 1083 1596 1115 inconti-

896 1132 1045 1164 nentiam
1062 1133 1097 1165 in
1120 1136 1214 1166 victu
1239 1139 1410 1174 recusant,
1426 1136 1491 1166 ὄις.
1541 1133 1597 1165 Vi-

896 1183 1024 1226 tiosum]
1047 1184 1179 1225 Corpus
1195 1183 1400 1216 morbosum.

940 1237 1003 1266 109
1025 1234 1092 1266 Sub
1115 1238 1234 1266 noctem
1249 1235 1314 1276 qui,
1328 1236 1381 1275 ᾄο.
1385 1236 1398 1276 ]
1420 1235 1595 1266 Peccatne

897 1294 994 1325 puer,
1023 1285 1081 1326 qui
1111 1285 1172 1317 sub
1203 1291 1336 1318 noctem
1366 1285 1448 1318 data
1473 1286 1595 1326 strigili

895 1333 1020 1367 furtiva
1036 1346 1134 1367 uvam
1151 1336 1304 1377 accipit?

938 1387 998 1416 111
1026 1386 1255 1427 Guloeparens]
1277 1386 1375 1418 Gulae
1389 1387 1554 1418 serviens.

937 1438 1001 1467 112
1028 1436 1103 1467 Non
1139 1436 1246 1468 horam
1279 1437 1395 1478 tecum]
1434 1435 1597 1468 Ostendit

894 1485 1010 1517 herum
1035 1495 1070 1517 se
1099 1487 1205 1518 multo
1229 1487 1341 1528 puniri
1369 1486 1537 1525 acerbius,
1558 1490 1596 1517 ut

895 1537 950 1577 qui
968 1546 1035 1567 non
1061 1546 1204 1577 corpore
1227 1536 1341 1575 modo,
1356 1536 1415 1567 sed
1431 1537 1533 1567 etiam
1549 1537 1596 1568 la-

895 1586 993 1618 boret
1005 1587 1130 1618 animo.
1151 1588 1247 1628 (ἶνας.
1281 1587 1352 1618 Non
1364 1587 1469 1618 horam
1480 1587 1595 1627 tecum]

893 1635 992 1666 Adeo
1001 1644 1036 1666 es
1045 1636 1251 1674 inconstans,
1262 1637 1340 1666 etin
1353 1637 1447 1666 varia
1457 1635 1598 1667 distrac-

893 1691 960 1716 tus.
984 1685 1095 1724 Recte,
1104 1684 1174 1724 ξω]
1187 1684 1228 1715 In
1244 1693 1280 1715 re
1294 1685 1382 1715 seria
1396 1689 1431 1716 et
1441 1685 1595 1717 honesta.

896 1735 969 1765 Non
995 1735 1102 1766 horam
1127 1737 1229 1765 tecum
1256 1743 1321 1765 esse
1340 1737 1439 1774 potes,
1457 1744 1516 1765 non
1531 1735 1596 1766 otia

894 1788 976 1817 recte
995 1785 1134 1816 Ponere:
1159 1788 1247 1824 teque
1262 1786 1363 1825 ipsum
1385 1784 1597 1824 titasfugili-

893 1845 949 1866 vus
970 1839 1000 1867 et
1021 1844 1104 1875 erro,
1123 1834 1192 1875 esen]
1216 1835 1393 1874 Fugitivus
1414 1835 1441 1866 is
1458 1839 1523 1874 est,
1538 1836 1595 1876 qui

895 1885 1007 1916 animo
1034 1895 1099 1916 non
1117 1884 1313 1916 revertendi
1336 1883 1483 1926 fugerit:
1511 1885 1595 1916 Erro

895 1939 1008 1967 autem
1022 1936 1031 1953 ‘
1045 1935 1102 1977 qui
1119 1944 1184 1966 non
1202 1934 1339 1976 quidem
1354 1934 1467 1976 fugit,'
1479 1935 1596 1976 Ulpia-

894 1985 929 2016 ni
954 1985 1058 2017 verba
1083 1993 1176 2024 sunt,
1196 1986 1206 2002 ⁴
1221 1985 1280 2016 sed
1308 1983 1508 2027 frequenter
1523 1986 1594 2017 sine

894 2044 1017 2066 caussa
1035 2041 1190 2076 vagatur,
1205 2039 1241 2066 et
1265 2035 1474 2075 temporibus
1490 2035 1523 2066 in
1539 2045 1594 2066 res

894 2085 1090 2126 nugatorias
1103 2085 1324 2125 consumptis,
1341 2086 1447 2116 serius
1458 2086 1594 2117 domum

894 2135 1008 2167 redit.'
1054 2136 1167 2168 Quum
1194 2145 1277 2175 ergo
1301 2136 1383 2167 dicit
1406 2136 1594 2167 Horatius:

895 2186 968 2216 Non
982 2186 1090 2217 horum
1111 2189 1209 2216 tecum
1224 2194 1289 2216 esse
1301 2188 1399 2225 potes,
1414 2184 1458 2216 de
1478 2184 1595 2225 fugiti-

894 2244 948 2274 vo,
975 2235 1032 2276 qui
1058 2235 1171 2266 animo
1199 2244 1265 2265 non
1297 2235 1489 2266 revertendi
1516 2245 1535 2266 a
1559 2245 1594 2266 se

893 2286 1039 2316 exierat:
1065 2295 1126 2316 non
1141 2285 1206 2316 otia
1227 2287 1309 2315 recte
1325 2285 1459 2326 Ponere,
1472 2285 1515 2316 de
1533 2285 1595 2317 Er·

895 2344 974 2366 rone
990 2334 1087 2365 dixit.
1110 2334 1264 2372 Rutgers.

937 2388 998 2416 113
1025 2385 1124 2425 Teque
1151 2383 1266 2424 ipsum]
1294 2383 1344 2414 Τιι
1372 2383 1519 2424 teipsum
1541 2383 1594 2416 fu·

894 2435 957 2475 gis,
981 2438 1092 2466 tecum
1119 2443 1264 2475 pugnas,
1291 2443 1326 2464 es
1357 2442 1508 2473 praesens
1535 2435 1594 2465 ab·

894 2494 982 2516 sens.
1027 2484 1197 2524 fugitivus
1218 2487 1250 2515 et
1265 2483 1351 2524 erro]
1372 2484 1481 2515 Vetus
1505 2484 1592 2516 liaud

893 2534 995 2566 dubie
1018 2535 1202 2575 scriptura,
1218 2543 1317 2575 quam
1336 2542 1473 2574 sequor.
1518 2533 1594 2565 Dif-

893 2584 1008 2616 ferunt
1024 2585 1111 2616 enim
1121 2583 1286 2624 fugitivus
1295 2589 1330 2614 et
1344 2593 1424 2623 erro,
1438 2583 1488 2615 ita
1503 2584 1595 2616 inter

893 2646 1009 2668 servos
1024 2636 1226 2676 comparati,
1242 2639 1280 2666 ut
1294 2635 1384 2666 inter
1398 2635 1527 2679 milites
1542 2637 1594 2667 de-

891 2689 994 2718 sertor
1019 2691 1056 2717 et
1082 2694 1232 2717 emansor.
1278 2684 1457 2717 Quomodo
1481 2689 1592 2716 autem

893 2736 967 2777 quis
984 2736 1130 2776 seipsum
1146 2733 1268 2775 fugiat,
1280 2743 1321 2765 ιι.
1337 2734 1406 2766 Od.
1426 2737 1476 2766 16.
1489 2744 1592 2767 anno-

893 2786 1049 2817 tavimus.
1083 2785 1224 2817 Tor-rent.
1272 2785 1315 2815 Ut
1339 2784 1424 2826 erro]
1451 2784 1499 2816 Ut
1520 2794 1591 2815 ser-

894 2846 956 2869 vus
972 2835 1203 2878 vagabundus,
1219 2834 1400 2876 aliquando
1427 2834 1468 2867 ad
1485 2834 1592 2866 domi-
