1930 3204
476 276 689 308 uonA'rn
722 276 1000 308 SERMONUM
1037 276 1133 307 ms.
1165 277 1198 307 1.
1227 266 1268 306 5.

196 373 239 402 28
268 370 376 411 Βοιαὶ]
413 368 596 402 Verberat.
645 368 768 404 Quarta
799 367 855 399 nix

153 421 291 462 demum]
319 420 561 462 Conqueritur,
588 419 652 451 sibi
682 418 856 459 negligen-

154 471 206 501 tia
219 474 335 502 nautae
363 469 498 502 tertiam
525 469 594 501 diei
617 471 748 509 partem
765 478 853 509 prae-

154 519 299 552 teriisse.
324 521 423 561 Cruq.
466 518 662 560 exponimur
672 518 765 560 hora]
788 519 855 550 Ex·

152 569 311 610 ponimur
336 580 357 601 a
382 579 481 608 nave,
506 569 542 600 id
563 573 630 608 est,
650 567 852 601 transfreta-

154 628 242 651 mur.

194 671 239 701 24
259 667 423 709 Lavinius]
445 667 560 700 Possit
582 666 617 698 id
644 666 782 708 quidem
808 667 851 699 ad

152 726 311 750 mannum
327 717 488 750 lotionem
510 715 644 756 referri,
666 721 851 758 antequam

150 767 305 806 pransuri
329 776 373 798 ex
395 766 519 798 itinere
543 765 799 806 accumberent,
813 770 852 798 ut

151 816 240 848 velle
261 816 399 848 videtur
424 816 615 856 interpres3
638 825 703 856 ego
734 820 849 848 tamen

149 865 322 906 religionis
334 865 445 906 potius
456 874 576 897 caussa
587 865 717 898 factum
733 866 850 898 existi-

146 923 215 946 mo.
274 915 364 947 Nam
389 913 503 948 fontes
526 925 643 947 omnes
674 920 714 949 ut
735 926 850 949 sacros

146 965 418 1005 venerabantur;
451 966 698 1007 purificationis
734 977 851 1001 caussa

147 1013 398 1054 abluebantur3
423 1025 444 1047 a
462 1015 584 1057 quade
601 1025 637 1048 re
653 1017 780 1059 aliquid
792 1018 850 1050 lib.

147 1071 191 1094 n.
205 1063 279 1095 Sat.
293 1065 324 1096 3.
366 1066 376 1082 ‘
394 1065 513 1097 Lautis
530 1075 628 1097 mane
649 1075 755 1098 senex
779 1077 850 1098 ma-

147 1112 271 1145 nibus-³
314 1114 359 1146 Et
377 1114 514 1146 Servius
535 1115 571 1147 in
594 1115 677 1147 illud
694 1117 849 1158 Virgilii:

149 1163 159 1180 ‘
176 1163 299 1195 Donec
322 1173 376 1195 me
404 1163 544 1196 flumine
571 1165 651 1197 vivo
675 1165 851 1198 Abluero.'

148 1212 240 1244 Vide
267 1213 415 1245 Turneb.
441 1224 468 1246 1.
492 1217 546 1246 29.
571 1215 724 1256 Feronia]
755 1216 851 1248 Fero-

146 1262 214 1302 nia,
227 1262 271 1295 de
286 1273 352 1305 qna
361 1264 415 1296 bic
433 1263 610 1304 Horatius,
625 1270 661 1297 et
673 1267 762 1297 Deae
779 1265 852 1296 sive

147 1312 334 1354 Nympbae,
350 1318 386 1345 et
400 1313 484 1350 fani,
509 1318 545 1346 et
567 1313 686 1355 fontis,
701 1319 736 1346 et
746 1315 851 1356 juxta

145 1361 277 1394 fontem
302 1363 368 1395 luci
396 1373 517 1395 nomen
542 1367 610 1404 est,
635 1363 744 1395 tribus
760 1373 793 1396 P.
810 1373 851 1395 Μ.

145 1411 276 1444 distans
298 1423 318 1444 a
339 1413 544 1452 Tarracina3
567 1414 635 1445 loci
651 1413 850 1454 propinqui·

146 1468 253 1496 tatem
270 1464 423 1496 ostendit
444 1465 584 1496 Tacitus
607 1464 666 1496 lib.
683 1474 733 1496 iv.
756 1464 850 1496 Hist.

143 1513 196 1544 hin
210 1514 322 1546 verbis
336 1524 345 1545 z
363 1514 373 1532 ⁸
387 1514 427 1546 1..
440 1514 613 1550 Vitellius,
626 1513 746 1554 positis
758 1513 848 1554 apud

142 1562 321 1595 Feroniam
344 1563 480 1603 castris,
502 1562 638 1594 excidio
652 1563 846 1595 Tarracinae

143 1611 368 1652 imminebat:
397 1617 435 1643 et
464 1612 539 1652 ipse
563 1611 663 1652 Virg.
692 1615 847 1643 extremo

142 1661 203 1694 lib.
221 1670 275 1694 vr.
309 1664 320 1682 ‘
337 1662 444 1696 Queis
457 1661 598 1703 Jupiter
614 1660 776 1692 Anxurus
793 1670 845 1692 ar-

142 1711 195 1743 vis
210 1711 396 1750 Praesidet,
413 1715 450 1742 et
463 1710 564 1741 viridi
580 1710 729 1750 gaudens
743 1710 847 1741 Fero-

142 1759 201 1791 nia
211 1760 313 1792 luco?
358 1759 487 1791 Eadem
502 1768 584 1790 vero
601 1758 746 1789 Feronia
761 1759 846 1789 alte-

143 1818 183 1840 ro
198 1818 334 1850 quoque
346 1808 476 1840 celebri
490 1808 601 1839 Italiae
617 1808 693 1839 loco
709 1807 847 1838 coleba-

145 1863 216 1898 tur,
229 1863 332 1900 atque
347 1858 471 1890 ibidem
488 1867 612 1889 nomen
636 1857 739 1888 etiam
757 1857 848 1889 urbis

146 1911 244 1946 erat;
266 1916 391 1948 nempe
418 1907 451 1938 in
474 1907 622 1947 Sabinis,
645 1910 704 1938 aut
726 1907 761 1938 in
784 1907 848 1938 Fa·

143 1956 249 1997 liscis,
276 1961 317 1988 ut
345 1956 404 1988 alii
431 1957 573 1989 malunt.
617 1956 784 1997 Superest
809 1960 848 1988 ut

145 2015 302 2049 quoenam
310 2006 368 2038 illa
377 2007 454 2038 Dea
466 2005 570 2038 fuerit
579 2010 676 2038 tanta
684 2006 848 2047 religione

102 2063 106 2067 ·
145 2057 255 2097 culta,
281 2056 464 2088 videamus.
510 2056 555 2088 Et
583 2056 680 2096 Virg.
710 2055 846 2096 quidem

145 2107 383 2148 cognationem
406 2106 552 2148 aliquam
580 2106 673 2137 inter
698 2105 784 2137 lianc
811 2110 847 2137 et

143 2156 267 2189 Jovem
282 2156 474 2195 Anxumm,
494 2156 565 2187 sive
581 2155 761 2186 Anxurem
777 2164 845 2186 ma·

143 2206 206 2243 vis.
218 2206 427 2238 constituere
442 2205 588 2237 videtur.
599 2213 699 2246 quam
710 2204 754 2235 ob
767 2213 844 2235 cau—

143 2263 226 2298 sam,
255 2261 350 2296 puto,
379 2255 518 2287 Servius
539 2254 713 2287 ‘Junonem
738 2252 844 2286 fuisse

144 2305 230 2345 vult,
252 2310 291 2337 et
315 2304 451 2346 quidem
475 2304 654 2344 virginem,
679 2308 718 2335 ut
734 2308 769 2335 et
784 2304 845 2336 Jo-

144 2362 222 2386 vem
245 2354 396 2386 Anxuris
421 2353 557 2384 nomine
583 2353 764 2392 insignem,
785 2353 846 2384 im·

143 2403 285 2436 berbem
311 2402 435 2441 adhuc,
461 2403 556 2442 quasi
583 2400 656 2431 ἄνευ
683 2401 783 2441 ξυροῦ,
811 2401 846 2432 id

145 2459 212 2495 ert,
221 2454 382 2485 mamm
395 2455 564 2493 expertem,
577 2461 644 2493 quo
657 2453 764 2484 sorori
780 2453 846 2484 vir·

147 2502 218 2543 gini
236 2502 342 2543 magis
370 2501 552 2533 arrideret.
599 2501 742 2532 Feronia
765 2511 845 2543 ergo

146 2546 231 2583 nibil
246 2550 340 2582 alind
355 2559 455 2592 quam
480 2554 573 2581 terra
595 2555 662 2590 est,
677 2554 736 2582 ant
750 2555 846 2583 certe

148 2605 265 2642 terrae,
280 2600 346 2640 vel,
368 2604 408 2631 ut
434 2599 492 2630 alii
516 2599 648 2640 volunt,
672 2609 846 2633 nemorum

148 2651 226 2689 dea,
241 2648 424 2682 aferendis
446 2647 600 2690 frugibus
621 2653 724 2690 atque
746 2649 846 2682 arbo-

148 2700 242 2732 ribus
267 2699 360 2732 dicta
389 2698 544 2731 Feronia.
589 2699 689 2730 Unde
719 2699 844 2732 Silius:

146 2750 157 2766 ‘
174 2749 282 2780 Dives
297 2748 356 2780 ubi
371 2753 451 2780 ante
468 2757 582 2779 omnes
599 2748 723 2780 colitur
744 2749 846 2781 Fero-

148 2800 205 2831 nia
220 2799 319 2832 luco.’
363 2798 440 2831 Hoc
458 2807 538 2830 vero
553 2798 736 2831 notandum
756 2800 846 2841 quod

1492 267 1604 309 1631

905 369 1042 400 Servius
1062 369 1134 401 AEn.
1158 377 1238 402 vm.
1255 368 1475 402 Libertorum
1500 368 1605 400 fuisse

904 417 1003 450 deam
1019 423 1148 456 narrat,
1163 419 1197 451 in
1210 419 1306 460 cnjus
1317 419 1443 460 templo
1459 428 1535 450 raso
1550 428 1614 455 car

903 468 977 508 pite
987 467 1112 509 pileum
1127 468 1353 510 accipiebant.
1375 468 1476 500 Unde
1489 467 1606 500 Plaut.

905 517 1070 559 Amphyt.
1113 518 1123 535 ‘
1139 518 1242 552 Quod
1269 518 1398 550 utinam
1434 518 1492 550 ille
1517 517 1607 550 faxit

901 567 1054 608 Jupiter,
1071 572 1109 600 ut
1124 577 1189 609 ego
1206 568 1306 600 hodie
1317 578 1394 600 raso
1409 568 1522 609 capite
1537 568 1607 600 cal-

902 627 964 648 vus
984 617 1119 658 capiam
1145 619 1296 658 pileum.’
1318 620 1462 650 Torrent-
1508 618 1607 650 Fero·

901 666 955 698 nia
969 667 1109 708 lympha]
1131 667 1354 710 Apostrophe
1369 674 1422 700 est
1437 668 1478 699 ad
1502 669 1606 699 Fero-

901 715 992 748 utam
1023 718 1145 758 Deam,
1182 727 1225 749 ex
1255 719 1352 759 cujus
1386 727 1484 749 sacro
1512 717 1607 749 fonte

901 770 1039 806 sumpta
1065 775 1164 807 aqua,
1193 775 1313 797 manns
1342 770 1379 798 et
1405 776 1466 798 ora
1489 766 1606 798 ablue-

902 815 987 848 bant
1002 816 1183 857 prandium
1199 817 1376 857 sumpturi.

943 869 984 898 25
999 866 1169 907 Repimus]
1192 866 1333 898 Habent
1346 866 1483 898 codices
1500 867 1606 899 Blan-

901 916 972 948 din.
1002 917 1100 949 Buslz
1134 917 1242 949 Mart.
1276 918 1415 958 reliqui,
1441 919 1604 959 repsimus.

900 965 989 998 Vide
1013 966 1162 998 Turneb.
1184 976 1210 999 1.
1225 969 1280 998 29.
1325 967 1487 1007 Repimus,
1511 971 1603 1008 atque

899 1015 1052 1056 subimus]
1089 1016 1199 1047 Lente
1226 1016 1436 1048 ambulamus
1463 1023 1605 1057 propter

899 1066 967 1097 loci
991 1065 1225 1098 acclivitatem
1247 1070 1284 1097 et
1305 1066 1470 1098 stomachi
1495 1067 1606 1107 reple-

899 1115 1038 1147 tionem.

943 1167 987 1196 26
1018 1164 1148 1206 Anxur]
1204 1166 1416 1206 Pomponius
1459 1165 1606 1197 Sabinus

901 1214 1100 1245 Volscorum
1114 1215 1230 1255 lingua
1243 1216 1366 1248 Jovetn
1382 1216 1496 1247 vocari
1509 1217 1518 1234 ‘
1533 1216 1605 1247 An-

901 1263 1039 1295 xurem’
1065 1265 1184 1306 tradit,
1204 1275 1224 1296 a
1246 1275 1313 1306 quo
1337 1270 1374 1297 et
1395 1265 1523 1306 oppido
1545 1275 1606 1298 no·

901 1323 993 1352 men,
1015 1314 1104 1355 qnod
1129 1320 1207 1346 ante
1230 1316 1274 1346 ab
1293 1315 1479 1356 asperitate
1501 1316 1606 1347 ‘Tra-

901 1362 1019 1395 china'
1036 1363 1228 1403 dicebatur,
1243 1373 1333 1396 nunc
1349 1368 1511 1405 corrupte
1527 1365 1605 1395 Tar-

899 1414 1028 1450 rucina;
1050 1414 1115 1446 hoc
1132 1419 1186 1445 est
1202 1423 1284 1455 ergo
1298 1413 1387 1454 quod
1404 1414 1414 1431 ⁴
1431 1414 1522 1445 saxis
1535 1414 1604 1445 late

900 1462 1124 1495 candentibus
1153 1463 1369 1504 impositum’
1406 1464 1456 1495 ait
1492 1463 1604 1495 Hora-

899 1511 988 1550 tius3
1013 1512 1022 1529 ‘
1041 1512 1152 1543 saxis’
1179 1512 1223 1542 ob
1250 1513 1486 1552 asperitatem,
1505 1513 1517 1530 ‘
1534 1513 1603 1545 late

898 1560 1143 1592 candentibus’
1173 1561 1217 1593 ob
1247 1562 1333 1593 situs
1365 1562 1601 1594 altitudinem:

897 1610 987 1642 sicut
1003 1615 1040 1643 et
1057 1611 1164 1643 Mart.
1179 1621 1214 1643 v.
1232 1614 1262 1642 1.
1286 1611 1295 1628 ‘
1311 1611 1391 1643 Sive
1415 1611 1603 1644 salutiferis

897 1660 1061 1692 candidus
1077 1659 1199 1691 Anxur
1216 1661 1335 1701 aquis.'
1379 1662 1425 1692 Et
1446 1661 1602 1693 fortassis

896 1709 990 1739 Axur
1003 1709 1222 1740 scribendum
1239 1719 1300 1750 pro
1322 1710 1395 1749 ipso
1418 1710 1523 1741 etiam
1542 1720 1604 1751 op·

898 1757 970 1798 pidi
996 1758 1145 1799 nomine,
1171 1762 1211 1789 ut
1236 1764 1273 1790 et
1297 1759 1306 1774 ‘
1326 1758 1481 1790 Axurus’
1510 1760 1602 1800 apud

898 1807 996 1847 Virg.
1023 1807 1067 1838 ab
1090 1819 1111 1838 α
1137 1808 1307 1849 privativo
1330 1813 1365 1839 et
1388 1808 1486 1848 ξυρὸς,
1509 1809 1601 1850 quod

898 1865 980 1888 sane
992 1857 1118 1889 malim.
1139 1859 1149 1875 ‘
1163 1858 1349 1889 Terracina
1360 1857 1370 1871 '
1380 1868 1601 1900 quoque‚non

898 1910 908 1923 ⁴
923 1906 1130 1943 Tarracina:
1152 1907 1186 1938 in
1210 1908 1356 1939 vetustis
1377 1907 1452 1939 fere
1476 1908 1602 1940 codici-

897 1954 960 1987 bus
975 1956 1126 1997 repperi,
1138 1960 1176 1988 ut
1192 1960 1227 1988 et
1243 1957 1252 1974 ‘
1266 1956 1476 1989 Terracena'
1494 1958 1528 1988 in
1546 1967 1602 1989 ve·

899 2006 966 2037 teri
981 2015 1163 2038 marmore.
1189 2007 1277 2038 Torr.
1322 2007 1453 2048 Anxur]
1470 2007 1602 2048 Anxur,

898 2055 1102 2087 Volscorum
1131 2057 1310 2097 oppidum,
1340 2058 1536 2097 prominens
1566 2059 1600 2089 in

897 2114 1002 2138 mare.
1023 2106 1135 2147 [Vatt.
1151 2110 1183 2138 5.
1200 2109 1252 2138 1⁰.
1270 2109 1325 2138 13.
1340 2108 1402 2139 late
1413 2107 1530 2148 saxia]

939 2158 980 2187 27
1003 2157 1163 2188 Moecenos
1183 2157 1327 2198 optimus,
1341 2157 1448 2198 utque]
1473 2158 1599 2189 Vetus-

896 2206 1002 2237 tiores
1018 2206 1097 2238 libri
1114 2208 1164 2239 sic
1186 2207 1414 2248 distinguunt,
1429 2208 1600 2248 Maecenas,

894 2257 1027 2297 optimus
1055 2261 1147 2298 utque
1176 2258 1332 2291 Cocceius.
1377 2259 1458 2290 Fuit
1487 2264 1599 2290 autem

898 2306 1048 2338 Cocceius
1079 2308 1188 2338 Nerva
1217 2307 1500 2348 Jurisconsuhus,
1527 2308 1599 2339 Au-

896 2359 997 2393 gusto
1020 2355 1222 2386 carissimus.
1267 2357 1371 2387 Hunc
1395 2356 1439 2387 ad
1462 2366 1598 2397 compo⁴

896 2401 1009 2433 nenda
1040 2403 1186 2434 Caesaris
1217 2409 1253 2436 et
1282 2404 1423 2436 Antonii
1458 2405 1598 2437 dissidia

895 2451 1033 2484 missum
1049 2453 1098 2484 ait
1114 2453 1238 2486 Horat.
1269 2455 1414 2486 Torreat.

938 2504 981 2534 28
1001 2502 1106 2543 Atque
1124 2503 1284 2544 Cocceius]
1314 2504 1598 2544 Jurisconsultus‚

895 2561 995 2593 quem
1025 2553 1077 2582 M.
1104 2551 1274 2583 Antonius
1296 2553 1438 2584 miserat
1462 2553 1504 2584 ad
1529 2553 1600 2585 Au·

895 2605 1045 2642 gustum.
1068 2601 1117 2642 [V
1119 2606 1166 2632 at.
1181 2604 1214 2632 9.
1229 2603 1267 2632 de
1282 2602 1405 2641 magnis
1417 2601 1534 2642 rebus]

938 2653 981 2682 29
1003 2650 1136 2681 Aversos
1161 2649 1247 2681 soliti
1267 2660 1444 2691 componere
1465 2652 1596 2694 amicos]

895 2700 1033 2733 Amicos
1052 2700 1256 2732 dissidentes
1275 2701 1426 2741 placare.

938 2754 980 2783 30
1005 2750 1145 2791 Collyria
1167 2750 1280 2791 lippus,
1296 2750 1370 2791 εμπ]
1392 2750 1595 2792 Κολλούριον,

894 2805 954 2833 aut
965 2798 1138 2842 κολλύριον,
1150 2799 1211 2831 ἀπὸ
1225 2801 1282 2832 τοῦ
1296 2799 1428 2833 κωλύειν
1438 2800 1494 2833 τὸν
1508 2802 1595 2843 ῥοῦν,
