1916 3262
485 306 695 339 HoRA'rn
727 306 1002 338 CARMINUM
1039 306 1134 338 mn.
1166 307 1221 338 11.
1251 287 1322 338 19.

209 405 249 434 31
275 403 402 444 Manet]
424 403 597 443 Expectat
611 399 766 432 divitem.

210 455 252 485 32
278 453 365 490 Quia
385 454 470 485 ultra
494 450 610 491 tendis]
646 449 737 483 Quid
768 450 867 491 plura

167 513 210 535 cu
239 503 293 536 is?

209 513 251 586 2¹1)ss
275 552 476 594 Roezuditar]
521 553 628 585 Terra
659 550 806 592 pauperi
829 554 868 582 et

168 603 310 645 regibus
346 604 500 646 aperitur
531 601 731 644 aequaliter:
760 601 811 632 sic
840 610 867 633 ι.

168 654 239 686 ΟΔ.
253 656 309 687 2⁷.

159 721 162 724 ·
210 707 254 736 8⁴
274 704 455 745 Rectum&
471 703 593 745 pneris]
628 702 718 735 vide
745 712 773 736 1.
797 702 867 735 Otl.

165 757 218 786 12.
261 755 396 787 ,satelles
411 753 504 795 Ores]
519 752 702 786 Lambinus
719 754 868 786 Charon·

165 809 234 836 tem
268 804 529 845 interpretatur,
565 814 586 835 a
614 813 681 846 quo
707 803 871 836 dissentit

165 855 350 896 Cruquins‚
365 855 423 897 qui
446 854 501 887 bic
517 861 661 888 mortem
678 856 752 887 vult
767 855 868 887 intel-

162 904 234 946 ligi,
249 905 327 947 quia
343 906 416 938 liaec
429 911 628 948 congregat,
652 907 726 939 haec
743 907 870 939 militat

163 955 278 988 Orco:
302 957 398 988 vivus
419 958 512 989 euim
536 967 604 990 non
627 958 767 990 invocat
782 958 869 990 Cha-

162 1010 296 1038 rontem
333 1011 395 1039 aut
431 1008 566 1040 metuit.
612 1008 748 1040 Satelles
777 1008 871 1050 Orci]

165 1056 316 1097 Charon,
325 1057 382 1099 qui
397 1058 527 1090 animas
542 1058 666 1100 cymba
683 1067 745 1090 sua
759 1063 870 1091 traus-

166 1110 284 1138 vectas
298 1117 472 1149 nunquam
489 1109 641 1142 revehet.

207 1158 248 1188 8⁵
275 1157 432 1189 Callidum
449 1158 654 1200 Promethea]
676 1158 763 1191 Ideo
785 1160 871 1191 Pro·

166 1207 300 1239 methea
315 1208 473 1240 callidum
497 1210 664 1251 appellat,
689 1210 766 1251 quia
789 1209 872 1243 Jovi

165 1258 278 1299 ignem
293 1259 431 1291 vitalem
447 1259 634 1300 eripuerat.

207 1313 251 1341 36
276 1310 428 1350 Revexie]
452 1311 542 1342 vitae
560 1310 728 1342 restituit.
769 1309 806 1341 Si
822 1318 872 1340 re-

162 1361 251 1392 vexit
265 1370 451 1402 servamus,
466 1361 550 1392 Orci
574 1361 759 1392 satellitem
783 1360 871 1392 Cha·

162 1415 298 1441 rontem
327 1415 440 1451 vocat,
465 1410 551 1442 Orci
574 1418 699 1450 nempe
725 1410 870 1450 portito-

162 1468 247 1499 rem,
263 1463 302 1490 ut
316 1468 392 1490 eum
407 1459 587 1493 Juvenalis
602 1459 772 1501 appellat.
809 1460 870 1492 Sin

162 1520 245 1542 vero
259 1510 400 1543 revinxit
413 1511 609 1551 legerimus,
623 1511 679 1552 (ut
697 1511 795 1552 plura
813 1521 869 1543 ve·

162 1563 265 1592 tustae
287 1566 380 1592 notae
415 1560 656 1602 exemplaria‚)
682 1561 869 1593 satellitem

155 1610 263 1651 Orci,
274 1620 378 1644 unum
394 1611 543 1653 aliquem
558 1612 660 1643 alium
674 1621 716 1642 ex
733 1611 870 1644 Rhada-

163 1660 292 1693 manthi
317 1661 390 1693 sive
413 1661 509 1693 AEaci
537 1661 718 1694 lictoribus
744 1663 870 1694 intelli·

155 1720 246 1751 -gere
269 1711 473 1752 poterimus,
504 1713 562 1753 qui
593 1721 676 1743 auro
705 1712 783 1753 capi
811 1721 869 1744 ne·

163 1765 278 1802 quent.
321 1760 391 1793 Sed
407 1763 531 1793 revexit
552 1762 658 1802 magis
682 1762 810 1802 placet,
825 1772 869 1794 ne

163 1811 173 1829 ⁶
188 1811 367 1842 revincere
379 1809 390 1825 '
413 1820 476 1851 pro
498 1816 507 1829 ¹
521 1811 655 1842 solvere
666 1811 676 1825 '
699 1811 867 1852 interpre-

165 1860 231 1891 tari
244 1869 421 1900 cogamur,
434 1870 503 1901 qua
525 1859 777 1900 significatione
800 1870 869 1893 non

165 1909 304 1941 memini
320 1918 376 1940 me
390 1909 524 1950 legisse.
550 1910 693 1942 ibn-ent.
739 1910 869 1951 [Codd.

166 1959 306 2001 quidam
321 1969 378 2001 ap.
391 1960 516 2001 Jaeck,
529 1961 672 1993 Devexie
685 1961 790 2002 auro-J

212 2009 348 2051 captus]
359 2009 453 2042 Auro
463 2015 659 2052 corruptus.
682 2011 766 2052 Hic]
782 2012 870 2044 Cha-

166 2067 240 2091 ron.

207 2112 248 2142 3?
273 2110 440 2143 Tantalum
451 2114 554 2153 atque,
568 2111 640 2153 ξω]
658 2111 751 2144 Ante
767 2112 869 2144 etiam

165 2160 235 2194 Od.
262 2163 314 2193 13.
337 2161 580 2194 Prometheum
607 2172 683 2195 cnm
709 2163 870 2203 Tantalo,

164 2219 266 2252 quem
281 2211 420 2253 Pelopis
435 2217 567 2254 patrem
577 2211 636 2245 ibi
652 2219 767 2254 vocat,
788 2223 869 2246 cou-

159 2260 290 2306 junxit,
304 2267 340 2294 et
363 2262 503 2304 quidem
519 2268 701 2306 utrumque
715 2264 870 2296 laboran-

165 2316 234 2344 tem
249 2311 347 2345 facit.
392 2313 534 2354 Pelopis
556 2317 672 2346 autem
685 2314 869 2356 progenies

165 2367 264 2395 erant
295 2362 423 2395 Atreus
459 2370 496 2396 et
524 2365 704 2405 Thyestes,
733 2365 869 2397 Tantali

155 2417 334 2454 nepotes:
358 2418 367 2431 ¹
381 2413 575 2455 Snperbus’
601 2419 715 2446 autem
742 2415 870 2447 Tanta·

166 2462 231 2502 lus,
246 2463 304 2503 qui
320 2463 414 2494 Deos
428 2474 546 2496 omnes
567 2465 725 2496 convivio
743 2475 869 2507 excep-

169 2515 223 2542 tos
239 2509 414 2543 offendere
429 2522 543 2545 sinsus.
570 2513 640 2546 Sed
657 2519 694 2546 et
708 2514 719 2532 ‘
734 2515 870 2547 Tantali

168 2560 324 2600 divitioe,'
346 2561 466 2602 quibus
481 2563 714 2605 superbiebat,
729 2574 868 2605 prover-

169 2610 226 2642 bio
241 2610 470 2643 celebrantur.
496 2611 641 2644 Tor-rent.

212 2664 254 2693 88
278 2661 387 2693 Genus
395 2661 530 2703 coir-cet]
552 2662 686 2695 Tantali
701 2667 870 2706 posteros,

168 2712 346 2753 Pelopem.
378 2711 537 2752 Atreum,
568 2711 869 2755 Agamemnonem,

169 2762 343 2794 Orestem.
389 2762 456 2794 Hic
482 2762 600 2803 levare]
637 2762 690 2794 De
721 2764 870 2797 satellite

169 2812 266 2850 Orci,
290 2812 438 2854 'proinde
466 2823 506 2845 ac
535 2812 579 2844 de
603 2813 696 2845 Orco
719 2814 793 2856 ipso
809 2825 869 2847 seu

167 2862 314 2896 Plutone
329 2863 479 2906 loquitur
492 2873 502 2903 3
515 2871 592 2896 nam
610 2863 701 2906 quod
717 2865 792 2906 quis
806 2874 869 2907 per

1511 301 1623 344 1427

920 399 1022 431 alium
1039 397 1134 439 facit,
1153 399 1227 440 ipse
1251 398 1368 431 facere
1383 397 1534 432 videtur.
1578 404 1625 436 Et

919 459 980 481 suo
994 459 1088 483 more
1103 450 1193 482 audit
1207 451 1310 481 levare
1325 449 1424 488 dicit,
1446 459 1510 491 pro
1530 453 1626 485 audit

918 506 959 534 ut
973 501 1089 534 levet:
1112 501 1178 532 nisi
1194 510 1270 533 cum
1286 500 1393 533 verbo
1405 503 1532 532 vocatus
1547 511 1626 534 con·

919 557 1053 584 struere
1070 551 1179 584 malis.
1198 551 1340 584 Torrent-
1374 551 1440 582 Vel
1455 550 1505 583 sic
1520 551 1624 583 etiam

919 603 1046 645 exponi
1077 607 1216 644 potest:
1246 603 1316 635 Hic
1339 607 1479 636 vocatus
1501 607 1537 636 et
1559 613 1626 635 non

920 659 1062 686 vocatus
1085 654 1212 694 levare,
1241 653 1274 685 id
1300 659 1365 695 est,
1386 659 1425 685 nt
1455 654 1626 695 sublevet,

921 714 1106 747 pauperem
1127 704 1285 736 functum
1306 704 1493 745 laboribus,
1508 704 1542 736 id
1560 709 1626 741 est,

921 754 1094 787 continuis
1121 754 1286 786 molestiis
1312 759 1350 786 et
1375 754 1522 786 miseriis
1545 754 1626 787 vitae

921 805 1148 847 defatigatum
1172 809 1439 846 pertaesumque,
1463 805 1566 845 audit,
1590 804 1625 836 id

921 861 987 896 est,
1003 860 1131 897 proesto
1146 854 1258 894 adest,
1281 859 1318 887 et
1341 855 1426 886 velit
1441 854 1527 886 nolit
1543 864 1627 895 pau·

921 916 996 948 per,
1024 906 1056 937 ei
1085 905 1298 937 moriendum
1328 910 1394 936 est.
1438 905 1504 936 Vel
1525 906 1630 946 audit,

921 961 1063 988 vocatus
1092 967 1113 987 a
1142 965 1308 997 paupere,
1333 959 1370 988 et
1391 964 1460 989 non
1487 960 1627 987 vocatus

923 1009 1075 1041 adivite.
1100 1010 1197 1050 Cruq.
1242 1009 1311 1040 Hic
1338 1009 1441 1041 levare
1460 1008 1627 1050 sunctum]

923 1058 1021 1091 Ordo
1038 1064 1089 1091 est
1105 1070 1113 1090 =
1140 1060 1306 1099 Vocatus,
1321 1064 1426 1101 atque
1442 1069 1509 1091 non
1526 1068 1629 1091 voca·

922 1114 979 1141 tus
994 1110 1090 1141 audit
1116 1110 1230 1140 levare
1256 1119 1443 1151 pauperem
1469 1108 1627 1140 sunctum

922 1160 1108 1197 laboribus,
1131 1159 1165 1191 id
1191 1163 1258 1200 cst,
1277 1159 1388 1199 audit,
1404 1163 1442 1190 ut
1457 1159 1628 1198 sublevet,

923 1214 960 1241 et
988 1209 1113 1241 liberet
1137 1219 1333 1250 pauperem,
1359 1209 1415 1251 qni
1436 1208 1542 1240 vitam
1556 1209 1630 1250 egit

924 1259 1141 1291 laboriosam.

966 1313 1010 1342 40
1037 1310 1183 1349 Vocatus,
1212 1313 1306 1350 atque
1330 1318 1392 1340 non
1417 1308 1560 1349 vocatus]
1584 1309 1627 1341 E-

923 1368 1054 1390 rasmus
1076 1359 1168 1390 inter
1187 1359 1361 1391 Laconum
1385 1359 1568 1399 proverbia
1584 1359 1628 1390 ci-

923 1414 976 1440 tat
991 1407 1182 1448 καλούμενός
1194 1419 1231 1440 τε
1246 1408 1296 1440 καὶ
1313 1407 1454 1447 ἄκλητος
1468 1408 1537 1440 θεὸς
1549 1421 1627 1450 παρ-

922 1458 1022 1491 favai.
1074 1459 1219 1499 Vocatus,
1228 1463 1322 1499 atque
1333 1458 1412 1499 non]
1434 1459 1530 1491 Velit
1542 1461 1628 1491 nolit

921 1518 1064 1550 pauper.
1087 1509 1222 1541 Charon
1239 1509 1323 1540 Orci
1338 1509 1477 1541 satelles
1491 1509 1522 1541 ei
1540 1518 1628 1551 prae-

921 1566 975 1591 sto
990 1565 1057 1592 est.

922 1610 1008 1642 ons
1037 1618 1116 1642 xix.
1150 1610 1419 1647 Ἐνθουσιαστική.
1465 1610 1507 1642 Is
1534 1611 1627 1643 Bac-

961 1670 1082 1694 cutm.
1107 1661 1236 1694 Bacchi
1253 1660 1472 1702 1audes,ejus
1489 1662 1627 1693 numine

964 1713 1101 1752 plenus,
1127 1713 1222 1744 canit
1243 1711 1367 1744 Poeta.
1413 1711 1540 1752 [codd.
1572 1721 1629 1753 ap.

963 1763 1088 1802 Jaeck,
1110 1763 1151 1794 Iu
1176 1762 1367 1802 Bacchum]

964 1815 982 1843 1
1007 1813 1184 1854 Bacchum]
1218 1812 1397 1854 Tanquam
1427 1811 1544 1843 divino
1574 1811 1625 1843 fu-

922 1870 1000 1892 rore
1031 1862 1183 1903 percitus
1220 1862 1308 1893 banc
1340 1861 1453 1893 Odam
1487 1862 1628 1904 scripsit

923 1911 1102 1952 Horatius,
1124 1917 1162 1944 et
1178 1913 1353 1944 Bacchum
1368 1912 1551 1945 docentem
1567 1913 1627 1946 de-

921 1962 1053 1994 scribit.
1098 1963 1270 1995 Caeterum
1283 1962 1340 1994 alii
1352 1962 1427 1995 fere
1435 1964 1552 1996 Sileno
1561 1965 1627 1997 noc

919 2020 1043 2043 munus
1061 2011 1253 2053 imponunt.
1278 2013 1421 2045 Tam-eut.
1464 2014 1504 2045 In
1529 2024 1627 2046 remo-

920 2061 979 2102 tis]
1015 2063 1095 2095 Nou
1123 2063 1159 2096 in
1187 2063 1349 2105 strepitu,
1373 2064 1628 2108 ambitioneque

919 2111 1060 2149 forensi,
1088 2113 1144 2145 ubi
1161 2113 1244 2145 nibil
1261 2113 1381 2144 divini.
1426 2115 1467 2146 In
1481 2117 1625 2157 remotis]

920 2162 960 2195 In
977 2163 1120 2196 secretis
1136 2163 1343 2196 nemoribus.
1381 2165 1547 2206 Carmina]
1565 2166 1627 2197 Di-

919 2214 999 2246 vina
1035 2218 1213 2256 praecepta
1250 2214 1403 2246 carmine
1433 2215 1623 2257 descripta.

923 2265 1020 2306 Cruq.

961 2317 982 2347 2
1009 2315 1137 2348 Credite
1148 2315 1282 2356 posteri]
1321 2315 1462 2348 Credite
1479 2326 1551 2357 vos,
1565 2317 1623 2358 qui

919 2365 1058 2396 venturi
1071 2365 1176 2405 estis;
1194 2370 1230 2397 et
1246 2366 1348 2397 tidem
1365 2365 1524 2398 adhibete
1541 2367 1625 2398 talia

919 2413 1071 2446 docenti.

963 2466 982 2494 3
1008 2464 1226 2505 Nymphasque
1239 2464 1408 2505 discentes]
1433 2466 1504 2497 Per
1518 2465 1625 2506 Nym-

919 2513 1015 2554 phas,
1054 2515 1182 2545 animos
1220 2514 1414 2546 auditorum
1450 2516 1625 2555 simplices

920 2565 1122 2605 accipimus,
1138 2571 1277 2606 paratos
1293 2567 1335 2597 ad
1350 2567 1565 2605 discendum,
1581 2567 1623 2597 ab

919 2615 1009 2646 omni
1027 2619 1173 2646 terrenae
1194 2614 1289 2646 faecis
1304 2615 1468 2656 cupidine
1487 2616 1625 2656 liberos,

919 2671 1068 2706 apertos,
1083 2665 1259 2696 candidos.
1288 2665 1385 2705 Cruq.
1443 2665 1624 2706 Nymphas-

919 2725 977 2756 que
992 2715 1161 2756 discentes]
1184 2714 1264 2746 Vidi
1276 2715 1378 2747 etiam
1391 2715 1568 2757 Nymphas
1579 2715 1622 2747 ad

920 2765 1122 2799 discendum
1139 2770 1288 2806 paratas.

962 2820 982 2848 4
1006 2818 1107 2849 Aures
1121 2816 1326 2858 Capn'pedum
1337 2815 1461 2857 acutas]
1478 2816 1624 2849 Poe'tica

920 2866 1116 2908 Satyrorum
1137 2866 1337 2911 descriptio,
1361 2867 1479 2909 quales
1502 2867 1621 2900 hodie-
