1916 3262
470 290 680 323 noum-11
713 290 985 322 cARMlNUM
1022 291 1115 322 Lm.
1150 293 1200 323 ιι.
1233 281 1302 322 12.

153 383 268 417 studio
297 394 417 417 ornare
445 394 585 417 comam.
631 383 767 416 Nodum
800 388 853 415 ta-

153 445 246 475 men,
270 445 337 477 quo
353 445 482 468 comam
504 435 597 466 nulla
621 434 687 466 alia
703 438 777 465 arte
793 443 854 465 ex-

153 486 282 517 cultam
297 486 510 525 cohibebant,
528 493 596 516 non
612 484 785 525 vulgarem
801 483 854 516 fu·

153 536 218 569 isse
229 536 448 573 crediderim,
457 535 518 568 sed
528 536 639 577 aliquo
652 537 853 567 ornamento

153 592 338 628 comptum,
367 586 459 628 quod
495 590 681 618 amatorem
712 585 852 617 allicere

152 642 284 677 posset.
325 637 460 670 Addam
477 641 645 678 postremo
669 635 855 676 Porphyri-

151 698 252 720 onem
263 689 377 729 legere
397 688 543 728 religare,
559 696 621 729 pro
632 687 778 729 religate,
788 697 851 720 uec

152 738 326 780 displicet·
351 737 496 769 Turrem.

153 788 239 820 One
264 795 331 820 111.
353 785 609 828 Προσφωνητική.
643 787 703 819 An
721 788 854 821 MAEcs·

194 845 335 870 Raram.
389 838 456 869 Res
485 847 607 878 graves
637 843 674 870 et
711 839 851 879 tragicae

146 902 150 906 ·
190 887 334 920 carmini
346 887 453 928 lyrico
464 898 532 920 non
543 889 774 921 conveniunt:
800 899 851 920 so-

188 938 264 971 luta
278 943 393 971 autem
409 940 565 971 oratione
581 949 634 971 res
650 944 764 981 gestas
781 939 852 971 Au·

175 989 283 1030 gusti
318 989 547 1022 Maecenatem
583 991 695 1030 ipsum
732 990 851 1022 melius

175 1053 178 1057 ·
192 1039 482 1080 perscripturum:
499 1050 534 1072 se
545 1040 628 1072 nihil
646 1045 774 1081 praeter
787 1042 851 1080 Ly-

154 1108 157 1110 ,
193 1089 338 1129 cymniae
359 1088 516 1130 formam,
538 1095 575 1122 et
596 1100 651 1122 res
669 1091 851 1123 amatorias

192 1147 330 1170 canere.
379 1140 579 1181 [Bamberg.
603 1141 676 1171 Non
700 1150 767 1171 esse
792 1141 852 1172 leti

192 1189 331 1220 carmine
354 1198 405 1220 res
425 1199 556 1228 mugnus
571 1190 729 1221 dicendus.
754 1190 852 1220 Pros-

187 1239 353 1279 phonelz'ee
378 1240 535 1281 tricolum]

194 1292 210 1320 1
236 1289 331 1321 Nolis
345 1289 454 1330 longa]
491 1290 547 1321 Ne
573 1290 670 1330 velis,
686 1291 775 1322 nolle
791 1290 852 1322 de·

149 1339 223 1380 bes,
246 1349 289 1371 ne
306 1339 445 1380 jubens,
468 1349 602 1380 aequum
626 1344 679 1370 est
696 1344 730 1370 te
745 1340 849 1372 nolle.

148 1388 349 1428 Numnnfioe]
372 1389 594 1420 Numantiam
618 1394 696 1429 post
722 1388 848 1420 bellum

148 1442 201 1471 18.
217 1447 334 1479 annos,
358 1438 452 1470 inter
470 1439 640 1470 Romanos
656 1442 693 1469 et
709 1437 849 1469 Cartha-

145 1489 306 1530 ginenses
334 1493 483 1530 gestum,
515 1489 632 1530 Scipio
661 1487 846 1521 Africanus

144 1538 298 1572 funditus
311 1540 453 1572 delevit.

186 1594 208 1623 2
237 1591 364 1624 Durum
391 1591 596 1632 Annibalem]
643 1592 847 1625 Annibalem

144 1640 269 1675 fortem
299 1646 336 1674 ct
366 1643 519 1674 laborum
552 1643 761 1684 patientem:
790 1645 847 1676 alii

143 1691 264 1734 legunt
288 1693 404 1732 dirum,
423 1693 456 1724 id
478 1698 544 1733 est,
564 1693 748 1726 crudelem.
793 1695 847 1726 Si-

144 1743 247 1774 culum
269 1743 370 1784 mure]
405 1744 540 1775 Duilius
563 1744 690 1775 Consul
710 1745 744 1775 in
762 1746 847 1777 mari

145 1792 260 1825 Siculo
276 1794 404 1834 primus
428 1795 577 1825 omnium
602 1795 848 1835 Carthaginen-

146 1851 200 1873 ses
231 1843 351 1883 praelio
380 1844 493 1874 navali
519 1844 710 1884 superavit,
737 1846 847 1885 captis

146 1891 287 1923 navibus
314 1895 368 1924 81.
391 1892 510 1923 mersis
535 1895 586 1924 13.
611 1892 718 1924 tribus
741 1894 847 1925 homi-

145 1949 226 1972 num
239 1941 387 1973 millibus
402 1941 512 1982 caesis,
528 1943 640 1983 captis
654 1945 751 1974 7000.

150 2009 156 2013 -
182 1993 208 2022 Δ
230 1990 347 2032 Aptari
369 1991 519 2033 citharae]
556 1993 587 2025 Α
604 2002 657 2024 me
673 1993 847 2026 decantari

145 2039 280 2081 Lyricia
295 2041 511 2073 carminibus.

186 2093 205 2120 5
229 2089 400 2132 Lapithas]
438 2091 598 2132 Lapithas
622 2092 665 2124 ab
694 2093 846 2126 Hercule

141 2140 176 2171 in
194 2140 323 2182 nuptiis
339 2140 486 2172 Pirithoi
501 2141 670 2174 devictos.

185 2192 206 2222 6
230 2190 396 2232 Hyloeum]
420 2191 596 2224 Concinne
613 2193 715 2224 etiam
734 2193 845 2234 Virgi-

141 2239 228 2272 lius:
252 2241 320 2272 ‘Et
351 2251 473 2282 magno
499 2241 661 2283 Hylaeum
690 2243 845 2284 Lapithis

143 2295 276 2322 cratere
288 2290 497 2323 minantem.'
521 2291 669 2332 Aptiora
681 2293 783 2333 enim,
794 2299 845 2325 ta-

142 2340 186 2371 li·
200 2350 277 2373 cum
302 2346 405 2381 esset,
428 2351 522 2373 arma
543 2341 672 2374 habere
696 2352 763 2375 non
784 2354 843 2385 po-

145 2390 222 2423 tuit.
260 2392 404 2423 Torreat.
446 2392 608 2432 Hylaeum,
638 2394 844 2435 domitosque]

145 2439 257 2471 Unum
274 2449 294 2471 e
309 2441 490 2472 Centauris
512 2451 607 2474 mero
635 2443 789 2485 nimium,
809 2446 843 2477 id

145 2492 211 2528 eat,
225 2499 270 2521 ex
284 2490 386 2521 nimio
407 2491 490 2522 meri
508 2496 590 2531 potu
606 2493 790 2534 superbum
808 2501 844 2528 et

145 2538 408 2570 intolerabilem.
453 2539 620 2581 [Guelph.
640 2543 772 2576 domitos
794 2546 842 2578 Η.

145 2587 265 2628 manvu]

187 2641 208 2670 7
233 2639 516 2680 Teuurisjuvenes]
547 2640 726 2682 Gygantes
743 2648 844 2676 terrae

142 2689 246 2729 filios,
274 2689 436 2721 Herculis
472 2690 622 2722 subsidio
651 2698 844 2734 superatos,

143 2740 272 2772 bellum
284 2740 363 2772 Diis
376 2740 585 2773 indixerant.
623 2742 712 2774 Unde
721 2744 845 2784 perieu-

143 2790 222 2831 hm]
243 2790 357 2830 Unde,
385 2790 422 2822 id
445 2795 510 2833 est,
532 2800 552 2823 a
575 2792 696 2834 quibus
722 2795 844 2826 coelum

141 2841 258 2874 timuit
272 2841 471 2882 periculum.

1498 283 1611 324 1413

911 398 914 400 ·
950 387 972 415 9
1002 384 1223 426 Pedestribus]
1271 385 1434 416 Historiis
1473 386 1610 427 scriptis

907 443 1007 475 prosa
1022 434 1190 474 oratione,
1206 445 1281 476 quae
1298 439 1436 466 constat
1448 438 1612 476 numeris,

907 490 943 517 et
963 485 1117 526 pedibus,
1133 486 1192 517 sed
1215 494 1282 523 non
1304 491 1403 517 certa
1421 486 1493 526 lege
1511 486 1612 516 stric-

906 536 952 568 tis
966 546 975 567 :
999 537 1048 567 sic
1064 536 1182 568 Graeci
1198 534 1296 576 πέζαν
1309 534 1410 575 λόγον
1423 535 1611 567 nominant.

951 588 989 618 11
1014 586 1179 626 Ductaque
1186 595 1243 626 per
1253 585 1337 626 vius]
1360 587 1443 617 Vias
1455 585 1610 627 intelligo

905 636 999 668 vicos
1015 636 1120 675 urbis,
1137 646 1199 677 per
1221 646 1306 678 quos
1332 647 1351 668 a
1366 636 1476 668 Porta
1491 635 1612 683 trium-

905 687 1010 728 phali,
1027 692 1064 719 et
1087 687 1241 727 ejusdem
1258 686 1401 718 nominis
1419 690 1536 726 ponte,
1553 685 1612 717 tri-

905 737 1021 778 umphi
1053 747 1179 778 pompa
1203 747 1314 779 usque
1341 737 1375 768 in
1404 736 1611 777 Capitolium

906 787 1108 820 ducebatur.
1135 789 1279 820 Tor-rent.

949 841 989 870 12
1012 838 1138 878 Regum
1152 839 1245 880 colla]
1266 838 1414 879 Regum,
1436 847 1519 879 quos
1536 838 1610 869 Cae-

905 898 960 919 sar
990 888 1248 930 subjugaverat,
1280 893 1315 920 et
1341 888 1376 919 in
1403 887 1610 928 triumphum

905 938 1060 970 duxerat.
1107 938 1300 979 Minacium]
1332 938 1474 969 Mallem
1489 938 1611 969 minan-

906 990 1002 1021 tium:
1019 995 1057 1022 ut
1074 989 1224 1021 catenati
1243 989 1347 1021 etiam
1363 988 1472 1020 adhuc
1489 988 1611 1020 minari

906 1041 1102 1080 videantur,
1131 1041 1220 1082 qnod
1248 1039 1488 1081 triumphantis
1508 1043 1612 1079 auget

907 1092 1060 1132 gloriam,
1084 1091 1142 1133 qui
1172 1095 1241 1123 tam
1265 1089 1398 1123 feroces
1422 1089 1610 1131 subegerit.

909 1142 1051 1172 Torrent-

950 1195 989 1223 13
1014 1193 1070 1223 Me
1084 1193 1200 1224 dulcez's
1214 1193 1360 1233 dominoe]
1396 1193 1510 1224 Multo
1536 1193 1610 1234 plu-

907 1251 961 1273 res
978 1242 1115 1274 codices
1137 1242 1238 1274 dulcis
1261 1243 1402 1284 nabent,
1419 1252 1484 1274 nec
1497 1243 1584 1274 male
1600 1254 1607 1274 =

908 1297 946 1323 ut
960 1293 1116 1323 dominum
1136 1292 1272 1332 quidem
1301 1293 1488 1323 amantium
1514 1302 1609 1324 more

907 1346 1017 1380 vocet,
1034 1342 1091 1372 sed
1107 1342 1227 1372 dulcem
1243 1346 1357 1373 tamen
1379 1342 1468 1382 quod
1485 1342 1610 1374 leniter

905 1392 1064 1431 imperet,
1080 1395 1139 1422 aut
1155 1391 1277 1422 saltem
1294 1391 1421 1421 nutanti
1440 1400 1504 1421 non
1522 1391 1608 1431 inju-

904 1440 1016 1472 cunda
1028 1441 1072 1472 sit
1082 1441 1240 1472 servitus.
1269 1441 1413 1472 Torrent.
1459 1441 1609 1474 'rm-neb.

904 1499 981 1522 xxi.
1013 1494 1045 1523 6.
1090 1489 1286 1532 Lycymm'oe]
1323 1490 1454 1522 Amieae
1479 1495 1548 1522 tuae
1573 1495 1609 1522 et

902 1541 1072 1581 dominae3
1096 1542 1154 1589 alii
1169 1542 1290 1582 legunt
1307 1541 1454 1582 Liciniae,
1474 1542 1528 1572 vel
1550 1541 1609 1573 Li-

900 1591 1028 1624 cinniae.

945 1645 987 1675 14
1010 1642 1066 1674 Me
1079 1643 1176 1675 voluit
1190 1643 1310 1683 dicere]
1346 1644 1447 1675 Musa
1470 1653 1524 1675 me
1549 1653 1608 1675 vo-

902 1693 967 1724 luit
983 1692 1102 1725 dicere
1124 1698 1159 1725 et
1181 1694 1332 1725 carmine
1353 1694 1529 1725 celebrare
1550 1693 1608 1725 do·

902 1745 1001 1774 minae
1016 1752 1082 1774 tuae
1100 1743 1218 1774 dulces
1231 1748 1268 1774 et
1279 1743 1461 1774 amatorios
1475 1749 1608 1778 cantus,

902 1793 1041 1834 ejusque
1051 1794 1168 1824 oculos
1181 1793 1284 1825 dulce
1295 1794 1480 1835 laetumque
1493 1793 1606 1825 riden-

902 1847 967 1881 tes,
979 1848 1015 1874 et
1027 1843 1139 1874 lucide
1151 1842 1321 1884 fulgentes
1332 1849 1368 1875 et
1385 1844 1607 1884 resplenden-

903 1897 967 1933 tes,
983 1897 1019 1924 et
1035 1897 1157 1933 pectus
1174 1898 1207 1924 te
1227 1899 1398 1926 amantem
1414 1894 1607 1934 reclamans,

903 1947 939 1973 et
966 1943 1092 1974 mutuis
1124 1942 1296 1974 amoribus
1319 1943 1408 1975 bene
1433 1943 1538 1975 fidum
1569 1949 1606 1976 et

902 1997 1071 2024 constans.
1106 1994 1222 2025 Lubin.
1268 1993 1438 2034 Lucidum]
1476 1994 1606 2026 Lucide

900 2042 1071 2082 fulgentes
1095 2044 1224 2074 oculos.
1269 2042 1394 2084 [Codd.
1411 2053 1468 2084 ap.
1484 2044 1607 2085 Jaeck,

900 2092 1036 2124 lucidum
1050 2096 1081 2124 et
1098 2093 1293 2134 Fulgentes]

946 2146 984 2174 15
1012 2143 1125 2175 Fidum
1151 2143 1275 2184 pectus]
1299 2143 1430 2176 Pectus
1450 2144 1550 2176 valde
1565 2143 1605 2175 fi-

902 2191 991 2224 dele.
1598 2212 1600 2214 v

944 2245 985 2274 17
1011 2244 1114 2280 Quam
1137 2254 1193 2275 nec
1203 2244 1311 2285 ferre]
1334 2245 1444 2278 Quam
1462 2254 1529 2278 non
1545 2245 1604 2277 de-

900 2294 969 2326 cuit
983 2296 1120 2329 saltare.

942 2347 982 2376 18
1006 2345 1076 2376 Nec
1090 2345 1226 2387 certare]
1249 2347 1324 2379 Nec
1350 2347 1476 2380 facetis
1501 2348 1605 2380 dictis

900 2399 1047 2434 certare,
1062 2396 1246 2436 veljocose
1263 2397 1473 2436 gesticulari.
1512 2398 1605 2429 Dare

900 2445 1042 2486 brachia]
1069 2445 1146 2477 Hoc
1162 2456 1297 2487 quoque
1319 2447 1363 2478 ad
1387 2447 1529 2479 choreas
1553 2456 1604 2478 re-

897 2493 1086 2532 ferendum,
1108 2505 1191 2535 quas
1222 2506 1291 2527 non
1313 2498 1424 2528 minus
1450 2496 1604 2528 brachio-

899 2553 971 2574 rum
989 2549 1096 2582 motu,
1111 2554 1211 2585 quam
1230 2546 1354 2585 pedum
1377 2546 1477 2586 pulsu
1495 2545 1605 2585 agita-

898 2594 994 2625 bant.
1046 2594 1148 2627 Quod
1166 2599 1279 2626 autem
1297 2595 1518 2636 Lycymniam
1536 2594 1604 2625 vir-

898 2645 1033 2686 ginibus
1061 2644 1242 2684 immiscet,
1277 2648 1312 2676 et
1338 2645 1474 2686 quidem
1504 2654 1602 2676 sacro

898 2695 1018 2726 Diana>
1034 2694 1104 2733 die,
1130 2693 1276 2725 furtivos
1291 2694 1403 2726 adhuc
1422 2695 1498 2736 ejus
1510 2705 1605 2727 amo-

898 2753 953 2775 res
970 2743 1073 2774 fuisse
1091 2743 1257 2783 dicemus,
1271 2744 1320 2775 ita
1336 2749 1374 2776 ut
1389 2754 1452 2785 pro
1469 2745 1599 2786 virgine

897 2793 1097 2825 haberetur.
1114 2793 1257 2825 Torreut.

942 2848 983 2876 19
1005 2845 1177 2876 Luctantem
1191 2842 1320 2885 nitidis]
1335 2844 1445 2878 Quam
1459 2855 1526 2878 non
1539 2846 1598 2880 de·
