1916 3262
367 291 476 334 1468

366 392 449 424 Ona
462 401 554 431 xvir,
579 392 635 423 An
648 392 778 425 AEuum
792 394 955 426 Lamum.
984 395 1046 425 La-

405 441 482 473 mioe
520 442 726 474 nobilitatem
762 443 889 482 laudat,
925 443 1047 474 deindo

406 489 577 530 admonet,
590 495 628 522 ut
641 491 728 522 diem
739 492 922 523 crastinum
935 492 1047 523 hilari-

405 543 459 570 ter
473 540 598 580 exigat.
629 539 829 579 [Par-anetice
838 541 921 571 AElio
930 541 1047 571 Lamioe

405 587 603 627 Bamberg.]

405 638 423 666 1
447 636 515 667 AEli
535 637 666 676 vetusto]
688 637 775 668 IElia
790 647 869 677 gens
883 638 916 669 in
933 638 1047 678 primis

363 683 467 723 clara,
481 693 546 715 nou
563 690 674 716 tamen
688 685 842 726 patricia,
853 687 964 718 multis
981 687 1047 718 dis-

363 732 467 764 tincta
476 734 739 773 cognominibus,
746 739 846 776 atque
855 736 890 767 in
898 737 1046 768 diversas

363 780 506 813 familias
521 788 717 823 propagata,
732 793 846 815 omnes
861 786 975 816 Romae
991 786 1048 816 ho-

363 839 473 870 nores,
507 840 547 862 ac
582 832 715 863 tandem
743 833 845 864 etiam
872 834 1047 874 imperium

365 879 488 920 adepta
501 885 567 920 est,
583 886 683 922 atque
696 882 839 922 optimos
854 883 926 914 orbi
942 888 1047 914 terra-

363 937 436 960 rum
453 929 619 970 principes
635 930 821 961 Antoninos
837 931 941 962 dedit.
962 931 1046 962 Tum

364 978 497 1017 generis
513 983 661 1009 vetustas
675 977 802 1018 effecit,
817 982 854 1009 ut
874 979 884 996 ‘
897 979 1026 1009 Lamias
1037 979 1045 993 '

364 1035 426 1065 pro
441 1026 608 1057 nobilibus
624 1027 858 1067 usurpaverint
882 1031 1047 1058 auctores.

363 1074 519 1106 Juvenal.
535 1075 578 1105 de
598 1076 793 1107 Domitiano
814 1076 967 1116 principe
990 1085 1047 1107 no-

362 1121 487 1153 bilitati
498 1122 723 1155 infestissimo.
739 1124 810 1156 Sat.
822 1133 871 1155 νι.
880 1123 1047 1155 foeminam

363 1174 484 1202 notans
498 1171 531 1202 in
547 1171 662 1212 primis
675 1172 839 1204 nobilem:
862 1175 872 1191 ‘
885 1172 1049 1206 Quaedam

364 1220 407 1251 de
443 1229 580 1252 numero
609 1221 814 1262 Lamiarum,
841 1231 881 1254 ac
910 1222 1050 1253 nominis

364 1267 449 1300 alti!
502 1269 582 1300 Fuit
609 1279 689 1310 ergo
716 1270 850 1311 quidem
876 1271 921 1304 Q.
948 1270 1052 1302 AElius

364 1317 484 1348 Lamia
494 1316 640 1357 Augusti
653 1318 741 1349 bello
754 1318 956 1350 Cantabrico
968 1328 1053 1359 prae-

366 1364 490 1405 fectus,
506 1365 604 1396 rebus
619 1367 724 1406 gestis
744 1367 869 1406 clarus,
891 1368 998 1407 cujus,
1019 1367 1052 1398 ni

365 1411 476 1453 failor,
500 1414 626 1444 mentio
650 1422 675 1444 1.
700 1414 767 1446 Od.
793 1418 846 1446 26.
870 1420 906 1447 et
919 1415 984 1448 Od.
1000 1418 1053 1447 36.

367 1466 405 1492 nt
420 1463 474 1492 vix
488 1462 651 1502 dubitem,
665 1463 744 1504 quin
754 1473 829 1494 eum
850 1464 903 1495 hic
919 1473 1053 1504 quoque

366 1509 527 1541 celebret.
553 1511 691 1542 Tor-rent.
735 1511 824 1543 Vide
846 1517 882 1543 et
906 1513 1055 1546 Turneb.

367 1565 459 1589 xxn.
475 1561 525 1589 1⁵.
566 1558 617 1588 Ab
631 1558 743 1599 Lamo]
765 1559 819 1591 Ab
846 1561 950 1592 Lamo
974 1562 1053 1592 For-

366 1606 507 1637 miarum
538 1608 591 1637 vei
621 1607 867 1647 Laestrigonum
896 1619 987 1651 rege,
1018 1614 1054 1641 et

367 1653 553 1693 conditore,
570 1654 722 1694 Neptuni
738 1655 818 1688 filio.

408 1705 428 1733 2
445 1702 576 1737 Quando
590 1707 620 1734 et
630 1705 765 1745 priores]
781 1705 951 1746 Siquidem
965 1706 1054 1746 binc,

367 1752 402 1783 id
418 1756 482 1790 est,
498 1751 540 1782 ab
553 1761 592 1782 eo
607 1753 746 1794 antiquo
762 1754 876 1785 Lamo.

407 1799 441 1839 [3
456 1799 683 1831 Schoenborn.
696 1804 727 1833 2.
747 1802 910 1842 nepotem]

410 1852 431 1880 4
461 1849 525 1879 Per
552 1858 698 1880 memores
724 1850 837 1890 genus]
867 1850 933 1881 Hic
960 1850 1054 1882 locus

369 1898 461 1928 varie
474 1901 584 1938 potest
599 1897 767 1928 ordinari:
783 1903 841 1930 aut
856 1898 920 1930 hoc
935 1899 1054 1930 modo:

368 1951 404 1977 et
417 1945 529 1977 ferunt
544 1955 648 1986 genus
663 1955 759 1978 omne
777 1952 940 1987 nepotum
953 1947 1056 1979 deuo-

368 1995 531 2026 minatum
545 1995 587 2025 ab
605 1995 707 2025 Lamo
729 2005 789 2034 per
809 1994 913 2026 fastos
933 2004 1057 2026 memo-

369 2053 441 2074 res:
465 2047 535 2082 aut,
554 2041 641 2082 quod
665 2043 771 2082 magis
795 2044 920 2083 placet,
943 2043 1058 2074 ferunt

368 2090 475 2121 fastos
501 2099 662 2120 memores
687 2095 846 2131 nepotum
873 2101 935 2132 per
959 2101 1056 2123 omne

369 2148 483 2178 genus.
496 2139 591 2178 Cruq.
615 2139 681 2169 Per
694 2149 838 2171 memores
849 2149 946 2178 genus
956 2141 1056 2181 omne]

370 2188 440 2219 Per
455 2186 614 2218 fastorum
626 2187 739 2222 libros,
751 2188 784 2218 in
796 2188 917 2228 quibus
931 2198 984 2219 res
1000 2199 1058 2220 an-

369 2236 511 2273 nuatim,
537 2239 572 2266 et
598 2235 747 2267 breviter
777 2236 819 2267 ad
849 2241 1057 2277 posterorum

367 2285 558 2316 memoriam
573 2284 787 2316 notabantur.

411 2337 433 2365 6
457 2335 520 2370 Qui
546 2333 738 2365 Formiarum
760 2333 886 2374 moenia]
919 2335 1056 2366 Lamum

370 2383 548 2423 intelligit3
579 2391 780 2423 quamquam
809 2382 951 2414 Formiae
976 2392 1055 2414 non-

369 2432 448 2463 dum
464 2435 573 2470 erant,
594 2439 669 2461 cnm
684 2429 739 2460 ille
755 2430 849 2470 genti
864 2431 1058 2462 immanissi-

370 2490 435 2511 mae
450 2480 699 2519 Laestrygonum
722 2478 932 2519 imperabat:
955 2480 1058 2521 siqui-

370 2529 446 2560 dem
462 2528 540 2559 urbs
555 2527 625 2565 illa,
639 2531 676 2558 ut
689 2526 745 2559 lib.
764 2536 799 2559 v.
815 2527 957 2559 tradidit
967 2529 1059 2560 Stra-

370 2577 424 2616 bo,
437 2587 456 2608 a
465 2577 653 2608 Laconibus
664 2576 811 2616 condita,
822 2581 857 2608 et
869 2578 878 2594 ‘
892 2577 1040 2609 Hormiae
1050 2577 1059 2592 ’

369 2626 460 2664 prius
474 2626 645 2666 appellata
656 2629 720 2665 est,
737 2625 786 2656 διὰ
798 2625 836 2656 τὸ
847 2625 983 2666 εὔορμον,
998 2626 1060 2657 hoc

373 2678 438 2711 est,
453 2673 490 2703 ob
502 2677 609 2712 portus
621 2674 872 2706 commoditatem.

412 2723 431 2751 7
456 2721 616 2762 Princeps]
631 2723 778 2755 Primus.
814 2724 975 2755 Inmmtem
987 2724 1059 2756 Ma-

373 2769 447 2802 rica·
464 2769 580 2809 Lyrin]
595 2771 690 2809 Lyris
704 2776 819 2805 notum
834 2773 985 2806 omuibus
998 2772 1058 2806 flu-

818 303 956 335 NOTAE
989 304 1246 335 vARloRUM
1277 305 1330 335 ΙΝ

1094 403 1168 424 men
1183 394 1311 435 (Graeci
1325 395 1423 434 Λεῖριν
1448 392 1584 434 vocant)
1600 393 1732 426 Latium
1753 405 1772 427 a

1095 443 1277 483 Campania
1297 442 1389 474 felici
1403 443 1564 481 dividens,
1577 452 1618 474 ac
1631 443 1772 475 Mintur·

1094 500 1151 521 nas
1166 491 1370 524 interfluens.
1412 492 1476 523 Sed
1501 492 1580 532 quid
1601 495 1664 530 est,
1686 491 1775 532 quod

1095 549 1170 571 eum
1184 541 1320 571 Maricae
1332 541 1497 572 littoribus
1509 541 1680 572 innantem
1693 539 1778 572 facit

1096 587 1281 619 Horatius?
1333 589 1465 620 Servius
1496 589 1529 618 in
1557 588 1650 619 illum
1681 588 1776 628 Virg.
1821 608 1830 618 .

1098 645 1226 667 versum
1254 637 1327 668 AEn.
1351 646 1417 668 vn.
1447 637 1457 653 ‘
1474 637 1575 668 Hunc
1605 637 1719 668 Fauno
1740 641 1777 668 et

1096 684 1252 724 Nympha
1271 685 1417 725 genitum
1440 686 1609 716 Laurente
1626 684 1779 716 Marica!

1093 733 1162 772 (De
1176 733 1296 764 Latino
1305 739 1415 765 autem
1428 743 1503 773 rege
1515 732 1680 774 loquitur)
1691 734 1777 765 huuc

1096 781 1214 812 Poetae
1239 783 1344 813 nostri
1367 783 1476 814 locum
1505 782 1626 820 citans,
1649 783 1660 801 ‘
1676 782 1779 815 Mari·->

1096 829 1191 869 cam‚'
1217 830 1277 869 ait,
1309 831 1319 848 ‘
1336 830 1619 862 Minturnensium
1654 830 1778 862 littoris

1097 878 1203 909 Deam
1227 877 1353 909 fuisse?
1395 879 1462 909 Sed
1490 879 1644 910 Laetant.
1665 878 1778 910 Instit-

1096 925 1152 956 lib.
1167 934 1192 957 ι.
1214 928 1224 945 ‘
1238 927 1374 966 Solent,’
1397 927 1515 968 inquit,
1535 928 1693 959 ‘mortuis
1721 937 1780 959 no-

1096 974 1186 1005 mina
1201 975 1379 1012 immutari,
1392 985 1468 1006 nam
1482 979 1518 1006 et
1533 976 1690 1006 Romulus
1703 981 1780 1016 post

1098 1027 1237 1054 mortem
1253 1023 1412 1057 Quirinus
1425 1023 1536 1054 dictus
1552 1028 1618 1062 est,
1633 1027 1669 1054 et
1683 1023 1780 1055 Circe

1097 1071 1247 1104 Marica?
1289 1072 1378 1103 Vide
1402 1077 1438 1103 et
1462 1071 1551 1102 Plin.
1578 1080 1634 1102 ιιι.
1655 1074 1686 1102 5.
1715 1071 1784 1102 Dit-

1098 1123 1165 1151 toru
1182 1130 1263 1160 ergo
1278 1121 1410 1152 Maricoe
1435 1120 1548 1152 vocari
1572 1120 1716 1151 arbitror
1740 1119 1784 1151 ri-

1099 1178 1172 1210 paS‚
1185 1179 1242 1200 seu
1259 1179 1338 1201 arva
1349 1170 1418 1209 illa,
1427 1169 1546 1210 quibus
1558 1168 1687 1200 Marica
1698 1177 1783 1209 prae-

1099 1217 1174 1250 fuit.
1198 1220 1336 1252 Torreat.
1378 1219 1465 1251 Vide
1489 1223 1525 1250 et
1545 1218 1689 1250 Turneb.
1703 1226 1783 1250 xxi.

1099 1270 1152 1299 22.
1195 1269 1436 1310 [Schoeuborn.
1459 1271 1491 1300 et
1511 1271 1644 1300 nantem.
1667 1266 1784 1298 Mark-

1100 1317 1193 1348 land.
1208 1317 1344 1349 dubitat
1359 1317 1402 1348 de
1414 1327 1506 1357 voce,
1521 1315 1702 1356 innantem-J

1142 1368 1162 1396 8
1184 1366 1308 1405 Lyrim]
1322 1367 1473 1397 Fluvium
1499 1365 1668 1395 innantem
1691 1364 1783 1394 litto-

1102 1414 1194 1445 ribus
1205 1414 1370 1454 Nymphae
1381 1410 1534 1451 Marieae‘,
1542 1407 1654 1443 uxoris
1665 1412 1784 1449 Fauni,

1102 1463 1296 1505 influentem
1311 1462 1495 1494 scilicet'in
1519 1462 1708 1492 Minturnas
1725 1470 1783 1500 op·

1102 1512 1216 1552 pidum
1231 1511 1436 1551 Campaniae,
1447 1510 1503 1542 ubi
1513 1510 1641 1541 Marica
1651 1509 1783 1541 colitur.

1101 1560 1223 1600 [Lirum
1237 1560 1467 1591 Schoenborn.
1482 1558 1530 1598 2.]

1143 1611 1165 1639 9
1194 1609 1274 1640 Late
1300 1603 1463 1649 tyrannus]
1501 1608 1585 1638 Late
1614 1614 1756 1646 regnans
1776 1616 1786 1636 ε

1103 1656 1287 1697 εὔρυκρείων.
1305 1657 1444 1688 Homer.
1474 1656 1552 1686 Cras
1559 1655 1650 1692 soliis
1666 1653 1786 1693 nemus]

1103 1706 1199 1737 Ordo
1223 1711 1297 1737 est:
1329 1706 1412 1736 Cras
1436 1709 1619 1746 tempestas
1643 1704 1787 1736 demissa

1102 1754 1146 1784 ab
1169 1754 1259 1784 Euro
1282 1757 1412 1784 sternet
1434 1762 1549 1784 nemus
1562 1752 1673 1784 multis
1686 1751 1788 1791 foiiis,

1104 1807 1140 1833 et
1155 1807 1283 1833 sternet
1295 1802 1392 1833 littus
1405 1802 1481 1842 alga
1495 1802 1616 1833 inutili.

1148 1854 1188 1883 10
1208 1852 1292 1891 Algu
1306 1850 1408 1890 littus]
1424 1849 1510 1891 Alga
1531 1850 1636 1881 herba
1649 1853 1701 1881 est
1715 1850 1789 1880 nul-

1106 1900 1169 1932 iius
1191 1910 1280 1939 usus,
1303 1910 1400 1941 quam
1416 1909 1506 1931 mare
1522 1899 1564 1930 ad
1579 1899 1671 1930 iittus
1686 1898 1789 1938 proji-

1106 1951 1176 1987 cit;
1199 1949 1274 1980 hinc
1304 1948 1531 1989 proverbium,
1553 1953 1561 1966 ⁴
1578 1947 1674 1978 vilius
1691 1945 1789 1987 alga‚'

1106 2007 1168 2039 pro
1183 2007 1220 2028 re
1236 1998 1406 2036 vilissima,
1422 2002 1457 2028 et
1472 1997 1592 2027 nullius
1608 1996 1718 2036 pretii.

1150 2049 1189 2077 13
1211 2047 1336 2078 Annaea
1360 2045 1482 2084 cornix]
1499 2045 1635 2076 ,Cornix
1659 2045 1716 2075 diu
1742 2044 1790 2074 vi-

1106 2103 1202 2133 vens,
1230 2103 1304 2134 quae
1327 2103 1386 2124 sua
1410 2093 1630 2123 crocitatione
1659 2092 1788 2132 pluvias

1108 2142 1390 2181 prognosticatur.
1443 2140 1531 2170 Dum
1550 2143 1636 2180 potes
1655 2140 1790 2180 aridum]

1106 2189 1330 2229 Impendente
1346 2192 1547 2229 tempestate
1571 2194 1701 2219 maturo
1717 2189 1788 2229 jam

1107 2238 1287 2277 Autumno,
1314 2239 1461 2269 Lamiam
1483 2238 1582 2278 jubet
1605 2237 1715 2269 focum
1741 2238 1789 2268 in-

1106 2292 1250 2326 struere,
1269 2292 1306 2318 et
1326 2287 1359 2317 in
1375 2286 1462 2317 diem
1478 2286 1659 2317 crastiuum
1679 2286 1789 2325 genio.

1107 2345 1172 2367 una
1188 2345 1262 2367 cum
1277 2334 1402 2366 familia
1423 2335 1466 2366 ab
1490 2334 1648 2374 operibus
1670 2343 1789 2374 vacua,

1106 2383 1293 2424 indulgere.
1337 2383 1440 2414 Errat
1463 2387 1574 2413 autem
1597 2383 1790 2419 Lambinus.

1107 2433 1163 2474 qui
1178 2432 1376 2463 sacrificium
1392 2431 1520 2462 institui
1535 2431 1723 2463 existimet:
1747 2432 1790 2463 de

1107 2482 1257 2513 curanda
1281 2482 1368 2512 enim
1392 2481 1538 2512 cuticula
1557 2480 1678 2520 agitur.
1703 2481 1791 2512 Tor-r.

1107 2531 1269 2572 [Guelph.
1289 2534 1376 2571 potes
1386 2540 1399 2568 ;
1421 2529 1477 2561 alii
1491 2528 1588 2561 codd.
1602 2539 1656 2570 ap·
1669 2529 1791 2567 saec-k,

1105 2579 1232 2620 potest]

1151 2631 1191 2659 14
1204 2629 1353 2668 Compone
1366 2626 1497 2667 lignum]
1513 2627 1642 2659 Extrue
1653 2627 1789 2668 lignum,

1109 2676 1198 2718 quod
1213 2677 1280 2708 cito
1294 2675 1458 2707 flammam
1478 2676 1647 2716 concipiat
1669 2675 1711 2706 ad
1732 2675 1789 2706 fri-

1109 2736 1169 2766 gus
1185 2724 1454 2766 propulsandum.
1485 2725 1564 2755 Cras
1575 2723 1699 2763 genium
1709 2731 1788 2752 mero

1110 2774 1250 2812 Curubis,
1263 2773 1332 2815 &cd
1357 2774 1489 2814 Errant,
1504 2773 1559 2813 qui
1575 2781 1617 2803 ex
1635 2779 1675 2802 eo
1698 2770 1784 2811 quod
