1930 3204
470 281 678 313 nonu-11
711 278 990 311 suasionum
1026 277 1119 309 ms.
1150 278 1182 309 1.
1211 268 1253 308 5.

131 378 234 411 tulit:
254 386 275 409 e
288 377 408 420 quibus
424 386 511 408 unus
522 375 580 407 ille
592 375 673 416 plns
682 373 827 406 nominis

132 438 172 460 ac
195 427 296 459 famae
318 426 383 458 sibi
409 435 450 458 ac
472 425 607 467 patriae,
630 422 723 456 vitiis
745 422 827 460 suis,

130 488 232 520 quem
245 482 320 510 tota
330 476 519 509 Lamiarum
535 484 619 516 gens
632 473 826 511 virtutibus,

131 527 352 568 comparavit.
377 526 518 558 Torrent-

173 580 216 610 38
240 575 389 617 Murena]
424 575 494 608 Hie
522 578 575 607 est
605 573 646 606 L.
675 573 827 605 Licinius

130 627 240 659 Varro
255 626 414 666 Murena,
429 623 599 656 Terentiae
624 622 827 654 Maecenatis

131 675 256 715 frater,
270 674 315 706 de
332 684 398 715 quo
413 682 470 705 m.
486 671 556 704 Od.
572 674 624 704 19.
644 676 681 704 et
695 672 750 703 hic
773 672 828 703 iti-

130 735 214 758 nere
229 724 321 757 affini
334 723 488 756 fortassis
501 722 634 759 aderat,
649 732 725 754 cum
740 723 827 754 Fon-

131 777 202 809 teio
229 774 376 816 pertitus
403 783 498 812 onus,
526 776 565 804 ut
593 772 666 812 ipse
695 776 826 803 tectum

131 824 318 866 praeberet,
346 823 436 854 alter
463 823 499 853 in
533 831 663 853 coeuam
698 827 827 853 sumtus

127 871 272 914 faceret,
288 882 366 904 cum
382 871 494 911 ambo,
509 875 548 903 nt
564 871 746 903 verisimile
762 876 827 912 est,

129 921 285 963 Formiis,
300 926 359 954 aut
375 927 472 955 certe
487 922 523 954 in
541 921 722 953 Formiano
745 931 827 962 agro

130 972 257 1014 aliquid
285 972 511 1013 possiderent.
547 972 692 1004 Tor-rent.
759 973 828 1003 Do-

128 1021 227 1062 mum]
249 1022 447 1063 Hospitium
469 1022 540 1053 sive
555 1025 696 1054 tectum.
741 1023 828 1054 Culi-

129 1074 217 1114 mm]
239 1073 378 1104 Coenam
394 1072 498 1105 dante
513 1072 695 1113 Capitone.

172 1125 215 1154 40
238 1122 412 1163 Sinuessae]
446 1123 604 1155 Sinuessa
629 1128 681 1154 est
708 1123 828 1155 civitas

132 1172 175 1203 ad
202 1171 306 1204 Lirim
332 1171 482 1213 fluvium,
505 1173 598 1205 clara
621 1172 665 1204 ob
687 1173 754 1204 vini
773 1184 829 1206 co-

131 1231 234 1263 piam.

172 1274 213 1304 41
236 1271 362 1304 Animae
379 1273 483 1313 quales
503 1283 600 1314 neque
621 1273 830 1314 candidiores]

129 1320 188 1352 Sic
220 1320 333 1361 Epod.
363 1331 396 1352 v.
435 1323 445 1340 ⁴
465 1322 583 1353 Nardo
614 1328 832 1364 perunctum,

129 1370 230 1410 quale
246 1379 312 1402 non
329 1370 516 1412 perfectius
528 1373 829 1404 Meaelsborarnnt

129 1419 270 1451 manus!
313 1419 472 1452 Arbitror
494 1421 575 1452 illud
600 1423 610 1440 ‘
625 1422 748 1464 quale‚'
773 1431 829 1453 va-

128 1469 200 1500 lere
225 1470 429 1512 cujusmodi,
459 1471 556 1512 cujus
579 1472 726 1511 generis.
770 1472 828 1503 Sic

130 1524 166 1551 et
181 1519 250 1550 illae
267 1520 352 1551 tales
375 1524 474 1551 erant
495 1521 616 1552 animae
640 1531 701 1553 seu
723 1521 829 1552 homi-

128 1578 201 1609 nes,
231 1569 360 1610 quales,
387 1569 421 1600 id
445 1574 511 1609 est,
533 1570 720 1612 cujusmodi
744 1580 828 1602 nun-

129 1627 230 1660 quam
256 1623 351 1650 terra
373 1619 590 1651 candidiores
614 1620 666 1652 his
687 1621 828 1652 tulerat.

129 1668 221 1700 vide
241 1668 390 1700 Turneb.
413 1679 454 1701 11.
470 1672 523 1701 24.
567 1670 705 1708 Animoe,
725 1671 830 1711 quales

128 1719 241 1760 neque]
266 1718 431 1750 Homines
456 1720 556 1750 tales.
609 1719 828 1759 Candidiores]

129 1767 400 1803 Innocentiores,
415 1767 631 1808 integriores.

173 1819 216 1848 42
240 1817 351 1857 Neque
364 1815 463 1856 queis]
484 1817 532 1848 Et
553 1817 675 1858 quibus
697 1826 763 1849 non
787 1818 831 1849 sit

131 1867 221 1898 alter
235 1875 290 1899 me
305 1866 509 1898 devinctior.

174 1918 217 1948 44
232 1916 338 1948 Sanus
351 1916 464 1962 amico]
481 1917 652 1949 Quamdiu
668 1926 750 1949 sana
762 1927 832 1950 me-

132 1966 240 1998 moria
270 1975 357 2006 snm,
384 1975 448 2006 ego
478 1966 559 1998 nihil
588 1966 831 2005 conferendum

131 2016 260 2056 putabo
271 2025 347 2047 cum
359 2015 451 2047 dulci
465 2015 582 2047 amico.
605 2016 719 2057 [Vatt.
734 2010 830 2049 Rom.

132 2067 166 2097 7.
182 2067 214 2096 9.
238 2065 386 2098 Chisiau.
400 2068 432 2096 2.
446 2069 482 2096 et
498 2065 653 2098 Vallicel.
671 2069 700 2098 1.
715 2071 832 2108 praetu-

132 2115 250 2156 terim]

174 2168 215 2197 45
242 2166 392 2197 Proxima
417 2167 588 2207 Campano]
612 2167 740 2198 Villula
753 2177 830 2209 quae

132 2215 288 2256 proxima
302 2221 367 2256 est,
379 2218 444 2249 διο.
491 2217 633 2258 Tectum]
648 2218 755 2250 Tecto
770 2227 831 2249 nos

134 2265 275 2306 recepit.

175 2316 219 2346 46
241 2315 392 2356 Par-ochi]
418 2315 533 2347 Livius
557 2316 614 2348 lib.
642 2324 732 2348 λιιι.
753 2320 832 2348 ante

134 2364 175 2396 L.
190 2363 402 2396 Postumium
427 2364 610 2395 Consulem
635 2367 741 2404 negat
764 2365 832 2394 Ro-

134 2421 252 2444 manos
269 2412 498 2453 magistratus,
513 2412 546 2442 in
562 2412 687 2443 itinere
702 2411 831 2444 faciun-

137 2459 195 2499 do,
209 2459 286 2491 ullis
309 2469 468 2502 umquam
490 2460 588 2492 sociis
611 2466 670 2492 aut
694 2461 832 2502 provin-

137 2508 280 2541 cialibus
301 2508 405 2540 etiam
427 2509 588 2541 molestos
606 2509 722 2549 fuisse,
736 2510 834 2542 mulis

139 2559 229 2590 enim
252 2557 547 2601 tabernaculisque
570 2568 610 2590 ac
633 2559 762 2601 reliquo
783 2561 833 2592 iu-

137 2611 328 2640 strumento
358 2608 494 2648 publice
515 2608 733 2640 ornabantur.
778 2609 834 2641 In-

139 2658 275 2690 terdum
288 2661 324 2689 et
339 2649 645 2699 pecunias'flabatur
659 2659 835 2701 magistra-

139 2707 242 2747 tibus,
268 2706 359 2749 quod
385 2701 422 2739 et
449 2708 459 2725 ‘
474 2708 636 2740 vasarium
651 2709 660 2723 ’
684 2709 836 2750 appella-

139 2759 235 2791 bant.
279 2757 381 2791 Quod
397 2767 476 2790 vero
494 2758 572 2790 huic
589 2758 665 2790 loco
679 2757 838 2807 sufficiat,

139 2811 330 2841 monstrato
356 2808 543 2840 istiusmodi
566 2818 707 2850 operum
728 2809 836 2846 initio,

222 2861 335 2902 Delplt.
352 2866 382 2895 et
400 2863 475 2894 Var.
492 2862 576 2894 Clas.

802 2862 919 2896 Horat.

1462 266 1577 308 1633

876 373 885 389 ‘
903 364 1091 404 Paroclios’
1122 371 1260 413 proprie
1294 369 1432 412 quidem
1462 371 1579 402 vocari

877 433 980 465 posse
1010 423 1164 462 dicimus,
1199 421 1403 463 praebitores
1438 430 1577 453 omnes:

875 472 1025 513 παρέχειν
1047 473 1137 505 enim
1155 471 1246 504 idem
1262 471 1394 504 Graeeis
1417 474 1472 503 est
1485 470 1578 512 quod

877 524 1023 562 Latinis,
1048 527 1167 555 nostro
1198 522 1388 564 prasertim
1416 521 1579 561 Horatio,

872 573 1033 613 praebere:
1060 573 1119 604 sed
1145 582 1208 604 usu
1232 571 1425 612 obtentum,
1451 575 1491 603 nt
1519 570 1579 611 qui

877 623 1068 664 peregrinis
1083 623 1276 654 necessaria
1296 622 1450 664 quasdam
1475 621 1581 663 porri-

877 677 1066 715 gerent7eo
1089 674 1224 704 nomine
1240 673 1450 704 dicerentur.
1493 673 1580 703 'rum

872 719 1147 762 magistratibus,
1161 723 1365 763 legatisque,
1388 732 1428 753 ac
1450 721 1582 753 nunciis

876 773 995 814 populi
1027 773 1183 813 Romani,
1203 773 1336 814 quibus,
1367 782 1580 814 quacumque

877 823 943 855 iter
958 821 1126 863 facerent,
1140 823 1245 854 certis
1268 821 1310 853 ad
1331 823 1395 853 hoc
1414 822 1582 853 constitu-

878 873 922 904 tis
939 873 1035 914 locis,
1051 873 1107 904 ubi
1122 872 1249 914 alioqui
1264 872 1442 904 commode
1454 871 1582 904 diverti

876 932 943 954 non
961 927 1116 964 possent,
1127 927 1166 954 ut
1182 922 1218 954 in
1235 922 1302 954 ista
1313 921 1356 953 ad
1368 922 1580 963 Campanum

877 977 1016 1015 pontem
1048 973 1165 1004 villula
1193 982 1234 1003 ea
1257 971 1382 1014 quibus
1411 981 1491 1003 usus
1528 976 1583 1003 est

878 1023 1017 1064 publice
1047 1023 1298 1064 praeberentur.
1344 1021 1445 1054 Unde
1475 1021 1582 1054 dictae

879 1073 983 1105 etiarn
1013 1073 1023 1090 ‘
1039 1072 1230 1114 parochiae'
1254 1073 1331 1103 loca
1359 1072 1434 1112 ipsa
1459 1071 1582 1113 quibus

877 1123 941 1155 hoe
955 1123 1099 1164 praeberi
1109 1122 1335 1154 constitutum
1351 1121 1477 1153 fuerat.
1490 1122 1583 1155 Τονν.

878 1172 986 1204 Plura
997 1172 1074 1204 vide
1083 1172 1175 1214 apud
1186 1171 1528 1212 Torrentium,1atius
1541 1181 1584 1203 ea

880 1223 923 1254 de
940 1233 975 1254 re
990 1223 1228 1255 disserentem.
1266 1222 1366 1256 Quod
1381 1227 1493 1254 autem
1510 1223 1583 1255 No-

879 1274 955 1305 nius
985 1274 1173 1305 Marcellus
1199 1275 1208 1290 ‘
1227 1272 1390 1314 parochi’
1415 1282 1538 1304 nomen
1563 1283 1584 1304 a

880 1323 1004 1355 Graeco
1035 1328 1182 1354 tractum
1220 1323 1279 1358 ait,
1311 1322 1391 1363 qnia
1426 1322 1584 1354 vehicula

879 1373 1047 1413 praebeat‚
1079 1372 1202 1404 Graeee
1231 1371 1380 1411 ὀχήματα
1407 1371 1514 1411 dicta,
1546 1377 1584 1403 et

878 1430 955 1452 esse
967 1420 1070 1452 officii
1084 1430 1192 1461 genus
1208 1421 1300 1461 quod
1315 1420 1583 1452 administranti-

878 1470 940 1501 bus
957 1474 1075 1511 patet;
1101 1474 1140 1501 ut
1165 1470 1264 1501 homo
1287 1474 1339 1500 est
1363 1478 1481 1509 parum
1505 1469 1582 1500 dili-

880 1530 975 1561 gens,
992 1521 1117 1561 partim
1134 1525 1230 1552 recte
1248 1520 1346 1560 dicit,
1364 1521 1488 1562 partim
1505 1531 1583 1563 per-

879 1580 1009 1611 peram,
1032 1575 1069 1602 et
1092 1575 1266 1611 praeterea
1295 1571 1479 1603 mendosus
1503 1577 1580 1604 est:

879 1630 957 1652 nam
988 1630 1050 1661 pro
1075 1620 1437 1652 ‘administrantibus’
1468 1622 1583 1662 legen-

879 1670 958 1701 dum
975 1679 1050 1701 esse
1071 1672 1080 1688 ‘
1097 1669 1354 1709 magistratibus
1366 1669 1374 1682 ’
1398 1670 1473 1710 ipsa
1492 1670 1582 1701 ratio

880 1719 996 1750 docet.
1041 1718 1180 1749 Par-ochi
1196 1729 1263 1758 qua·
1287 1717 1413 1759 debent]
1436 1718 1583 1750 Parocbi

880 1767 1104 1808 praebuerunt
1122 1768 1226 1807 ligna,
1237 1769 1303 1799 διο.
1350 1767 1581 1799 Paroclrorum

878 1820 954 1848 erat
969 1826 1103 1858 munus,
1117 1817 1238 1858 legatis
1256 1817 1394 1858 publice
1406 1818 1515 1850 missis
1529 1828 1582 1850 res

880 1867 1091 1899 necessarias
1104 1867 1342 1908 suppeditare.

923 1919 965 1948 47
990 1917 1078 1948 Hinc
1092 1916 1185 1957 muli]
1206 1917 1386 1958 Significat
1407 1927 1490 1959 ergo
1508 1919 1583 1950 Ho-

881 1966 988 1998 ratius
1012 1976 1049 1998 se
1071 1966 1206 2008 quidem
1232 1976 1272 1998 ac
1297 1967 1437 1999 comites
1459 1978 1500 2000 eo
1514 1968 1583 2000 loci

880 2015 1068 2057 prandendi
1080 2025 1200 2047 caussa
1211 2016 1426 2057 mansitasse,
1439 2018 1499 2049 sed
1512 2018 1584 2049 exi-

882 2076 950 2107 guo
966 2070 1134 2106 tempore,
1155 2066 1204 2098 ita
1229 2070 1268 2098 ut
1289 2067 1372 2099 muli
1395 2077 1462 2099 non
1486 2072 1583 2100 ante-

881 2125 980 2157 quam
997 2116 1148 2157 Capuam
1164 2122 1304 2148 ventum
1327 2122 1418 2148 esset
1434 2118 1582 2150 clitellas

880 2170 1060 2206 ponerent.
1120 2165 1267 2206 Tempore
1295 2171 1422 2208 autem,
1450 2168 1485 2199 id
1515 2174 1583 2208 est,

881 2216 1102 2257 tempestive,
1117 2225 1159 2247 eo
1177 2217 1386 2258 pervenisse,
1402 2217 1490 2259 qnod
1504 2227 1582 2259 par-

880 2275 960 2297 vum
983 2270 1076 2297 esset
1098 2266 1178 2298 iter.
1222 2267 1323 2300 Quod
1351 2268 1380 2299 si
1405 2268 1480 2309 quis
1505 2278 1582 2309 per-

881 2319 1040 2347 noctasse
1056 2325 1114 2347 eos
1130 2316 1174 2347 ad
1192 2321 1329 2357 pontem
1345 2317 1454 2357 dicat,
1468 2319 1585 2358 nolim,

882 2365 1097 2396 contentiose
1120 2375 1195 2396 cum
1217 2366 1275 2397 illo
1298 2375 1409 2405 agere.
1441 2367 1583 2399 Torrent.

883 2412 970 2443 Hinc
998 2413 1076 2444 muli
1107 2414 1224 2453 Capuae
1248 2414 1396 2456 clitellas]
1434 2414 1490 2446 Ab
1520 2417 1583 2447 hae

884 2462 1011 2493 villula.
1068 2463 1214 2503 Tempore
1242 2464 1377 2504 ponunt]
1412 2464 1583 2504 Tempori‚

884 2512 1104 2552 tempestive,
1120 2512 1170 2543 ita
1193 2517 1230 2544 ut
1253 2514 1380 2554 Capuae
1404 2518 1583 2553 pernocta·

884 2565 972 2593 rent.
1001 2561 1085 2601 [Hic
1097 2562 1175 2592 muli
1190 2562 1271 2593 Vat.
1287 2565 1339 2593 10.
1357 2572 1377 2592 a
1392 2571 1436 2593 rn.
1452 2563 1539 2603 sec.]

925 2613 967 2642 48
991 2610 1109 2642 Lusum
1124 2611 1151 2642 it
1167 2611 1338 2651 Μαι-ωας]
1363 2611 1439 2643 Pila
1455 2612 1583 2653 palma-

883 2671 944 2693 ria.

927 2713 969 2742 49
985 2710 1060 2741 Pila
1075 2710 1167 2751 lippis
1179 2710 1338 2743 inim-icum
1352 2715 1383 2744 et
1397 2712 1502 2744 ludere
1511 2722 1582 2743 cru-

883 2760 947 2800 dis]
972 2761 1028 2791 De
1054 2759 1159 2791 crudis
1185 2760 1266 2791 nituit
1288 2761 1423 2793 certius.
1444 2770 1580 2792 somnus

885 2811 975 2844 enim
992 2820 1031 2843 ac
1046 2810 1142 2853 quies
1159 2809 1336 2843 cruditatis
1351 2811 1478 2852 optima
1493 2820 1582 2852 prae-

1424 2866 1442 2894 5
1468 2863 1495 2894 L
