1916 3262
356 271 466 312 1:260

358 374 444 424 Qui
463 386 510 414 se
530 374 731 415 credebat
749 374 878 414 miros
899 372 1049 414 audire
1071 375 1300 426 tragoedos,

356 441 407 481 ln
426 452 563 480 vacuo
582 441 713 481 laetus
730 451 873 480 sessor
891 440 1152 492 plausorque
1171 441 1360 492 theatro;

813 283 855 319 Q.
888 280 1090 311 HORA'rn
1124 282 1293 313 RLACGI

1678 442 1760 485 130

356 505 506 545 Cetera
525 505 598 558 qui
613 505 715 546 vitae
735 509 926 545 servaret
943 505 1089 545 munia
1106 509 1223 546 recto

356 570 506 621 More;
537 571 675 610 bonus
697 581 802 609 sane
825 569 1002 619 vicinus,
1023 570 1223 611 amabilis
1241 570 1411 626 hospes,

355 635 502 677 Comis
521 636 564 675 in
583 648 774 685 uxorem,
795 639 944 688 posset
964 635 1038 688 qui
1058 636 1282 688 ignoscere
1299 639 1449 688 servis,

355 702 412 742 Et
427 703 546 754 signo
566 702 674 742 laeso
693 714 778 742 non
798 701 982 743 insanire
1000 702 1188 754 lagenae:

354 767 514 807 Posset
532 767 607 820 qui
625 779 775 820 rupem
793 772 839 807 et
857 771 1029 820 puteum
1048 767 1183 807 vitare
1202 771 1426 820 patentem.

1679 770 1765 811 135

354 832 446 873 Hic
466 833 540 872 ubi
561 837 838 884 cognatorum
857 834 1013 886 opibus
1034 834 1232 886 curisque
1250 833 1429 875 refectus

354 898 540 951 Expulit
557 897 774 938 helleboro
794 900 990 938 morbum
1010 899 1227 951 bilemque
1246 911 1428 949 meraco,

354 964 410 1004 Et
428 963 534 1004 redit
554 963 608 1003 ad
629 976 752 1014 sese3
782 963 881 1013 Pol,
904 977 970 1005 me
991 964 1234 1013 occidistis,
1257 965 1399 1016 amici,

355 1029 457 1070 Non
477 1029 695 1078 servastis,
714 1029 797 1080 ait3
827 1030 897 1070 cui
917 1030 981 1071 sic
997 1033 1162 1072 extorta
1179 1031 1395 1083 voluptas,

353 1092 412 1133 Et
431 1093 595 1135 demtus
615 1106 691 1146 per
710 1095 796 1136 vim
815 1097 968 1137 mentis
987 1096 1260 1148 gratissimus
1280 1108 1408 1138 error.

1679 1096 1763 1138 140

351 1219 475 1258 quidam
499 1231 559 1253 non
577 1222 719 1262 plebeius,
734 1223 785 1263 qui
806 1221 942 1256 credebat
962 1225 1069 1256 audire
1080 1234 1111 1256 se
1125 1225 1277 1264 tragoedos
1290 1225 1479 1265 excellentes,
1493 1225 1526 1256 in
1541 1233 1633 1255 vacuo
1646 1221 1764 1254 theatro

351 1262 455 1292 sedens
469 1266 497 1293 et
517 1265 717 1303 applaudens.-
738 1269 870 1296 ceterum
888 1266 1020 1296 honestoe
1039 1267 1112 1298 vitae
1132 1267 1228 1307 qfficz'a
1251 1276 1308 1298 non
1328 1267 1496 1307 omittebat,
1516 1266 1624 1307 probus
1646 1264 1765 1295 omnino

352 1302 480 1343 vicinus,
494 1305 639 1342 benignus
653 1306 767 1344 hospes,
783 1307 878 1336 bonus
899 1307 1158 1346 erga-conjugem,
1179 1308 1264 1338 mitis
1282 1309 1315 1338 in
1337 1318 1450 1346 servos,
1464 1318 1518 1339 nec
1538 1316 1631 1347 supra
1645 1306 1765 1336 modum

351 1346 568 1375 excandescens
582 1345 610 1375 εἰ
622 1346 761 1384 fractum
774 1346 924 1376 invenerit
939 1348 1054 1386 lagena
1067 1348 1221 1385 sigillum.-
1242 1348 1371 1387 denique
1383 1357 1487 1387 rupem
1499 1349 1549 1379 vel
1567 1351 1693 1386 puteum
1706 1345 1764 1383 fc-

350 1383 409 1413 cile
422 1385 586 1416 devitabat.
631 1386 690 1417 Ille
702 1387 837 1427 affinium
850 1396 922 1417 cura
936 1391 967 1418 et
980 1387 1096 1418 auxilio
1109 1391 1246 1424 sanatus,
1259 1389 1346 1426 pulso
1360 1388 1461 1418 morbo
1475 1391 1505 1419 et
1520 1388 1574 1418 biti
1588 1396 1644 1428 per
1657 1387 1764 1418 ellebo-

351 1433 420 1454 rum
437 1435 558 1464 purum,
573 1427 613 1457 ad
626 1431 755 1458 mentem
767 1437 872 1458 sanam
887 1437 1025 1459 reversus
1037 1428 1138 1459 dixit.-
1163 1429 1301 1466 Profecto
1315 1439 1362 1460 me
1379 1429 1545 1468 occidistis,
1559 1438 1576 1458 ο
1590 1428 1692 1467 amici,
1705 1437 1764 1458 non

350 1467 507 1508 servastis,
521 1468 570 1500 cui
581 1469 698 1507 gaudia
711 1470 756 1500 sic
767 1470 946 1510 abstulistis,
962 1473 991 1501 ee
1007 1470 1118 1501 mentis
1131 1479 1263 1501 errorem
1275 1469 1529 1508 jucundissimum
1541 1469 1699 1510 eripuistis
1710 1478 1766 1509 per

935 1561 1170 1574 OO‘OMOOOO

351 1622 449 1661 gelic.
477 1625 508 1653 3.
529 1623 717 1664 plaususque.
764 1625 908 1664 Cnning.
933 1635 975 1656 ex
998 1625 1097 1658 codd.
1119 1628 1287 1667 plosorque.
1329 1627 1404 1659 vid.
1427 1626 1505 1659 Art.
1525 1626 1624 1659 Ροὲῑ.
1648 1628 1764 1658 1154.—

352 1666 410 1693 131
439 1663 515 1694 Vet.
539 1664 635 1696 Rom.
657 1669 688 1697 9.
711 1676 847 1698 munera.
885 1668 1112 1698 Schoenborn.
1135 1671 1166 1699 3.
1187 1671 1418 1700 rectum—132
1443 1670 1550 1700 comes
1572 1669 1650 1700 Vnt.
1670 1668 1765 1699 Rom.

351 1707 382 1734 5.
414 1712 432 1733 a
461 1713 502 1734 m.
531 1713 582 1745 pr.
611 1711 647 1736 et
675 1707 754 1738 Vat.
782 1708 893 1739 Palat.
921 1711 951 1739 3.

1005 1709 1038 1739 in
1065 1718 1173 1740 uxores
1199 1710 1353 1742 Vallicel.
1379 1713 1518 1741 1.-136
1537 1709 1766 1742 schoenborn.

350 1747 382 1774 2.
405 1744 646 1783 refectis.-—137
671 1747 748 1779 Vat.
769 1751 800 1778 5.
827 1750 905 1779 Vat.
930 1750 1040 1780 Palat.
1064 1753 1095 1781 4.
1123 1750 1211 1781 bilem
1236 1751 1450 1791 morbumque‚·
1477 1751 1526 1782 ita
1546 1755 1696 1782 notatum
1721 1758 1764 1780 ex

351 1785 427 1816 cod.
451 1788 483 1817 in
512 1797 614 1826 marg.
642 1787 720 1819 ΑΜ.
745 1791 839 1820 1509.
873 1790 906 1820 ἰη
931 1790 1093 1822 Biblioth.
1118 1791 1399 1823 Barberin.—-138
1431 1792 1475 1823 Et
1498 1790 1593 1823 stabit
1619 1790 1764 1822 Schoen-

351 1827 446 1858 born.
462 1831 493 1859 3.
526 1829 672 1860 rediitad
687 1839 738 1860 se.-
762 1831 824 1861 Pol
846 1830 932 1863 Bad.
955 1831 1091 1863 Ascens.
1113 1838 1148 1863 et
1173 1832 1421 1872 mining—139
1446 1833 1516 1864 Non
1535 1833 1665 1864 servatis
1684 1831 1766 1865 Vat-

352 1869 464 1900 Palat.
485 1872 516 1900 6.
548 1871 598 1900 cui
612 1871 690 1901 sicco
705 1871 933 1904 Schoenborn.
949 1875 1084 1904 2.-140
1110 1873 1372 1914 Zarot.·pretium
1383 1874 1522 1906 menta.
1543 1873 1715 1906 Barberin.
1733 1875 1764 1903 1.

347 1919 404 1948 per
419 1911 529 1942 mentis
543 1912 616 1944 vim.
653 1911 808 1953 Angelic.
824 1916 854 1945 l.
876 1915 986 1946 mentis
997 1924 1054 1955 per
1065 1915 1139 1946 vim.
1182 1916 1262 1947 Vat.
1277 1917 1370 1948 Rom.
1386 1918 1417 1947 3.
1437 1915 1632 1955 gratissima
1645 1915 1765 1946 horror.

989 2009 1129 2041 NOTIE

394 2070 455 2099 129
479 2068 542 2103 Qui
555 2078 588 2099 se
600 2069 751 2109 credebat,
773 2070 842 2110 ἔγω]
878 2070 973 2102 Idem
988 2070 1032 2102 A·

351 2117 430 2157 bydi
445 2122 573 2157 gestum
589 2123 702 2150 narrat
715 2119 923 2152 Aristoteles.
943 2120 1031 2152 Vide

351 2166 550 2198 Athenaeum
565 2167 622 2199 lib.
642 2176 710 2200 ΧΠ.
730 2169 763 2199 ἰιι
779 2168 857 2208 fine,
871 2169 927 2200 ubi
941 2169 1031 2200 simi-

350 2217 416 2248 lem
446 2216 552 2249 refert
577 2217 620 2249 de
649 2218 763 2250 insano
787 2219 956 2251 historiam
979 2224 1033 2252 sat

350 2265 508 2305 lepidam.
549 2266 745 2308 Thrasylaus
764 2277 884 2308 nempe
899 2268 1032 2308 quidam

351 2314 576 2356 (Thrasyllum
601 2321 697 2347 vocat
721 2316 866 2348 AElianus
886 2317 965 2348 Var.
980 2326 1033 2350 ιν.

350 2363 420 2405 2⁵.)
444 2374 518 2396 snas
543 2374 617 2396 esse
641 2366 782 2405 putabat
802 2375 903 2398 naves
919 2376 1032 2398 omues

352 2412 386 2443 in
401 2412 544 2444 Piraeum
559 2414 766 2454 appellentes
781 2425 788 2443 :
809 2413 866 2445 has
881 2423 1035 2446 recense·

351 2462 685 2504 bat,excipiebatque
693 2467 786 2494 tanto
795 2463 925 2504 gaudio,
934 2473 1032 2505 quam

350 2511 377 2541 si
391 2511 542 2542 dominus
556 2510 674 2543 fuisset
685 2520 798 2543 earum
811 2521 916 2544 rerum
928 2513 1032 2544 omni-

352 2569 419 2599 um,
433 2570 505 2601 quae
521 2559 731 2592 advenissent
747 2562 860 2593 salvae.
902 2562 937 2593 Is
952 2572 1032 2594 vero

354 2607 496 2640 Critonis
513 2607 626 2640 fratris
641 2618 720 2640 cura
741 2615 875 2642 sanatus
891 2610 1031 2643 affirma·

352 2655 412 2686 bat
429 2656 541 2688 loeturn
557 2667 593 2689 se
609 2666 744 2698 prorsus
759 2668 798 2690 ae
814 2659 948 2692 beatum
962 2661 1034 2691 vix-

352 2704 417 2734 isse
438 2703 471 2733 in
489 2713 529 2734 ea
551 2705 741 2745 dementia3
759 2708 911 2748 quoniam
927 2709 1033 2740 omnis

353 2752 514 2784 molestiae
528 2761 660 2794 expers,
676 2760 710 2786 et
727 2757 865 2789 multam
881 2758 1032 2799 volupta-

1085 2075 1153 2102 tem
1169 2071 1276 2102 nnimo
1289 2071 1492 2111 perciperet.

1129 2123 1187 2152 134
1215 2121 1316 2159 Signo
1343 2121 1413 2151 laeso
1447 2119 1579 2160 lag-eme]
1613 2118 1767 2160 lagenas

1084 2170 1151 2202 vini
1167 2169 1389 2210 obsignabant
1409 2169 1486 2199 olim
1501 2167 1658 2199 adversus
1674 2165 1767 2199 frun-

1086 2218 1160 2250 dem
1176 2227 1358 2250 servorum.
1402 2217 1474 2248 cic.
1489 2224 1564 2249 xw.
1583 2218 1635 2248 26.
1650 2215 1692 2247 ad
1707 2215 1766 2248 Ti-

1085 2277 1218 2299 ronem:
1243 2267 1253 2284 ‘
1264 2266 1354 2298 Olim
1370 2271 1506 2297 matrem
1521 2264 1655 2296 memini
1675 2265 1764 2306 lnge-

1085 2326 1144 2348 nas
1159 2316 1261 2348 etiam
1284 2316 1398 2347 inanes
1419 2314 1605 2355 obsignare,
1620 2323 1662 2345 ne
1676 2313 1768 2346 diee-

1083 2370 1198 2398 rentur
1213 2364 1324 2396 furtim
1342 2364 1518 2396 exsiccatae
1529 2362 1652 2395 fuisse.'
1668 2363 1766 2395 Pers.

1083 2415 1156 2446 Sat.
1181 2423 1231 2446 vi.
1256 2416 1307 2446 17.
1334 2413 1410 2445 ubi:
1433 2414 1443 2431 ‘
1455 2413 1499 2444 Et
1515 2412 1644 2453 signum
1659 2411 1694 2444 in
1707 2421 1766 2444 va·

1084 2465 1163 2506 pida
1177 2473 1256 2496 naso
1273 2463 1426 2503 tetigisse
1440 2461 1584 2503 lagena!

1089 2514 1091 2518 ⁴
1126 2511 1281 2552 Insanit-e]
1315 2512 1419 2543 Irasci
1435 2511 1583 2548 nimium.
1601 2519 1707 2553 nsque
1720 2511 1765 2544 ad

1084 2563 1228 2595 furorem
1244 2566 1279 2593 et
1293 2561 1464 2592 insaniam.

1127 2614 1188 2644 140
1206 2610 1324 2642 Mentis
1343 2609 1539 2649 gratissimus
1554 2609 1654 2650 error]
1676 2607 1764 2640 Vide

1086 2660 1208 2693 Athen.
1224 2660 1324 2700 paulo
1339 2663 1417 2690 ante
1432 2658 1490 2690 cit.
1505 2657 1562 2689 ubi
1578 2658 1764 2698 nin-ineun-

1086 2709 1238 2743 dissimas
1251 2717 1326 2741 esse
1339 2708 1528 2740 insanorum
1543 2706 1691 2739 delicias.
