1890 3230
490 273 697 304 uoRA'rn
730 271 1006 303 suumomm
1043 268 1135 299 ms.
1169 267 1221 299 11.
1250 257 1292 298 6.

162 368 227 400 hoc
253 366 327 409 ipso
347 367 607 409 rureloquatur.
632 367 772 398 Tment.
819 366 858 397 In

160 427 263 449 arcem
277 428 318 450 ex
329 418 406 450 urbe
418 418 548 459 remoti]
585 418 627 449 In
646 417 759 448 villam
773 416 856 447 Tus-

163 468 333 507 culanam,
347 468 381 499 iu
402 472 516 500 monte
532 467 687 508 positam.

205 521 244 550 17
263 517 350 554 Quia
372 518 461 558 prius
485 518 650 555 illustrem,
674 516 742 557 δῖα]
765 517 855 550 Quid

161 568 275 608 potins
289 568 437 599 carmine
457 567 632 599 celebrare
646 574 698 597 me
715 575 775 606 par
791 570 855 605 est,

160 627 260 659 quam
284 617 442 659 Satyros,
478 622 516 648 et
545 616 661 648 Musas
689 620 855 656 agrestes,

160 667 255 700 Deos
272 667 433 708 Deasque
452 669 675 706 campestres,
695 674 779 706 quos
796 674 855 705 pe-

160 726 222 748 nes
237 721 304 756 est,
319 726 412 748 meos
429 715 532 748 tutari
547 714 645 750 fines,
671 719 706 746 et
721 715 855 755 pecoris

158 776 274 799 curam
290 767 416 808 agere?
460 765 557 798 Prius
570 773 650 805 ergo
666 764 804 804 Satyris,
819 763 853 795 id

157 821 223 856 ent,
239 817 352 858 potius
373 825 473 858 quam
495 815 646 855 Satyros,
668 819 704 844 et
717 814 853 844 Musam

155 870 390 906 campestrem.
433 863 524 898 Quid
538 864 628 895 enim
642 863 735 904 prius
749 861 854 894 fuerit

155 914 200 954 ei,
218 915 276 956 qui
299 923 356 946 rus
379 914 474 952 colit,
499 922 599 954 quam
622 912 696 943 Diis
721 911 853 943 rusticis

153 973 252 995 sacra
284 963 415 1003 facere,
443 971 628 1003 eorumque
655 961 774 992 laudes
797 961 854 993 de-

155 1017 308 1045 cantare.
326 1014 426 1053 Cruq.
457 1011 596 1052 Satyris,
612 1009 780 1051 Musaque]
793 1011 852 1042 Sa-

155 1062 266 1103 tyrico
282 1062 430 1094 carmine
447 1065 482 1093 et
498 1060 664 1100 versibus,
689 1059 746 1100 qui
761 1064 854 1092 stant

155 1111 300 1152 pedibus
335 1112 456 1142 solutae
493 1109 639 1142 orationi
677 1109 854 1142 similibus.

154 1161 310 1202 Musaque
323 1159 477 1202 pedestri]
498 1159 590 1192 Satis
608 1168 777 1200 superque
789 1159 854 1191 boc

156 1215 260 1242 antea
274 1210 521 1243 declaravimus
537 1221 545 1240 ε
570 1219 632 1241 nec
653 1209 727 1240 illos
743 1210 854 1250 audio,

155 1261 213 1302 qui
229 1261 344 1292 nescio
370 1270 453 1302 quos
477 1260 619 1301 Satyros
646 1263 683 1290 et
702 1269 853 1299 campes-

155 1318 243 1343 trem
269 1311 406 1343 Musam
434 1311 488 1343 bic
517 1309 738 1342 somniarunt.
775 1311 852 1341 Tor-

154 1364 236 1394 rent.

197 1413 238 1443 18
262 1411 330 1443 Nec
345 1412 426 1443 mala
445 1410 509 1451 me]
538 1409 684 1444 Quando
711 1410 744 1441 in
768 1420 851 1451 agro

155 1469 242 1496 sum,
283 1461 378 1493 nulla
415 1460 673 1502 perturbatione
710 1459 850 1493 afficior.

151 1510 319 1543 plumbeus
329 1511 462 1552 Auster]
478 1515 487 1529 ⁴
505 1510 708 1542 Plumbeum
719 1510 727 1523 ’
743 1510 787 1541 ab
802 1509 851 1542 ef-

151 1557 245 1590 fectu
263 1565 378 1601 vocat,
402 1560 493 1601 quod
518 1559 642 1591 Austro
661 1559 766 1591 flante
782 1564 849 1590 tar-

150 1608 265 1641 diores
285 1610 538 1650 gravioresque,
564 1618 604 1640 ac
630 1608 774 1649 proinde
789 1608 849 1639 im-

150 1652 342 1701 becilliores
365 1658 544 1691 efficimur.
588 1659 635 1689 Et
655 1658 704 1689 sic
720 1660 730 1677 ‘
744 1659 852 1698 plum·

150 1707 251 1740 beos’
268 1717 426 1739 vocamus
437 1708 447 1725 ‘
474 1706 643 1738 bomines'
660 1706 777 1737 tardos
799 1711 849 1738 at-

154 1766 220 1798 que
248 1756 412 1788 hebetes:
449 1756 566 1787 Romae
601 1759 714 1786 autem
749 1754 850 1786 infes-

151 1806 300 1838 tissimus
322 1805 464 1845 Auster,
480 1809 570 1836 teste
584 1804 688 1835 etiam
704 1804 850 1840 Galeno.

151 1856 328 1898 praecipne
349 1854 511 1887 Autumni
536 1858 703 1894 tempore,
719 1854 772 1886 vel
787 1864 850 1895 per

152 1916 188 1938 se
197 1906 291 1938 noxii
305 1916 314 1938 z
327 1905 416 1937 unde
426 1909 463 1936 et
474 1905 483 1922 ‘
495 1902 659 1935 morbifer
668 1902 677 1916 '
692 1908 728 1936 et
739 1903 749 1921 ‘
761 1913 849 1936 mor-

150 1955 271 1988 borum
286 1954 403 1997 pater'
420 1954 555 1986 dicitnr.
570 1952 695 1985 Juveu.
707 1953 780 1985 Sat.
795 1962 848 1986 vr.

152 2008 162 2024 ‘
178 2006 358 2048 Metuique
366 2005 469 2047 jubet
483 2004 696 2044 Septembris
711 2008 748 2036 et
759 2004 848 2036 Aus-

151 2057 197 2088 tri
233 2055 453 2088 Adventum.'
496 2055 638 2086 Torrent-
682 2054 850 2086 Plumbeus

151 2105 287 2147 Auster]
318 2104 507 2138 Insalubris
529 2103 668 2144 Auster,
687 2105 783 2145 quus
798 2106 847 2137 in-

152 2156 320 2198 temperie
335 2165 480 2197 corpora
495 2158 710 2195 gravesceut.

194 2209 235 2238 19
254 2206 404 2238 Libitina
427 2205 580 2246 quastus]
605 2205 718 2236 Numa
744 2204 846 2236 Pom-

150 2256 251 2298 pilius
274 2257 410 2295 Manes,
432 2256 490 2297 qui
505 2255 713 2297 praecipuam
738 2257 846 2287 nostri

150 2311 283 2346 partem
307 2306 515 2345 acciperent,
541 2305 698 2344 religiose
718 2305 785 2335 coli
798 2306 847 2336 iu-

151 2347 265 2385 stituit
276 2364 286 2384 z
305 2362 446 2394 quaeque
461 2353 504 2384 ad
525 2353 734 2392 sepulturam
750 2363 846 2394 spec-

152 2407 266 2436 tarent
277 2412 296 2433 a
308 2401 522 2443 pontificibus
533 2402 751 2442 poscentibus
763 2412 847 2442 prae-

152 2452 227 2484 beri
249 2452 374 2484 voluit:
398 2452 541 2493 ejusque
561 2452 610 2483 rei
626 2461 740 2484 curam
757 2452 847 2485 Libi-

152 2501 234 2534 tinae
265 2502 350 2534 Deae
381 2500 566 2542 delegavit,
588 2502 684 2543 quasi
707 2499 787 2542 illa,‘
805 2513 847 2535 an

149 2552 243 2592 justa
263 2551 427 2583 darentur
447 2551 602 2592 mortuis,
625 2551 847 2586 observaret:

153 2611 294 2643 eamque
317 2600 503 2632 doctissimi
529 2602 770 2642 Romanorum,
792 2604 847 2635 vel

151 2652 335 2691 Venerem,
358 2651 411 2682 vel
427 2651 668 2692 Proserpinam
685 2661 759 2684 esse
773 2663 846 2685 cre-

152 2700 294 2740 didere;
310 2699 422 2732 eidem
438 2700 563 2731 nomini
577 2705 686 2734 ortum
703 2701 846 2733 obitum-

151 2761 216 2792 que
233 2752 439 2793 imputantes
453 2762 460 2782 :
478 2758 512 2783 et
529 2752 607 2783 hinc
623 2755 631 2770 ‘
645 2752 760 2784 Venus
776 2754 846 2794 epi-

153 2801 298 2844 tymbia'
315 2801 466 2834 Graecis:
483 2811 557 2843 qum
571 2802 700 2834 Latinis
712 2812 731 2834 a
743 2802 845 2835 liben-

1490 261 1602 302 1737

908 364 952 396 do
976 362 1021 405 (si
1043 361 1190 395 Varroni
1214 359 1402 400 credimus)
1428 359 1522 393 dicta
1548 367 1602 394 est

907 416 917 432 ⁴
931 412 1138 452 Libentina‚'
1159 412 1259 452 vulgo
1281 410 1291 428 ‘
1304 410 1452 442 Libitina
1463 409 1487 448 ;’
1507 412 1602 451 cujus

907 463 1070 504 templum
1082 464 1324 494 commemorat
1332 460 1454 492 Cicero
1462 459 1506 491 de
1520 460 1602 491 Nat.

907 513 1055 543 Deorum
1084 511 1142 542 lib.
1173 519 1212 542 ιι.
1261 510 1303 541 Iu
1335 510 1461 550 templo
1487 514 1601 541 autem

905 561 1143 592 vendebantur
1186 558 1363 591 funeribus
1400 558 1605 599 necessaria,

905 613 963 641 aut
979 613 1075 640 certe
1091 608 1292 640 locabantur
1309 617 1368 648 per
1381 617 1439 639 eos
1455 608 1509 648 qui
1525 608 1535 626 ‘
1546 607 1603 638 Li-

904 658 1076 690 bitinarii’
1102 657 1181 689 iude
1205 657 1370 698 appellati
1393 662 1484 697 sunt,
1507 661 1603 689 tanto

903 709 1034 749 majore
1050 713 1196 750 quaestu,
1210 712 1339 748 quanto
1356 708 1469 747 plures
1482 707 1604 738 morie-

904 758 1040 790 bantur.
1083 759 1225 790 Torrent.
1281 758 1431 789 Libitinae
1467 761 1604 798 quamtus
1634 798 1637 800 μ

900 807 1032 848 acerbae]
1055 808 1167 840 Quum
1190 808 1288 838 multi
1311 808 1344 838 in
1362 807 1535 839 Autumno
1550 809 1601 839 iu-

904 862 1052 894 tereunt,
1082 860 1248 897 quaestum
1272 854 1404 886 faciunt
1430 856 1466 891 ii,
1488 857 1543 896 qui
1568 858 1602 888 in

901 906 1078 938 funeribus
1102 906 1322 947 procurandis
1337 910 1415 936 sunt
1431 906 1603 947 occupati,

902 958 985 990 dicti
1012 956 1186 989 libitinarii
1220 965 1240 987 a
1269 955 1420 987 Libitina
1444 953 1601 988 funerum

902 1009 992 1042 Dea.

944 1062 986 1090 20
1008 1057 1282 1100 Matutinepater]
1307 1058 1432 1091 Janum
1448 1057 1601 1096 invocat,

900 1110 1070 1141 actionum
1100 1109 1248 1141 civilium
1286 1108 1477 1149 praesidem,
1508 1107 1601 1139 labo-

901 1169 1042 1201 rumque
1067 1164 1252 1191 auctorem.
1297 1160 1387 1192 Quia
1409 1163 1522 1190 autem
1540 1166 1602 1198 per

900 1211 1025 1243 Janum
1040 1209 1243 1241 credebatur
1259 1218 1416 1241 accessus
1428 1213 1546 1250 patere
1557 1207 1602 1252 ad

899 1270 1039 1302 superos
1054 1260 1135 1291 deos
1147 1265 1303 1299 caeteros,
1316 1268 1507 1300 precesque
1520 1268 1602 1299 sup-

900 1311 1027 1352 plicum
1052 1320 1113 1352 per
1139 1319 1228 1351 eum,
1254 1315 1414 1351 tanquam
1441 1319 1503 1350 per
1523 1308 1600 1344 coeli

900 1367 1018 1404 portas
1049 1360 1251 1399 transmitti,
1290 1360 1418 1402 primus
1452 1359 1600 1390 omnium

900 1422 1034 1454 semper
1050 1411 1280 1443 invocabatur.
1300 1411 1398 1451 Cruq.
1439 1409 1601 1443 Matutine

895 1463 1012 1503 puter}
1042 1461 1071 1493 A
1088 1462 1236 1500 Matuta,
1250 1461 1282 1492 id
1299 1465 1365 1500 est,
1382 1469 1513 1491 aurora.
1535 1458 1601 1490 Seu

897 1513 995 1553 June]
1031 1511 1192 1543 Studiose
1208 1510 1434 1542 observabant
1452 1513 1600 1546 veteres,

898 1566 938 1593 ut
964 1562 1055 1593 Deos
1074 1560 1226 1600 pluribus
1242 1559 1433 1590 nominibus
1449 1557 1601 1598 appella-

898 1615 996 1642 rent:
1013 1611 1064 1642 uti
1079 1610 1111 1641 in
1129 1609 1288 1642 Carmine
1304 1607 1468 1639 Saeculari
1486 1611 1599 1638 osten-

898 1659 1021 1690 dimus.
1065 1659 1122 1689 Ita
1144 1667 1227 1697 ergo
1248 1657 1304 1687 hic
1323 1665 1458 1697 quoque
1473 1656 1600 1688 Janum

899 1707 1037 1737 invocat
1053 1705 1178 1744 Poeta,
1206 1709 1243 1735 et
1264 1705 1375 1735 veteri
1397 1704 1547 1745 quidem,
1562 1711 1601 1737 ut

899 1755 1060 1795 arbitror,
1091 1754 1260 1785 instituto.
1311 1753 1400 1785 Nam
1430 1762 1507 1785 cum
1538 1753 1600 1787 Ja-

898 1814 978 1836 num
1004 1804 1213 1845 temporibus
1229 1812 1379 1844 praeesse
1394 1803 1574 1835 crederent
1590 1817 1598 1843 3

899 1860 1034 1897 tempus
1061 1860 1174 1887 autem
1205 1855 1251 1886 sit
1279 1863 1440 1885 mensura
1464 1859 1597 1894 motus;

898 1906 1021 1938 merito
1037 1910 1073 1937 et
1087 1914 1210 1936 nomen
1222 1904 1345 1936 bocilli
1366 1903 1600 1936 accommoda·

899 1961 990 1996 runt,
1015 1956 1058 1988 ab
1073 1955 1184 1987 eundo
1200 1954 1343 1993 dictum,
1359 1958 1398 1986 ut
1414 1954 1462 1985 ait
1478 1954 1599 1986 Cicero

899 2006 942 2038 de
972 2006 1096 2038 Natur.
1122 2006 1272 2037 Deorum
1301 2004 1362 2035 lib.
1386 2013 1429 2036 ιι.
1453 2009 1489 2035 et
1513 2009 1599 2036 tam-

898 2066 997 2097 quam
1014 2054 1202 2096 principem
1218 2053 1411 2095 quemdam,
1426 2063 1447 2085 a
1466 2063 1533 2095 quo
1549 2054 1600 2085 in-

897 2107 1054 2148 ciperent
1073 2110 1109 2137 et
1133 2105 1166 2136 iu
1192 2113 1291 2146 quem
1315 2103 1514 2135 desinerent
1528 2112 1599 2135 orn-

896 2158 967 2198 nia,
982 2158 1183 2189 coluerunt:
1205 2155 1262 2186 ille
1279 2154 1358 2186 anni
1373 2158 1409 2185 et
1423 2154 1598 2192 mensium,

880 2208 954 2239 ville
977 2208 1044 2239 diei
1065 2206 1220 2238 dominus
1240 2205 1440 2244 habebatur,
1456 2204 1490 2236 id
1505 2204 1597 2246 quod

897 2267 917 2288 a
933 2262 1029 2297 tergo
1045 2260 1081 2287 et
1101 2255 1192 2296 quod
1208 2264 1228 2286 a
1242 2254 1356 2286 fronte
1371 2258 1465 2286 esset
1483 2254 1597 2295 adspi-

897 2307 990 2338 ciens
1003 2317 1014 2344 3
1041 2306 1196 2345 aperiens
1206 2305 1289 2336 item
1302 2309 1336 2335 et
1349 2304 1510 2336 claudens
1523 2304 1598 2335 uni-

897 2365 1017 2393 versa3
1041 2354 1130 2385 unde
1146 2358 1182 2384 et
1197 2353 1276 2384 Jani
1293 2354 1458 2393 appellati
1477 2355 1598 2385 transi-

898 2404 1007 2435 tiones
1033 2403 1176 2444 perviae,
1203 2407 1240 2433 ut
1257 2401 1348 2433 fores
1363 2402 1446 2443 ipsae
1460 2403 1597 2439 Januae.

897 2455 928 2486 ei
948 2458 1166 2487 consecratae.
1211 2452 1280 2484 Sed
1309 2457 1346 2484 et
1368 2454 1497 2484 clavem
1519 2463 1596 2494 ges-

897 2509 960 2542 tat,
986 2509 1023 2536 et
1048 2504 1182 2535 dierum
1204 2502 1282 2534 anni
1298 2502 1403 2534 totius
1419 2511 1595 2537 numerum

896 2564 1053 2586 manuum
1069 2552 1220 2585 articulis
1236 2552 1420 2593 exprimit:
1439 2562 1528 2584 nuuc
1544 2553 1595 2584 bi-

895 2614 989 2645 ceps,
1003 2613 1093 2635 nunc
1114 2602 1320 2644 quadriceps
1337 2602 1510 2643 pingitur:
1538 2612 1595 2635 ea·

895 2654 1039 2694 demque
1057 2652 1187 2684 ratione
1204 2655 1240 2683 et
1256 2651 1386 2683 bifrons
1406 2656 1442 2683 et
1458 2653 1595 2694 quadri·

894 2703 989 2734 frons
1017 2702 1223 2744 appellatur,
1246 2712 1382 2744 quaqua
1408 2712 1525 2734 versus
1541 2713 1594 2734 re-

895 2753 1053 2794 spiciens.
1097 2751 1257 2793 Denique
1295 2761 1371 2783 cum
1411 2753 1486 2784 talis
1523 2753 1590 2792 sit3

895 2803 1004 2846 prima
1027 2808 1062 2835 et
1088 2807 1242 2836 extrema
1262 2801 1454 2843 moderans,
1471 2802 1590 2836 merito
