1916 3262
324 307 436 348 1374

326 413 418 440 metu
432 407 485 439 alii
499 417 518 439 a
532 417 618 440 noxa
632 408 896 440 absterreantur.
919 408 1008 440 Auc-

327 464 381 490 tor
393 457 563 496 Polybius,
577 462 666 488 teste
681 457 793 489 Plinio
809 466 890 490 vm.
903 461 954 489 16.

370 509 410 537 16
432 505 548 545 Arida]
571 506 718 547 Propter
731 515 891 547 uquarum
906 516 1010 547 penu-

326 564 421 587 riam.

369 606 409 635 1⁷
433 604 519 634 Pone
533 613 580 634 me
600 602 718 644 pigris]
742 604 934 645 Descriptio
949 605 1012 635 cir-

326 653 491 692 culorum,
506 653 643 683 alterius
664 652 808 685 borealis
824 655 894 685 sive
909 654 1012 685 arcti·

327 702 370 740 ci,
385 701 522 732 alterius
538 702 702 740 australis,
713 702 782 732 sive
798 702 1013 738 antarctici,a

326 751 462 792 frigore,
477 751 619 789 nebulis,
635 755 671 782 et
695 751 780 782 aeris
804 751 1013 791 intemperie.

329 803 425 842 Cruq.
468 802 581 841 Pigris
594 801 657 841 ubi,
677 801 746 842 ilfa]
768 801 913 841 Campos
934 801 1014 832 assi-

327 851 396 882 duo
409 851 567 882 astrictos
578 850 703 890 frigore
725 852 735 869 ‘
749 850 860 891 pigros
875 852 883 867 ’
903 854 1014 888 vocat,

327 900 434 931 instar
458 899 638 936 hominum,
661 900 718 940 qui
733 899 798 940 ipsi
819 908 952 940 quoque
966 899 1015 929 ni-

327 949 396 980 mio
411 948 537 988 frigore
548 948 661 988 ignavi
672 958 857 989 segnesque
867 947 1014 979 efficiun-

330 1002 398 1029 tur.
442 997 532 1028 Hinc
553 997 664 1028 ‘iners
679 1002 714 1028 et
729 997 883 1037 ignavum
895 995 1018 1036 frigus’

329 1045 449 1077 Poeta
479 1046 666 1086 appellant.
705 1047 847 1077 Torrent.
890 1046 1018 1086 pig-ris]

329 1094 370 1124 In
387 1093 517 1134 frigidis
531 1095 612 1125 locis
628 1094 769 1125 Arctico
780 1095 831 1125 vel
847 1094 1018 1126 Antarcti-

330 1151 371 1174 co
387 1142 557 1183 subJectis,
573 1143 630 1174 ubi
652 1138 745 1184 aquae
766 1143 873 1184 glacie
890 1143 1018 1184 pigres-

331 1195 425 1222 cunn

373 1242 414 1271 18
435 1240 559 1272 AEstiva
585 1243 742 1272 recreatur
767 1241 860 1282 aura]
889 1240 1019 1282 Tepido

331 1293 547 1330 temperatur
563 1293 675 1322 vento.

375 1341 416 1370 19
439 1339 528 1374 Quod
542 1339 637 1379 latus]
653 1340 761 1372 Quam
777 1343 909 1380 partem
925 1347 1019 1370 mun-

334 1388 383 1419 di.

374 1439 416 1467 2⁰
436 1436 581 1476 Jupiter]
603 1436 770 1476 Malignns
785 1438 822 1467 et
841 1433 1018 1466 insalubris

334 1485 392 1517 aiir
409 1490 573 1526 perpetuo
589 1485 712 1524 premit
732 1488 768 1515 et
780 1488 935 1524 occupat.

374 1538 414 1567 21
437 1534 501 1565 Sub
512 1534 619 1574 curru]
642 1534 710 1564 Sub
723 1533 817 1564 Zona
831 1531 972 1569 torrida.
985 1531 1018 1562 in

333 1584 459 1616 Africa.
501 1583 689 1624 Propinqui]
710 1583 768 1615 Sol
788 1583 856 1614 illic
871 1582 1021 1613 directos

333 1634 455 1674 dejicit
471 1633 592 1670 radios,
608 1633 758 1674 obliquos
781 1631 874 1663 alibi.

375 1685 417 1714 22
433 1681 598 1722 Domum]
613 1681 808 1713 Credebant
821 1679 948 1720 antiqui
958 1679 1023 1711 Zo-

333 1741 410 1762 nam
440 1731 597 1762 torridam
623 1730 723 1761 fuisse
752 1729 999 1760 inhabitabilem
1013 1737 1023 1766 3

334 1784 370 1811 at
385 1780 456 1820 jam
472 1784 588 1811 notum
603 1785 667 1818 est,
678 1778 792 1809 multis
815 1787 855 1808 eo
869 1777 1026 1817 navigan·

335 1830 412 1869 bus,
426 1839 500 1861 eam
523 1829 602 1860 vitae
621 1828 772 1859 humanae
790 1825 1025 1868 protrahendae

335 1879 418 1909 satis
434 1887 508 1908 esse
523 1877 691 1908 idoneam.

378 1929 420 1957 23
444 1925 560 1965 Dulce]
583 1925 753 1956 Dulciter.

335 1975 419 2006 om:
433 1982 542 2005 xxm.
561 1971 750 2011 Λεσχητική.
787 1970 844 2002 An
860 1971 1024 2002 Catonis.

382 2023 460 2054 Non
473 2027 527 2053 est
542 2031 602 2052 cur
617 2020 722 2052 Chloe
746 2020 809 2050 viri
833 2023 1025 2050 contactum

377 2070 499 2111 fugiat,
515 2079 616 2110 quum
633 2069 678 2099 sit
691 2068 764 2108 jam
779 2067 841 2098 viri
858 2072 976 2106 potens
990 2071 1026 2097 et

380 2121 483 2148 aetate
499 2125 640 2148 matura.

382 2165 507 2204 [Codd.
537 2175 591 2204 ap.
608 2164 719 2197 Jaeck
746 2162 948 2202 inscribunt,
974 2161 1027 2192 Aa

340 2214 436 2245 Chloe
446 2223 459 2250 ,·
481 2217 530 2254 et,
541 2213 593 2244 Aa
607 2213 731 2243 Iri-viam
748 2211 870 2250 Chloe]

384 2266 400 2294 1
430 2263 533 2304 Vitas]
563 2263 654 2294 Libri
678 2262 833 2293 meliores
862 2259 1024 2295 scribunt,

345 2312 433 2344 Vitat
448 2312 602 2350 hinnuleo,
613 2314 666 2352 ⁸50·
698 2310 844 2351 Syllabae
860 2309 945 2340 ratio
958 2317 1027 2339 mu·

341 2361 502 2392 tationem
515 2359 659 2396 induxit,
674 2364 710 2391 ut
721 2360 802 2391 vitas
816 2358 1028 2390 scriberetur.

341 2409 406 2440 Sed
423 2410 542 2441 Poetae
565 2410 598 2440 id
614 2418 680 2441 non
698 2413 764 2440 tam
781 2408 880 2440 anxie
896 2412 1030 2447 curant,

341 2463 380 2489 ut
395 2458 509 2490 multis
524 2459 688 2499 exemplis
705 2457 818 2489 videre
834 2461 898 2488 est.
943 2456 1030 2488 Vide

343 2506 423 2538 Gul.
453 2507 633 2538 Canterum
663 2506 753 2538 Nov.
780 2506 876 2537 Leet.
912 2513 948 2536 v.
978 2507 1030 2536 12.

343 2555 516 2597 Hinnuleo]
534 2555 591 2587 Sic
605 2557 614 2573 ‘
628 2555 789 2597 equuleus
801 2554 811 2569 '
832 2559 869 2586 et
893 2554 903 2572 ⁸
916 2553 1032 2585 hoedu-

343 2603 441 2642 leus,’
457 2614 518 2644 pro
534 2604 676 2645 equulus
692 2608 728 2635 et
741 2602 905 2634 haedulus.
947 2602 1032 2633 Tum

344 2655 354 2669 ¹
367 2652 532 2684 hinnulus·
548 2662 613 2684 non
637 2662 811 2684 cervarum
827 2657 958 2684 tautum
973 2656 1032 2683 aut

345 2712 543 2742 caprearum
571 2705 702 2736 soboles
728 2709 793 2745 est,
817 2709 854 2736 nt
866 2705 976 2735 Varro
996 2708 1032 2735 et

347 2751 532 2789 Cplumella
549 2757 714 2785 testantur
728 2764 738 2792 ;
762 2754 820 2785 sed
835 2753 913 2795 equi
929 2753 1030 2784 etiam

348 2809 390 2831 ex
414 2799 503 2831 asina
519 2799 631 2841 foetus,
655 2802 794 2834 ‘hinnus
810 2802 818 2816 '
841 2802 979 2841 dicitur,
995 2806 1033 2833 ut

778 316 915 347 NOTAE
949 315 1167 347 VARIORU
1177 317 1207 346 Μ
1243 316 1292 345 ΙΝ

1059 407 1142 439 asini
1157 417 1198 438 ex
1213 416 1298 448 equa
1310 407 1320 425 ‘
1334 406 1463 438 mulus:
1486 407 1624 438 Tora-ent.
1653 407 1743 439 Scri·

1060 457 1151 488 bitur
1166 462 1200 488 et
1226 458 1352 488 Innuleo
1374 457 1446 487 sine
1463 457 1508 487 H.
1522 457 1625 488 Turn.
1639 464 1743 488 xxvt.

1061 509 1115 537 36.
1158 507 1330 546 Hinnuleo]
1352 506 1474 537 Similis
1499 506 1635 536 hinnulo
1652 505 1745 546 pullo

1062 555 1209 595 cervino,
1225 566 1292 597 quo
1306 556 1387 586 nihil
1408 554 1566 586 timidius.
1611 553 1744 595 [Codex

1063 604 1351 644 Guelpherbitana
1375 614 1426 644 ap.
1441 603 1563 640 Jaeck,
1589 603 1664 634 Vita
1676 603 1747 634 inu-³

1062 653 1119 683 leo.
1152 652 1205 683 ef.
1217 653 1304 685 Bibl.
1319 653 1404 685 Crit.
1418 652 1585 692 Seebode,
1598 653 1692 683 1820.
1705 659 1746 683 n.

1065 711 1098 742 p.
1114 701 1203 740 159]

1105 753 1125 781 2
1147 750 1254 791 Aviis]
1275 751 1316 782 In
1330 751 1497 782 montibus
1508 750 1579 781 sine
1595 749 1667 790 viis,
1683 758 1747 790 qua

1063 801 1145 832 ferae
1162 800 1351 832 discurrere
1366 801 1486 832 solent.

1106 852 1125 880 3
1149 849 1301 889 Matrem]
1323 850 1475 881 Cervam.

1106 902 1124 928 5
1150 897 1233 928 Nam
1247 907 1300 929 seu
1317 897 1490 937 mobilibus]
1511 897 1669 929 Muretus
1683 904 1749 926 uon

1066 956 1131 978 uuo
1142 947 1177 978 in
1192 946 1310 978 codice
1326 947 1391 987 legi
1407 945 1547 978 affirmat
1561 957 1570 977 ε
1595 947 1677 977 Nam
1697 953 1750 975 seit

1067 995 1226 1027 mobilibus
1243 996 1318 1026 vitis
1332 995 1486 1036 inhorruit
1498 996 1551 1027 Aa
1569 998 1690 1026 ventum
1698 993 1751 1030 so-

1068 1046 1134 1078 liis.
1176 1046 1230 1077 Sic
1260 1050 1296 1076 et
1321 1045 1472 1084 Scaliger
1489 1045 1634 1086 legebat.
1675 1041 1753 1082 Seu]

1069 1094 1147 1125 Sive
1164 1093 1252 1124 veris
1268 1093 1432 1124 adventus
1442 1093 1616 1128 inhorruit,
1627 1095 1660 1122 et
1673 1100 1754 1132 pan·

1069 1144 1102 1175 lo
1116 1143 1282 1174 horridior
1294 1142 1473 1180 incumbit3
1488 1141 1522 1172 id
1537 1145 1602 1176 est,
1615 1139 1754 1171 tremuit

1070 1192 1246 1223 mobilibus
1275 1191 1376 1223 foliis.
1418 1191 1486 1222 Sed
1508 1199 1568 1231 per
1590 1188 1755 1230 Hypalla-

1070 1251 1135 1282 geu
1160 1242 1236 1281 lege
1265 1241 1332 1272 sic:
1353 1241 1424 1272 sive
1447 1239 1528 1271 folia
1549 1239 1684 1271 mobilia
1705 1239 1754 1270 iu-

1070 1291 1271 1322 horruerunt
1287 1290 1374 1324 veris
1389 1290 1547 1321 adventu.
1570 1288 1679 1320 Poeta
1692 1297 1756 1330 per

1072 1339 1160 1371 veris
1175 1340 1353 1370 adventum
1379 1338 1548 1380 siguificat
1569 1337 1754 1369 Favonium

1071 1389 1156 1420 veris
1179 1389 1350 1419 comitem.

1111 1440 1131 1468 6
1168 1437 1303 1477 Rubum]
1348 1438 1497 1475 sentem,
1535 1436 1589 1466 vei
1625 1442 1752 1466 morum

1070 1492 1215 1527 agreste.
1267 1487 1368 1527 Angl.
1421 1487 1470 1517 the
1519 1484 1753 1517 bromme-burli.

1070 1535 1232 1576 [Guelph.
1249 1534 1398 1575 rubrum]
1705 1572 1708 1574 Α

1113 1584 1147 1624 [7
1175 1585 1338 1615 Demovere
1353 1583 1452 1615 codd.
1467 1593 1522 1624 ap.
1538 1581 1677 1622 Jaeek.]

1112 1636 1132 1664 8
1156 1635 1199 1664 Et
1224 1632 1328 1672 corde]
1351 1633 1396 1663 Et
1420 1632 1529 1663 animo
1553 1636 1589 1662 et
1603 1640 1756 1672 corpore.

1074 1682 1212 1713 Genibus
1223 1681 1344 1720 tremit]
1366 1681 1478 1712 Pavor
1490 1681 1577 1710 enim
1593 1679 1757 1719 incipiens

1073 1739 1216 1771 genuum
1231 1739 1362 1770 quoque
1376 1733 1521 1759 tremore
1533 1727 1686 1768 arguitur
1698 1738 1707 1759 :
1723 1732 1759 1758 ut

1072 1782 1082 1798 ⁴
1094 1779 1192 1811 tarda
1209 1778 1367 1810 trementi
1385 1778 1504 1810 Genua
1526 1777 1662 1809 labant?
1685 1777 1760 1810 Tor·

1070 1832 1154 1860 rent.
1196 1828 1360 1869 [Guelph.
1375 1828 1538 1868 tremunt]

1113 1881 1135 1908 9
1156 1877 1270 1918 Atqui]
1291 1875 1409 1917 Atqui,
1433 1886 1453 1907 o
1477 1874 1594 1915 Chloe,
1615 1883 1679 1916 ego
1693 1882 1759 1906 non

1074 1935 1256 1966 persequor
1277 1930 1310 1956 te
1325 1923 1491 1963 frangere,
1513 1929 1551 1955 ut
1573 1923 1762 1964 aspern‘l'i-

1073 1975 1141 2014 gris
1171 1980 1271 2014 atque
1295 1978 1333 2004 ut
1359 1974 1413 2004 leo
1429 1973 1610 2006 Gaetulus...
1639 1971 1760 2012 figi-ta]

1072 2022 1186 2060 Tigris
1200 2022 1427 2052 truculentum
1443 2027 1495 2051 est
1515 2020 1636 2051 anima!
1652 2025 1688 2051 et
1703 2029 1761 2051 ve·

1072 2069 1288 2100 locissimum.

1115 2120 1156 2148 10
1179 2116 1370 2156 Gaetulusve]
1393 2114 1528 2146 Africus
1557 2115 1630 2152 Ιεος
1651 2118 1706 2145 est
1724 2123 1759 2145 e-

1074 2165 1140 2197 uim
1157 2165 1305 2197 Gaetulia
1320 2174 1397 2205 pars
1415 2163 1553 2194 Africae.
1588 2162 1761 2203 Frangere]

1075 2215 1123 2245 Ut
1137 2218 1171 2244 te
1187 2213 1336 2254 frangam
1353 2216 1388 2243 et
1400 2211 1562 2243 occidam.

1118 2266 1158 2294 12
1181 2261 1385 2302 Tempe-stiva]
1406 2261 1490 2291 Viro
1505 2265 1584 2300 apta
1599 2264 1634 2290 et
1656 2263 1763 2291 matu·

1077 2321 1125 2351 ra,
1137 2321 1239 2342 annos
1253 2315 1330 2342 nata
1342 2310 1457 2341 decem
1473 2314 1508 2340 et
1519 2315 1662 2349 septem.
1687 2309 1763 2342 Jus-

1077 2361 1220 2392 tiuianus
1242 2365 1251 2378 ‘
1265 2360 1503 2399 viripotentem
1517 2357 1525 2372 '
1550 2361 1659 2397 vocat,
1687 2364 1762 2399 quae

1074 2410 1144 2450 jam
1160 2414 1290 2440 matura
1305 2409 1376 2439 viro
1392 2407 1448 2438 sit.

1080 2459 1164 2491 One
1188 2467 1291 2490 xxiv.
1325 2455 1509 2497 Θρηνητική.
1553 2454 1610 2487 An
1632 2455 1759 2487 me-

1123 2516 1225 2547 mum,
1241 2507 1298 2548 qui
1314 2511 1453 2537 mortem
1469 2505 1644 2537 Quinctilii
1656 2502 1761 2536 defle-

1122 2556 1182 2587 bat
1197 2554 1429 2586 immoderate.

1123 2605 1209 2645 [Hoc
1228 2604 1297 2642 suit
1319 2602 1504 2644 epitaphium
1526 2600 1691 2637 Quinctilii
1711 2602 1764 2633 de-

1072 2653 1192 2694 functi,
1207 2654 1258 2693 qui
1265 2652 1334 2691 fuit
1345 2653 1436 2694 filius
1457 2651 1600 2690 Virgilii,
1613 2651 1763 2682 undando

1079 2713 1159 2743 eum,
1186 2705 1218 2734 et
1241 2702 1418 2733 emolanao
1448 2700 1627 2739 Virgilium,
1654 2698 1707 2739 qui
1725 2699 1763 2728 de

1079 2756 1176 2784 morte
1180 2751 1247 2794 filii
1268 2751 1396 2783 nimium
1413 2751 1521 2784 doluit,
1536 2746 1763 2780 Schoenboru.

1080 2801 1130 2840 2·]
