1904 3216
460 288 668 322 HoRATu
703 286 981 319 sannionum
1017 286 1111 318 mn.
1143 285 1196 315 11.
1226 275 1269 317 3.

137 383 247 417 cusari
267 383 449 415 stultitiam
475 383 658 423 affirmans,
688 392 834 424 pronun-

137 435 204 466 tiat
231 433 322 476 quod
346 433 512 474 sequitur,
538 433 604 469 Qui
630 433 758 473 species,
780 434 836 473 &c-

137 483 244 525 Cujus
273 482 430 515 fortnnlae
459 483 533 526 ltaec
562 482 730 515 sententia
759 486 834 514 est:

137 534 206 567 Qui
227 533 323 572 alias,
343 533 407 565 hoc
430 537 494 573 est,
516 533 574 574 qui
595 541 708 567 novas,
735 532 792 573 qui
816 542 837 563 a

136 587 235 616 recta
250 583 462 625 philosophia
476 583 602 614 alienas
614 581 679 613 sibi
702 581 834 623 fingere

137 637 175 665 et
189 633 349 675 amplecti
361 633 493 674 species
516 630 698 673 permittit,
715 632 834 673 quales

137 683 204 716 illae
218 693 293 725 quas
309 693 353 716 ex
368 684 439 715 veri
460 687 496 715 et
516 681 593 714 falsi
613 690 673 713 seu
697 681 834 714 virtutis

135 738 173 766 et
181 733 256 766 vitii
267 733 466 766 turbulenta
479 732 622 775 quadam
638 731 834 764 confusione

136 784 304 824 oriuntur,
328 783 385 816 liic
411 786 588 816 commotae
615 782 739 813 mentis
763 782 834 813 sive

135 833 272 865 insanus
298 832 473 866 habendus
501 837 566 864 est.
610 832 657 864 Et
685 841 768 864 sane
799 832 834 863 in

135 883 304 915 communi
329 883 409 915 vitoe
433 883 530 915 cultu
556 892 632 915 raro
657 886 834 922 peccatur,

134 937 175 964 ιιι
187 941 257 965 uon
270 937 429 966 occurrat
445 932 572 974 aliquid
588 932 678 974 quod
694 933 835 964 obtendi

134 981 219 1014 vitio
243 983 372 1024 possit:
395 982 477 1024 quin
500 986 536 1014 et
550 987 714 1024 corrupto
729 983 834 1015 etiam

130 1032 275 1074 judicio,
289 1037 459 1074 tamquam
487 1032 584 1072 caet,
605 1042 834 1074 pravasaepe

136 1090 200 1122 pro
216 1082 320 1114 rectis
345 1082 586 1123 amplectimur
600 1093 612 1114 ε
635 1082 694 1124 qui
718 1087 834 1114 tamen

135 1140 233 1164 error
255 1141 276 1164 a
295 1131 444 1164 stultitia
458 1140 525 1164 non
540 1136 694 1168 excusat,
709 1142 834 1174 neque,

137 1181 165 1212 si
180 1181 266 1223 legis
282 1191 384 1223 poeua
399 1180 548 1214 fortassis
563 1182 664 1218 absit,
681 1183 759 1214 ideo
774 1183 835 1214 mi-

135 1241 199 1264 nus
214 1241 258 1264 ex
274 1231 499 1273 philosophias
516 1231 720 1273 praescripto
741 1232 836 1263 dam-

134 1281 303 1313 nabimur.
336 1282 346 1300 ‘
358 1281 487 1314 Omnes
499 1281 508 1295 '
524 1282 626 1322 euim,
640 1286 677 1314 ut
693 1282 771 1314 alibi
787 1281 838 1313 ait

136 1331 292 1371 Flaccus,
328 1331 338 1349 ⁴
356 1330 546 1372 decipimur
578 1331 694 1372 specie
725 1331 837 1364 recti.'

136 1380 186 1412 At
208 1380 274 1413 hoc
296 1380 406 1422 ipsum
436 1386 502 1421 est,
530 1381 663 1423 inquiet
687 1381 836 1422 Stoicus,

135 1430 228 1472 qnod
251 1435 380 1472 praeter
396 1431 600 1472 sapientem,
615 1440 732 1463 omues
747 1431 836 1462 insa-

134 1480 246 1512 niunt.
274 1480 366 1512 Alias
379 1486 492 1513 autem
506 1482 624 1522 species
636 1491 746 1522 capere
760 1481 834 1513 dix-

135 1530 178 1570 it,
193 1535 232 1562 ιιι
247 1531 258 1549 ‘
271 1540 326 1563 res
342 1531 424 1563 alias
439 1540 543 1572 agere
555 1531 565 1545 '
587 1531 705 1563 Cicero
721 1535 757 1563 et
769 1532 834 1563 Te-

134 1581 267 1613 rentius
277 1590 288 1612 z
306 1585 345 1612 ut
359 1581 448 1612 enim
463 1580 566 1612 ‘illud
581 1580 670 1621 age‚'
687 1582 741 1612 vel
754 1581 832 1613 ‘hoc

135 1630 225 1672 αρε(
241 1634 322 1664 uota
343 1629 504 1672 loquendi
527 1628 674 1662 formula
694 1636 760 1671 est,
776 1631 834 1672 qui

133 1681 260 1714 intenti
273 1680 449 1721 proposito
463 1679 562 1711 uobis
578 1680 676 1720 operi
691 1689 766 1711 esse
778 1680 835 1720 ju-

135 1729 280 1762 bemur:
304 1729 355 1760 sic
384 1728 501 1760 ‘aliud
528 1728 651 1769 agere'
677 1728 835 1767 dicimur,

135 1788 212 1811 cnm
222 1779 335 1811 auimo
345 1787 540 1818 evagamur,
550 1782 586 1809 et
595 1777 727 1818 lougius
737 1778 837 1808 aber-

137 1839 262 1861 ramus.
282 1829 426 1860 Torrent-
473 1827 537 1863 Qui
558 1827 689 1868 species]
710 1827 835 1868 Loqui-

140 1885 197 1910 tur
223 1878 391 1920 plebeius.
436 1877 528 1909 Alias
548 1876 645 1917 ceris]
669 1874 836 1908 Differen-

139 1936 192 1963 tes
208 1939 227 1963 a
244 1930 344 1962 veris.

180 1985 246 2015 209
273 1982 447 2014 Permixtas
464 1982 586 2023 capiet]
610 1982 655 2014 Et
671 1991 746 2013 cum
763 1990 834 2012 sce-

137 2034 209 2065 lere
221 2032 433 2074 conjunctas.
469 2034 645 2065 Commotus
658 2031 833 2072 habebitur]

137 2083 297 2116 Furiosus
311 2082 488 2114 habendus
503 2088 570 2115 est.

178 2134 244 2164 alo
267 2131 412 2164 Nihilam
434 2132 580 2174 distabit]
611 2132 706 2164 Nihil
731 2131 835 2163 inter-

137 2186 202 2215 est.

154 2259 156 2262 ⁴
177 2235 243 2264 212
267 2231 316 2263 01>
337 2231 461 2272 titulos]
487 2231 573 2263 Tale
596 2231 660 2262 hoc
683 2239 740 2262 ιιι.
764 2230 833 2263 Od.

135 2285 189 2315 24.
203 2283 213 2302 ‘
224 2282 260 2315 Si
276 2286 405 2324 quaeret
418 2286 518 2321 pater
532 2281 665 2312 urbium
681 2280 834 2312 Subscri-

134 2333 171 2365 bi
186 2331 333 2364 statuis!
359 2331 502 2362 Torreat.
546 2330 700 2361 Admittis
721 2329 834 2369 scelus]

136 2382 256 2414 Filiam
271 2381 414 2413 occidis.

115 2449 124 2455 -
179 2433 244 2462 213
266 2429 342 2462 stas
360 2429 478 2470 animo]
499 2428 600 2460 Sanae
625 2429 749 2460 mentis
774 2430 834 2460 es?

138 2480 183 2511 Et
205 2488 319 2520 pmm
338 2479 401 2520 est]
428 2479 558 2519 Expers
585 2479 688 2510 vitiis.
733 2479 837 2515 Quum

137 2529 291 2561 tumidum
306 2533 352 2561 est
366 2528 434 2569 cor]
449 2528 561 2562 Quum
578 2537 637 2560 cor
652 2529 703 2559 ira
718 2533 772 2559 est
787 2528 836 2559 in-

137 2578 268 2610 flatum.

179 2632 246 2661 214
268 2628 306 2661 Si
319 2629 388 2670 quis
401 2628 524 2669 lectica]
539 2627 666 2659 Similis
682 2626 754 2659 Caii
770 2627 832 2659 Ca-

138 2679 251 2721 ligula
266 2679 397 2711 insania
414 2690 421 2710 :
446 2679 504 2721 qui
520 2679 672 2710 Incitato
688 2677 782 2720 (equi
798 2678 834 2710 id

138 2739 258 2761 nomen
281 2729 373 2770 erat)
403 2734 529 2770 praeter
555 2729 667 2769 equile
691 2737 834 2762 marmo-⁴

139 2789 246 2820 reum,
261 2785 297 2812 et
314 2789 468 2820 praesepe
483 2779 680 2816 eburneum,
695 2783 835 2818 praeter-

139 2839 205 2871 que
221 2838 390 2870 purpurea
405 2834 600 2871 tegumenta
617 2838 655 2861 ac
671 2827 795 2860 monile
817 2838 836 2860 e

1475 275 1590 317 1709

888 381 1043 423 gemmis,
1059 380 1195 413 domum
1209 378 1314 411 etiam
1328 380 1365 410 et
1377 377 1539 410 familiam
1555 382 1592 410 et

889 431 1140 472 supellectilem
1161 429 1269 470 dedit,
1291 438 1359 471 quo
1384 427 1510 460 lautius
1533 437 1593 459 no-

888 481 978 512 mine
990 481 1063 522 ejus
1079 480 1215 511 invitati
1231 479 1492 521 acciperentur-3
1507 487 1591 510 con-

888 531 1036 562 sulatum
1052 539 1188 572 quoque
1214 529 1363 562 traditur
1389 528 1592 561 destinasse.

889 581 983 612 Suet.
999 590 1076 622 cap.
1091 583 1146 612 45.
1166 581 1308 613 Tor-rent.
1342 579 1507 621 Nitidam]
1520 579 1592 621 Ag·

887 638 966 661 nam
983 629 1101 661 abluto
1115 629 1241 661 vellere
1257 629 1452 662 candidam.

931 678 1011 719 [215
1028 679 1137 712 Codd.
1152 680 1244 715 Peae,
1259 679 1432 720 ancillam]

929 731 994 760 216
1015 730 1136 761 Pusam
1150 733 1205 761 aue
1218 730 1381 770 pusillam]
1407 729 1592 762 Lambinus

887 778 988 820 tegit,
1002 779 1127 820 Pupam
1136 784 1191 810 aut
1199 779 1370 820 pupillam.-
1382 784 1420 811 at
1435 780 1462 811 si
1476 790 1593 812 verum

888 833 955 869 est,
981 829 1070 869 quod
1098 827 1188 859 idem
1211 828 1271 867 ait,
1296 828 1501 868 scripturam
1519 839 1594 861 eam

887 883 1041 912 veterum
1057 878 1189 920 aliquot
1204 877 1366 914 librorum
1387 877 1595 910 auctoritate

887 930 1117 971 comprobari,
1136 929 1262 960 nullam
1278 927 1438 969 profecto
1455 929 1569 960 malim
1583 939 1593 960 ε

887 984 977 1012 notae
994 980 1085 1011 enim
1102 978 1273 1010 nutricum
1287 977 1478 1017 blanditiae,
1503 978 1514 996 ⁸
1532 987 1593 1018 pu-

888 1030 974 1071 pus,’
1012 1035 1021 1048 ‘
1035 1027 1207 1070 pupulus,’
1242 1029 1252 1046 ⁴
1274 1027 1447 1069 pupillus.’
1490 1028 1594 1060 Nunc

888 1084 1003 1113 tamen
1019 1081 1200 1111 Lectorem
1221 1088 1362 1110 monere
1389 1078 1494 1119 volui,
1518 1079 1594 1110 uul-

888 1131 957 1162 lum
971 1139 1024 1162 me
1040 1139 1200 1171 umquam
1215 1129 1340 1160 vidisse
1354 1128 1521 1170 codicem,
1535 1129 1594 1171 qui

890 1180 992 1212 aliter
1016 1179 1172 1219 haberet,
1195 1189 1297 1221 quam
1323 1178 1443 1217 Rufum
1457 1182 1514 1210 aut
1534 1188 1595 1219 pa-

888 1230 1003 1262 sillam.
1048 1229 1219 1270 Cruquius
1243 1238 1325 1260 vero
1349 1227 1452 1265 rusam
1476 1228 1595 1259 vocari

890 1280 1030 1321 indigne
1067 1279 1194 1320 ferens,
1224 1289 1324 1321 quam
1353 1283 1432 1310 ante
1459 1279 1595 1310 nitidam

889 1331 1034 1363 dixisset
1052 1331 1211 1371 Flaccus,
1221 1331 1294 1371 ejus
1306 1331 1383 1362 loco
1395 1339 1502 1371 pusam
1514 1329 1594 1361 nub-

888 1382 1022 1414 stituit:
1039 1381 1099 1413 sed
1116 1382 1316 1422 conjectura
1332 1385 1481 1421 tantum,
1496 1384 1535 1411 ut
1547 1380 1598 1411 in·

888 1441 998 1473 genue
1015 1430 1192 1462 coufessus
1215 1437 1281 1463 est.
1329 1431 1402 1470 Ego
1430 1436 1509 1462 vero
1535 1439 1594 1460 ne-

887 1491 952 1524 que
964 1482 1177 1522 conjecturas
1190 1491 1279 1521 amo,
1289 1485 1326 1513 et
1338 1490 1413 1512 eam
1426 1491 1502 1522 quae
1514 1479 1594 1511 rufa

887 1533 932 1563 sit
948 1542 1014 1563 nou
1028 1532 1138 1564 minus
1155 1542 1255 1574 quam
1279 1532 1308 1563 si
1332 1531 1481 1563 candida
1503 1535 1595 1562 esset

887 1583 998 1614 nitere
1029 1592 1128 1624 posse
1155 1583 1314 1614 existimo
1329 1594 1338 1614 z
1369 1582 1454 1614 illud
1481 1582 1594 1623 potius

889 1631 1086 1672 offenderit,
1116 1635 1206 1673 quod
1244 1632 1453 1664 blandiendo
1489 1633 1594 1671 rusam

888 1682 1055 1722 appellet,
1081 1691 1156 1713 cum
1184 1682 1278 1713 color
1301 1682 1357 1713 ille
1374 1691 1440 1713 non
1454 1682 1593 1713 nimium

890 1736 1050 1763 venustus
1064 1731 1250 1771 habeatur3
1271 1732 1320 1763 sic
1336 1732 1424 1763 enim
1442 1732 1594 1772 Clitipho

888 1781 946 1812 ille
957 1781 1187 1813 Terentianus
1201 1782 1234 1813 in
1250 1782 1382 1814 Heaut.
1398 1787 1406 1800 '
1425 1781 1592 1814 Rufamne

888 1831 982 1862 illam
998 1831 1175 1871 virginem,
1196 1832 1346 1872 caesiam,
1373 1842 1492 1873 sparso
1519 1842 1594 1871 ore,

888 1880 1023 1913 adunco
1050 1882 1154 1912 naso?
1192 1891 1259 1913 non
1291 1892 1441 1923 possum,
1467 1882 1592 1923 pater!

888 1930 956 1962 Sed
973 1935 1008 1962 et
1023 1931 1032 1949 ‘
1049 1929 1154 1963 rufae'
1179 1938 1292 1963 tamen
1308 1931 1410 1974 (quas
1426 1933 1592 1974 hodieque

888 1990 954 2012 non
970 1980 1152 2022 injucunde
1167 1986 1315 2014 rosseuas
1336 1983 1415 2014 Itali
1438 1983 1594 2023 vocant,)

889 2036 1057 2063 amatores
1072 2032 1269 2071 inveniuut3
1295 2037 1331 2064 ct
1354 2033 1398 2065 de
1421 2043 1517 2074 agnae
1539 2033 1595 2065 vel

888 2082 999 2115 forma
1021 2084 1075 2115 vel
1098 2084 1214 2116 colore
1236 2086 1390 2117 contenti
1412 2087 1514 2118 simus
1532 2096 1594 2128 po-

890 2134 970 2174 tius,
985 2143 1084 2175 quam
1102 2138 1140 2165 ut
1157 2135 1284 2176 aliquid
1303 2140 1433 2167 temere
1451 2137 1485 2166 iu
1507 2137 1592 2168 clas-

889 2183 970 2214 sicis
986 2183 1182 2215 auctoribus
1195 2184 1405 2216 immutetur.
1426 2185 1513 2216 Torr.

937 2235 999 2265 217
1015 2233 1165 2265 Destinet
1180 2234 1323 2275 naa-wem]
1338 2234 1517 2275 Spondeat
1532 2245 1592 2266 ux-

889 2293 993 2315 orem.
1039 2283 1129 2315 Huic
1151 2294 1237 2315 omne
1266 2285 1386 2316 adimat
1407 2283 1479 2325 jus]
1505 2285 1593 2316 'ran-

888 2341 988 2372 quam
1004 2331 1159 2373 ,furiosm
1203 2334 1280 2374 dus]
1315 2333 1381 2365 Jus
1412 2333 1503 2364 bona
1532 2344 1592 2366 sua

890 2381 1160 2412 administrandi.

930 2433 994 2461 218
1005 2431 1056 2462 Ad
1066 2439 1158 2461 sanos
1173 2431 1261 2462 abeat
1277 2432 1376 2462 tutela
1385 2430 1589 2473 propinquos]

892 2480 1014 2519 Tutela,
1037 2485 1076 2511 ut
1092 2479 1278 2512 definiebat
1294 2481 1390 2512 Serv.
1405 2480 1591 2520 Sulpicius,

890 2531 939 2561 vis
956 2535 1010 2561 est
1026 2539 1066 2561 ac
1092 2534 1247 2571 potestas
1272 2531 1306 2561 in
1329 2531 1444 2572 capite
1468 2531 1590 2572 libero,

890 2581 931 2611 ad
947 2579 1110 2612 tuendum
1125 2591 1215 2618 eum,
1231 2582 1289 2622 qui
1306 2591 1341 2612 se
1365 2591 1426 2622 per
1449 2586 1589 2615 aetatem

889 2629 1074 2661 defendere
1087 2639 1156 2662 uon
1173 2631 1382 2671 potest,jure
1400 2631 1493 2662 civili
1510 2631 1590 2664 data

889 2690 928 2711 ac
947 2680 1121 2720 permissa.
1165 2680 1279 2721 Atque
1294 2681 1371 2713 hinc
1387 2681 1470 2714 dicti
1484 2683 1588 2716 etiam

888 2733 1006 2761 tutores
1017 2729 1155 2770 proprie
1168 2729 1396 2770 impuberum.
1428 2731 1516 2763 Nam
1530 2733 1588 2774 qui

889 2779 1166 2810 adolescentibus
1177 2780 1363 2812 minoribus
1379 2790 1466 2813 xxv.
1480 2783 1588 2822 anuis,

890 2830 947 2871 qui
964 2829 1129 2871 prodigis,
1145 2831 1201 2872 qui
1217 2835 1332 2863 mente
1348 2830 1462 2873 captis
1472 2840 1512 2864 ac
1534 2830 1585 2864 fu«
