1930 3204
501 311 712 345 noRA'ru
743 311 1012 344 οΑΒΜιΝυΜ
1049 312 1142 344 mn.
1173 313 1239 342 ιν.
1269 303 1338 344 15.

199 409 241 441 ab
257 409 330 441 aliis
345 407 614 450 distinguantur:
631 409 670 438 ut
682 409 765 446 puta
777 404 890 437 ‘Julia

196 458 420 501 Majestatis‚'
451 459 461 477 ‘
484 458 579 491 Julia
605 456 647 487 de
675 453 890 486 Adnlteriis.’

199 509 296 541 luter
311 519 395 551 quas
412 507 630 541 celeberrima
644 505 703 536 illa
717 505 727 522 ‘
742 505 798 536 De
815 504 889 535 Ma-

197 559 339 590 ritandis
353 555 562 596 Ordinibusss
575 556 644 587 sive
655 551 787 595 ‘Papia
799 553 890 594 Pop-

197 608 297 649 paea‚'
318 617 394 639 sero
416 607 458 639 ab
473 605 626 647 Augusto
643 604 785 645 perlata.
812 603 888 635 Tor-

195 661 278 690 rent.
309 658 422 689 Edicta
434 659 574 698 rumpent
587 655 689 690 Julia,
704 665 765 686 mm
782 654 889 695 Getae]

197 708 307 748 Leges
322 708 430 741 Julias
448 716 514 739 non
535 705 708 738 violabunt
731 705 774 736 de
795 704 889 737 adul-

195 759 301 799 teriis,
322 759 376 790 vel
390 758 474 790 alias
489 759 582 799 leges
599 766 829 799 quascunque.

236 811 280 841 ΞΒ
302 807 437 850 Infldive
459 807 582 848 Persa]
616 806 789 843 Infideles.
811 807 891 848 quia

194 856 353 889 Crassum
381 857 538 888 simulata
563 865 649 897 pace
677 855 889 889 occiderant.

194 905 306 947 [Unus
320 906 433 938 Vand.
446 906 634 948 incidique]

235 959 276 989 24
301 957 374 988 Non
391 956 615 997 Tonaim,85·c.]
647 956 725 988 Non
752 956 890 998 Scythae

193 1012 230 1039 et
243 1007 421 1039 Sarmatae.

234 1060 276 1088 25
301 1057 455 1095 owestis
466 1057 600 1099 lucibus]
626 1056 738 1088 Pestis
753 1055 890 1097 potissi-

193 1115 284 1137 mum
299 1105 434 1147 diebus,
448 1107 537 1138 inter
554 1107 644 1146 vina,
661 1106 829 1138 clarorum
844 1105 892 1138 vi-

193 1165 307 1187 rorum
322 1157 459 1188 nomina
480 1156 714 1188 celebrabant.
757 1156 892 1189 Eximia

195 1214 276 1236 vero
291 1204 436 1246 Augusti
452 1205 537 1245 laus,
553 1215 652 1247 quem
667 1205 809 1237 Romani
824 1213 891 1237 non

192 1253 289 1286 festis
305 1259 450 1294 tantum,
460 1255 518 1287 sed
533 1259 570 1287 et
586 1254 746 1296 profestis
759 1255 893 1294 diebus,

193 1314 259 1336 nec
274 1306 381 1336 solnm
395 1305 554 1346 publicis,
569 1315 685 1338 verum
701 1306 806 1338 etiam
822 1306 891 1347 pri-

192 1355 280 1387 vatis
303 1355 337 1386 in
361 1355 525 1386 conviviis
549 1355 780 1387 celebrabant.
815 1356 890 1387 Tor-

190 1408 272 1436 rent.
316 1404 471 1444 Profestis
481 1405 612 1446 lucibus]
635 1405 765 1436 Diebus
775 1413 888 1436 sacros

191 1454 264 1486 dies
282 1454 564 1495 praecedentibus,
586 1455 643 1497 qui
667 1454 837 1487 laboribus
852 1459 888 1488 et

190 1505 334 1546 privatis
368 1510 404 1537 et
433 1505 579 1547 publicis
608 1510 688 1537 sunt
723 1506 887 1538 concessi.

190 1554 335 1597 [Nosque
367 1565 424 1597 pro
454 1555 553 1594 sestis
581 1556 664 1588 Var.
700 1555 798 1588 Lect.
832 1565 887 1597 ap.

189 1605 328 1646 Jneckq

231 1657 274 1688 26
297 1655 509 1697 Interjocosi]
531 1656 629 1688 Inter
642 1655 719 1687 vina
736 1659 772 1688 et
787 1656 885 1688 laetas

189 1706 322 1748 epulas.

232 1758 275 1787 2⁷
299 1756 380 1787 Cum
389 1756 476 1796 prole
489 1755 714 1797 matronisque]
749 1755 834 1787 Cum
850 1756 888 1788 li-

192 1804 284 1837 beris
299 1810 336 1836 et
350 1805 527 1836 uxoribus.

232 1856 275 1885 28
294 1853 370 1885 Rite
381 1853 468 1884 Deos
477 1853 583 1894 prius]
599 1853 684 1894 Nos,
698 1852 766 1884 ritu
776 1853 887 1894 Majo-

191 1911 278 1942 rum,
292 1903 385 1934 Deos
402 1903 545 1943 primum
561 1903 772 1942 invocantes,
787 1911 888 1933 cane-

191 1962 265 1985 mus
286 1952 396 1984 claros
417 1951 533 1991 duces,
553 1951 609 1992 qui
626 1960 688 1991 pro
702 1950 822 1992 patriae
838 1959 889 1982 sa-

191 2003 264 2034 lute
277 2011 354 2033 cum
371 2001 478 2042 gloria
492 2005 570 2032 aunt
580 2000 717 2032 mortui.

233 2054 276 2083 2⁹
305 2049 581 2090 Virtutefunctos]
602 2050 689 2081 Vide
707 2058 733 2082 ι.
749 2049 816 2082 od.
837 2052 887 2081 12.

195 2102 320 2134 Virtute
325 2100 456 2139 functos
467 2099 551 2131 dicit
562 2099 739 2136 Horatius,
750 2104 788 2130 ut
801 2103 809 2118 ⁸
822 2099 886 2130 vir-

191 2153 274 2186 tutis
294 2159 434 2184 munere
460 2148 617 2182 functus’
643 2149 714 2182 Cic.
745 2149 757 2168 ⁴
776 2149 886 2183 Nemo

1530 303 1639 346 1531

944 416 1062 447 parum
1078 406 1137 437 diu
1153 407 1249 445 vixit,
1270 406 1328 447 qui
1352 405 1489 437 virtutis
1508 408 1643 446 perfec-

944 461 989 488 tae
1006 456 1142 487 functus
1158 459 1209 486 eat
1225 455 1387 488 munere!
1413 456 1557 488 Torrent.

986 509 1027 537 30
1048 506 1148 547 Lydis
1173 506 1318 548 remi-⁹10]
1345 506 1467 538 Plures
1491 507 1569 538 libri
1594 517 1643 539 re-

942 552 1043 587 mixto
1054 556 1193 596 legunt:
1211 555 1362 587 nonnulli
1377 555 1492 597 Lydiis
1508 565 1568 596 pro
1580 556 1643 597 Ly-

942 606 1012 636 dis.-
1030 613 1149 645 parum
1165 604 1288 636 refert.
1310 605 1379 636 Sed
1393 605 1575 636 videndum
1589 611 1644 637 est

942 665 1003 686 cur
1017 655 1123 696 Lydas
1133 660 1231 686 vocat
1243 655 1399 695 Flaccus,
1408 665 1489 696 quas
1501 655 1557 686 alii
1570 654 1642 687 fere

945 706 955 724 ‘
972 705 1166 747 Phrygias?
1191 706 1279 747 quod
1306 715 1381 737 meo
1407 715 1488 737 sane
1509 705 1642 746 judicio

942 765 1008 788 non
1031 756 1166 788 aliunde
1182 766 1284 798 quam
1301 766 1320 787 a
1336 756 1509 797 regionum
1527 755 1644 787 vicini-

943 811 1016 839 tate
1033 806 1212 848 procedit3
1231 815 1308 837 nam
1324 815 1400 837 cum
1416 805 1577 846 Phrygiae
1594 806 1644 836 in-

943 861 1080 889 ventum
1097 857 1142 889 sit
1156 856 1255 897 tibia,
1265 860 1300 888 et
1311 855 1454 888 eandem
1470 855 1594 888 habeat
1609 856 1643 887 in

943 908 1078 948 organis
1092 907 1171 947 vim,
1187 917 1286 949 quam
1302 907 1335 938 in
1353 906 1492 938 vocibus
1509 906 1644 938 harmo-

942 956 1012 996 nia,
1034 967 1110 999 quae
1127 961 1164 989 et
1178 957 1256 998 ipsa
1267 956 1419 997 Phrygia
1435 957 1642 997 appellatur,

944 1016 964 1038 a
983 1016 1051 1049 qua
1067 1006 1179 1047 Lydia
1199 1006 1381 1047 plurimum
1403 1004 1542 1045 differt;
1566 1005 1644 1047 (illa

944 1057 1033 1088 enim
1050 1056 1268 1095 concitatior,
1288 1056 1482 1096 acriorque,
1502 1065 1542 1086 ac
1566 1065 1643 1096 pro-

943 1106 1024 1138 inde
1041 1106 1189 1147 Cybeles
1206 1111 1242 1138 et
1253 1106 1383 1138 Bacchi
1399 1106 1503 1137 sacris
1520 1110 1602 1146 apta
1613 1105 1643 1146 3)

945 1156 1028 1188 nulli
1059 1155 1198 1187 dubium
1234 1160 1301 1196 est,
1337 1156 1418 1197 quin
1447 1155 1553 1197 Lydus
1583 1164 1644 1195 pro

945 1208 954 1226 ⁸
969 1206 1144 1247 Phrygiis·
1167 1205 1293 1237 dixerit
1307 1205 1432 1237 Horat.
1446 1211 1482 1237 ut
1499 1214 1558 1237 ιη.
1575 1205 1645 1237 Od.

945 1258 998 1288 19.
1021 1257 1032 1274 ‘
1046 1255 1326 1298 Berecynthiam’
1349 1259 1451 1287 vocat
1474 1258 1484 1274 ‘
1499 1254 1644 1287 tibiam!

943 1306 1040 1338 Idem
1057 1307 1175 1338 volunt
1199 1306 1257 1347 qni
1278 1306 1288 1322 ‘
1304 1304 1503 1337 barbaram’
1526 1305 1644 1346 appel·

942 1357 1026 1388 lant.
1057 1357 1068 1374 ‘
1081 1355 1253 1387 Barbaros
1264 1354 1273 1368 ’
1288 1354 1377 1385 enim
1391 1354 1480 1396 apud
1497 1354 1644 1395 optimos

942 1414 1090 1446 quosque
1120 1413 1183 1445 pro
1216 1403 1413 1443 Phrygibus
1443 1403 1642 1444 accipimus.

942 1454 1096 1495 Denique
1125 1453 1260 1484 remixto
1289 1453 1427 1484 camnine
1453 1452 1542 1484 tibiis
1565 1461 1643 1485 curn

941 1504 1026 1536 dicit
1045 1505 1188 1536 Flaccus
1213 1507 1343 1543 noster,
1365 1512 1503 1535 carmen
1529 1503 1571 1535 ad
1600 1505 1645 1535 ti-

941 1553 1030 1587 biam
1053 1553 1144 1595 quod
1170 1556 1313 1584 canatur
1335 1552 1504 1593 intellige.
1549 1553 1643 1584 Voce

940 1608 1055 1636 autern
1067 1613 1143 1636 cum
1156 1603 1250 1635 tibiis
1267 1612 1390 1634 cauere
1407 1603 1535 1644 primns
1548 1603 1642 1634 Troe-

942 1654 1058 1686 zenius
1087 1654 1271 1685 Dardanus
1302 1653 1462 1684 instituit.
1500 1654 1644 1685 Torreat.

942 1703 1042 1745 Lydis
1055 1703 1182 1734 remisto
1197 1703 1350 1743 camnine]
1372 1702 1545 1734 Tibiarum
1558 1704 1643 1735 varii

941 1758 1041 1784 erant
1063 1753 1167 1789 modi,
1190 1757 1260 1784 tres
1283 1751 1478 1792 praecipue:
1501 1752 1643 1788 Dorius,

943 1801 1016 1833 sive
1044 1802 1195 1837 Ionicus,
1225 1800 1409 1842 Phrygius,
1440 1805 1476 1832 et
1503 1801 1643 1842 Lydius.

944 1850 1073 1892 [Lidius
1085 1852 1179 1882 misto
1195 1850 1363 1891 Guelph.]

985 1904 1022 1933 31
1048 1902 1219 1940 Anchisen,
1233 1905 1263 1933 et
1278 1900 1384 1942 almoe]
1399 1901 1566 1933 canemus
1583 1911 1641 1943 pa·
1670 1935 1676 1939 ,

942 1956 1028 1984 trem
1045 1952 1174 1991 AEneae,
1189 1951 1366 1993 ipsumque
1378 1950 1518 1983 AEneam
1529 1952 1641 1984 Vene-

942 2001 989 2032 ris
1013 2001 1132 2040 filium,
1155 2005 1191 2032 et
1217 2005 1323 2032 totam
1346 2005 1480 2040 gentem
1500 2001 1640 2041 Juliam,

942 2059 1063 2091 nempe
1078 2050 1208 2083 Julium
1230 2050 1412 2092 Caesarem,
1435 2051 1641 2094 Augustum,

940 2099 1126 2140 Tiberium,
1145 2100 1287 2140 Drusus,
1302 2101 1367 2133 διο.
