1916 3262
375 290 482 333 1254
833 302 876 338 Q.
908 297 1113 328 HORATH
1145 297 1313 330 rnAcm

375 393 639 446 Scriptorum
662 393 815 432 chorus
836 389 972 430 omnis
994 392 1108 430 amat
1125 402 1290 440 nemus,
1306 394 1349 431 et
1368 390 1479 442 fugit
1497 389 1623 431 urbes

374 458 477 500 Rite
496 460 626 500 cliens
647 457 824 506 Bacchi,
847 468 997 496 somno
1018 455 1244 507 gaudentis
1265 461 1307 497 et
1325 456 1498 496 umbra:

373 525 442 567 Tu
461 538 529 566 me
547 525 654 565 inter
674 523 872 576 strepitus
892 524 1120 562 nocturnos
1135 525 1266 574 atque
1287 522 1463 564 diurnos

373 591 459 631 Vis
483 603 648 638 canere,
669 593 709 629 et
727 590 946 629 contracta
966 587 1089 639 sequi
1108 587 1288 638 vestigia
1305 592 1448 628 vatum
1463 588 1482 626 ‘l
1724 586 1779 628 8⁰

372 656 609 710 Ingenium,
631 655 716 696 sibi
736 653 851 706 quod
869 665 1031 695 vacuas
1050 652 1253 693 desumsit
1270 651 1477 701 Athenas,

373 779 476 801 versus
500 770 626 810 optimos
649 770 748 800 animo
760 769 862 810 finge.
910 768 1022 799 Verum
1045 766 1174 805 scriptor
1197 766 1295 796 omnis
1313 766 1391 806 petit
1416 765 1619 802 solitudinem,
1637 765 1783 803 urbesque

373 812 464 849 vitat,
486 812 558 849 jure
578 812 670 842 cliens
694 811 809 842 Bacchi
833 809 962 849 quietem
986 812 1016 840 et
1039 809 1134 838 otium
1159 808 1299 838 amantis.
1345 809 1390 838 Tu
1415 817 1483 838 vero
1507 817 1553 837 me
1566 806 1657 844 jubes
1676 806 1783 837 medii«,

373 853 408 883 in
430 853 607 884 tumultibus
628 855 724 883 noctis
749 862 784 882 ac
805 852 867 882 diei
894 851 1007 891 Lyricu
1027 850 1168 887 scribere,
1193 852 1223 879 et
1243 849 1398 887 po'e'tarum
1421 850 1517 879 ardua
1540 848 1642 878 studia
1664 856 1781 878 consec-

375 894 449 925 tari.
493 895 672 933 Ingeniosus
695 894 844 934 quispiam
857 893 988 924 Athenis
1007 891 1185 931 tranquillis
1207 889 1357 930 addictus,
1378 890 1478 931 ibique
1490 893 1603 930 septem
1619 898 1676 929 per
1689 886 1784 919 annon

967 971 1194 987 oetaeo-nome

373 1039 451 1060 cum.
475 1029 651 1069 Bamberg.
666 1033 696 1059 et
711 1029 809 1060 terbis
825 1033 934 1059 tecum.
964 1029 1042 1059 Vat.
1057 1029 1088 1058 9.
1102 1027 1251 1057 meditare
1263 1028 1475 1057 sonoram—⁷7
1496 1024 1668 1056 Tredecim
1684 1022 1784 1054 codd.

374 1067 464 1110 Feae,
479 1080 561 1101 unus
576 1080 631 1110 ap.
651 1069 771 1107 Jaeck,
786 1075 821 1101 et
838 1071 932 1101 Harl.
949 1071 979 1100 3.
1006 1072 1036 1100 et
1051 1069 1142 1107 fugit
1156 1068 1281 1104 urbem5
1302 1069 1348 1098 ita
1368 1067 1422 1098 alii
1446 1067 1532 1098 Mss.
1558 1065 1646 1105 apud
1672 1065 1783 1095 Pulm.

373 1112 469 1142 Torr.
494 1111 631 1149 Combe,
653 1112 735 1142 edit.
759 1112 873 1143 Princ.
895 1112 1005 1142 Venn.
1022 1113 1114 1140 1478.
1130 1112 1223 1141 1479.
1246 1112 1338 1140 1481.
1359 1111 1453 1139 1486.
1476 1110 1570 1138 1490.
1585 1109 1678 1138 1495.
1692 1106 1785 1136 1509.

374 1154 468 1183 1514.
488 1151 591 1183 Junta
608 1155 701 1183 1503.
725 1153 878 1183 Britann.
894 1155 986 1182 1520.
1009 1152 1097 1182 Frib.
1117 1154 1210 1182 1536.
1248 1151 1382 1189 etsugat
1393 1150 1497 1180 urbem
1516 1147 1741 1179 Schoenborn.
1755 1149 1786 1177 3.

373 1197 404 1224 et
416 1193 508 1232 sugit
529 1194 616 1224 urbes
637 1193 823 1224 octodecim
840 1193 939 1224 codd.
954 1194 1044 1228 Fcae,
1068 1192 1124 1223 alii
1146 1193 1229 1224 Mss.
1245 1192 1332 1232 apud
1354 1193 1446 1222 Torr.
1464 1189 1568 1220 Aldus
1582 1191 1675 1220 1501.
1692 1189 1787 1218 1509.

373 1237 468 1266 1519.
491 1235 592 1266 Dion.
607 1235 649 1266 ab
666 1235 786 1265 Harsio
802 1234 907 1273 Lugd.
922 1237 1016 1267 1538.
1032 1233 1146 1264 Lamb.
1160 1234 1249 1265 Mur.
1266 1238 1366 1274 atque
1379 1232 1456 1263 inde
1472 1231 1603 1270 vulgata
1615 1228 1704 1269 apud
1719 1238 1787 1259 em-

373 1286 433 1307 nes
450 1277 665 1307 recentiores.
687 1277 697 1293 ‘
710 1277 817 1306 Favet
834 1277 948 1316 primae
966 1275 1100 1306 lectioni
1115 1275 1316 1315 Porphyrio‚
1331 1275 1409 1305 dum
1433 1273 1491 1311 ait,
1514 1273 1555 1303 ad
1572 1271 1721 1312 superius
1737 1279 1788 1300 ar-

373 1321 566 1356 gumentum
578 1318 640 1347 hoc
655 1318 844 1356 pertinen-123
868 1316 954 1356 quod
969 1317 1103 1355 probat,
1119 1317 1151 1345 in
1166 1315 1354 1355 frequentia
1369 1315 1469 1346 Urbis
1485 1313 1626 1344 Poetam
1640 1312 1787 1343 scribere

373 1367 440 1388 non
462 1367 571 1398 posse.
617 1357 763 1387 Eandem
788 1357 966 1387 lectionem
991 1357 1092 1386 etiam
1115 1356 1227 1385 mallet
1253 1356 1286 1385 in
1311 1359 1391 1385 nota
1405 1356 1559 1384 Tor-rent.
1600 1354 1648 1384 At
1674 1353 1787 1392 potius

374 1399 417 1429 de
441 1398 548 1439 poetis
571 1398 734 1438 omnibus,
749 1398 987 1437 cujuscumque
1007 1396 1152 1426 nationis
1178 1400 1214 1426 et
1238 1395 1410 1435 temporis,
1430 1395 1666 1434 intelligendus
1681 1394 1789 1425 Hora-

372 1440 462 1479 tius;
485 1440 542 1480 qui
558 1439 600 1470 de
615 1449 706 1470 more
723 1439 856 1479 fugiunt
871 1439 991 1475 urbes3
1014 1441 1048 1468 et
1071 1446 1218 1476 nemora,
1240 1441 1298 1468 ant
1319 1437 1384 1467 alia
1406 1440 1537 1467 secreta
1559 1436 1633 1466 loca
1655 1439 1788 1475 petunt,

372 1486 412 1512 ut
440 1491 553 1512 versus
587 1480 723 1512 faciant.
781 1481 815 1510 Si
844 1480 907 1510 hoc
935 1479 1064 1510 faciunt
1091 1478 1199 1518 poetae
1226 1479 1300 1517 alii3
1336 1477 1500 1518 quomodo
1525 1486 1587 1516 ego
1611 1477 1679 1512 hic,
1701 1476 1790 1506 inter

373 1525 425 1553 tot
453 1523 613 1562 strepitus
640 1527 818 1553 nocturnos
849 1527 950 1562 atque
973 1521 1121 1559 diurnos,
1148 1521 1182 1550 in
1207 1520 1325 1550 mediis
1351 1518 1520 1555 fluctibus,
1544 1524 1579 1548 et
1607 1521 1790 1556 tempesta-

373 1564 465 1595 tibus
489 1564 585 1604 hujus
610 1564 721 1602 Urbis,
739 1564 882 1594 omnium
902 1563 1066 1602 maximae,
1091 1570 1213 1592 canere
1231 1561 1382 1600 possum?
1425 1558 1550 1590 Confer
1565 1566 1606 1589 11.
1629 1559 1700 1589 Sat.
1715 1560 1746 1589 6.
1763 1567 1789 1589 1.

372 1606 483 1645 Epist.
501 1609 549 1636 14.
568 1608 618 1635 10.
633 1605 736 1645 seqq!
757 1605 917 1635 Fea.—80
939 1603 1123 1634 Duodecim
1139 1602 1238 1633 codd.
1255 1603 1344 1638 Feae,
1357 1603 1534 1636 contractu
1555 1599 1605 1631 ita
1619 1600 1719 1631 eiiam
1733 1599 1792 1630 alii

373 1647 456 1678 Mss.
471 1646 560 1686 apud
575 1646 690 1677 Lamb.
706 1646 817 1677 Pulm.
833 1645 914 1676 edit.
930 1645 1020 1676 Flor.
1036 1647 1130 1675 1482.
1145 1644 1251 1673 Venn.
1263 1645 1356 1674 1483.
1373 1645 1466 1674 1486.
1484 1644 1576 1672 1490.
1588 1643 1683 1672 1495.
1695 1642 1790 1672 1514.

375 1690 469 1718 1552.
482 1687 572 1727 Lips.
589 1690 680 1719 1499.
696 1687 802 1718 Aldus
814 1689 906 1718 1501.
922 1688 1016 1716 1509.
1028 1688 1122 1716 1519.
1141 1684 1254 1715 Basili.
1271 1687 1363 1714 152⁷.
1375 1686 1572 1714 1531.1580.
1589 1682 1680 1714 Frib.
1694 1684 1790 1713 1636.

375 1729 475 1761 Dion.
491 1729 533 1758 ab
561 1729 682 1759 Harsio
710 1729 926 1767 Lugd.1538.
950 1726 1064 1757 Lamb.
1091 1726 1180 1756 Mur.
1197 1725 1274 1755 inde
1299 1725 1436 1764 vulgata
1458 1724 1529 1755 fere
1554 1723 1643 1764 apud
1665 1732 1790 1755 omnes.

372 1773 511 1800 contacta
525 1770 649 1800 habent
665 1770 770 1800 ceteri
785 1768 883 1800 codd.
900 1770 990 1804 Feae,
1006 1767 1060 1798 alii
1073 1768 1155 1797 Mss.
1168 1767 1256 1806 apud
1268 1767 1382 1797 Lamb.
1392 1767 1488 1797 Torr.
1501 1766 1594 1796 Talb.
1604 1765 1680 1796 Vel.
1693 1765 1790 1796 Com·

372 1815 542 1842 mentator
556 1811 776 1850 Crnquianus,
799 1810 882 1841 edit.
898 1810 1013 1840 Prine.
1028 1808 1121 1840 Med.
1135 1811 1230 1839 1476.
1250 1808 1358 1839 Venn.
1374 1810 1466 1838 1478.
1481 1809 1573 1838 1479.
1589 1808 1684 1837 1481.
1695 1808 1790 1837 1509.

373 1853 480 1885 Junta
498 1855 589 1883 1503.
613 1853 765 1883 Britann.
782 1854 873 1882 1520.
917 1851 1100 1891 Utramque
1115 1850 1291 1881 lectionem
1307 1850 1438 1887 innuit;
1461 1849 1519 1880 sed
1544 1847 1721 1879 secundam
1745 1847 1794 1877 vi-

375 1894 476 1925 detur
492 1894 670 1924 admittere
686 1893 886 1933 Porphyrio.
919 1894 929 1910 ‘
941 1893 1065 1923 Melius
1080 1895 1247 1930 contracta,
1261 1901 1335 1922 cum
1353 1891 1511 1928 Landino,
1526 1890 1690 1929 Gesnero,
1706 1888 1792 1926 aliis,

374 1939 474 1966 erant
488 1934 635 1965 difficilia
657 1935 699 1965 ad
723 1934 947 1974 sequendum
971 1934 1124 1974 quoniam
1140 1937 1293 1964 coartata
1304 1937 1413 1972 erant,
1427 1937 1463 1963 et
1478 1935 1631 1971 angusta,
1646 1930 1682 1962 in
1696 1934 1791 1961 tanta

375 1977 477 2007 etiam
492 1977 702 2015 egregiorum
717 1976 888 2015 poetarum
902 1974 1141 2006 multitudine!
1160 1974 1235 2004 Fea.
1280 1974 1350 2004 Alii
1365 1974 1460 2004 codd.
1472 1976 1625 2010 cunctam,
1648 1971 1714 2012 (ita
1726 1971 1791 2003 eu-

374 2018 466 2057 ning.
493 2022 528 2047 et
554 2016 712 2056 Dorigh.)
733 2019 885 2054 cunctata,
906 2016 969 2056 (ita
995 2016 1090 2046 Gott.
1115 2015 1197 2045 Exc.
1220 2015 1295 2045 Sex.
1322 2015 1419 2046 Harl.
1432 2017 1462 2044 1.
1484 2017 1515 2044 2.
1538 2017 1570 2044 3.
1591 2015 1624 2044 4.
1644 2015 1676 2042 6.
1698 2015 1731 2043 7.
1754 2016 1790 2042 et

375 2059 516 2089 Mediol.
533 2057 641 2097 1477.)
663 2061 693 2088 et
707 2061 825 2097 cuncta,
838 2060 1019 2095 constructa,
1032 2058 1197 2094 constratu,
1210 2059 1392 2093 constructa,
1403 2058 1432 2085 et
1446 2057 1590 2091 tractata,
1603 2057 1739 2088 cantata,
1753 2057 1790 2083 et

374 2099 423 2130 sic
438 2099 535 2129 codd.
555 2100 708 2129 Torreut.
741 2098 914 2129 Bentleius
938 2107 980 2127 ex
1005 2098 1209 2137 conjectura,
1224 2106 1284 2126 non
1299 2099 1392 2134 tacta,
1414 2104 1556 2135 eumque
1582 2097 1715 2125 secutus
1737 2098 1791 2124 est

375 2140 477 2171 Kidd.
499 2140 630 2178 vestigia
641 2143 763 2179 patrum
776 2140 855 2170 Vat.
870 2141 900 2170 7.
916 2138 956 2168 ab
972 2139 1014 2169 al.
1026 2148 1071 2169 m.
1087 2139 1119 2168 in
1133 2139 1316 2176 marg.—81
1335 2136 1496 2174 Ingenium
1509 2135 1568 2166 sibi
1581 2136 1633 2175 qui
1643 2135 1792 2166 Schoen—

377 2182 472 2214 born.
487 2184 518 2213 2.
535 2186 569 2213 et
585 2186 728 2222 quatuor
746 2190 799 2221 ap.
814 2177 944 2211 Valart'.
960 2184 995 2211 et
1009 2180 1057 2211 sic
1073 2179 1216 2219 Cuning.
1230 2178 1352 2209 Sanad.
1363 2178 1509 2209 Mervill.
1520 2181 1554 2208 et
1566 2175 1708 2217 Dorigh.
1729 2175 1790 2208 sibi

1013 2273 1150 2306 NOTAE

383 2356 385 2360 ’
417 2354 458 2384 77
485 2349 677 2391 Scriptorum
703 2349 824 2387 chorus,
851 2347 920 2388 ena]
956 2346 1059 2378 ovid.
1151 2348 1192 2378 78
1217 2346 1319 2376 Cliens
1333 2343 1466 2383 Bacchi]
1489 2342 1529 2374 In
1546 2343 1651 2375 tutela
1667 2341 1791 2375 Bacchi

377 2401 480 2433 Trist.
494 2410 519 2432 1.
540 2401 549 2417 ‘
561 2399 716 2431 Carmina
730 2407 897 2430 secessum
912 2396 1061 2427 scriben-
1108 2405 1182 2428 esse
1197 2395 1325 2436 poetas,
1348 2394 1474 2425 dictum
1498 2397 1551 2424 est
1566 2393 1645 2424 alibi
1659 2402 1729 2424 non
1740 2402 1791 2424 se-

378 2451 420 2481 lis
444 2455 479 2481 et
503 2448 573 2480 otia
595 2447 771 2490 quaerunt!
815 2445 956 2479 Quintil.
979 2453 1013 2476 x.
1028 2447 1059 2475 3.
1109 2445 1187 2476 mel.

376 2500 571 2530 ‘Secretum
588 2502 622 2528 et
637 2497 776 2528 liberum
791 2495 924 2526 arbitris
938 2494 1060 2532 locum,
1151 2497 1192 2525 80
1217 2495 1383 2524 Contracta
1410 2490 1542 2529 vestigia
1566 2488 1684 2530 vatum]
1723 2488 1791 2521 An-

378 2553 414 2579 et
438 2557 534 2587 quam
558 2545 754 2577 altissimum
783 2543 950 2575 silentium
979 2542 1059 2573 scri-
1109 2546 1216 2582 gusta,
1240 2541 1356 2580 ardua,
1378 2538 1536 2570 difficilia.
1580 2538 1667 2569 Vide
1689 2538 1791 2570 Juve-

377 2596 533 2627 bentibus
548 2594 690 2626 maxime
702 2593 882 2625 convenire
893 2601 988 2623 nemo
1001 2590 1060 2621 du·
1110 2592 1175 2622 nal.
1192 2600 1269 2621 mox
1288 2590 1348 2621 cit.
1392 2588 1458 2620 Alii
1479 2587 1542 2628 leg·
1565 2590 1716 2626 contactu,
1731 2586 1790 2618 sed

379 2644 538 2675 bitaverit
550 2643 570 2676 ς’
586 2649 621 2675 et
637 2643 733 2684 paulo
747 2646 839 2683 post:
860 2642 870 2659 ⁴
885 2640 1059 2672 Silentium
1111 2642 1238 2680 inepte.

380 2695 416 2722 et
429 2700 591 2730 secessus,
605 2697 640 2723 et
661 2691 805 2732 undique
820 2690 906 2722 liber
922 2689 1061 2727 animus.
1154 2691 1193 2720 81
1218 2687 1392 2727 Ingenium,
1413 2685 1472 2716 sibi
1494 2686 1584 2726 quod,
1608 2683 1675 2725 qe]
1695 2682 1729 2714 Si
1745 2681 1792 2714 A-

380 2739 522 2770 maxime
548 2740 696 2779 optanda
717 2739 815 2770 sunt.'
858 2738 944 2770 Vide
958 2738 1060 2771 Juve-
1113 2737 1220 2770 thenis
1244 2736 1387 2767 ludibrio
1411 2739 1462 2766 est
1485 2735 1582 2765 homo
1605 2731 1790 2772 plusculum

382 2791 448 2823 nal.
463 2790 534 2822 Sat.
548 2799 613 2821 vu.
629 2792 680 2821 53.
692 2794 726 2821 et
742 2799 811 2830 seq.
1113 2785 1378 2824 meditabundus,
1394 2788 1427 2815 et
1439 2782 1531 2823 quasi
1546 2780 1681 2812 lectioni
1696 2780 1795 2812 lib‘ro-
