1916 3262
538 337 747 371 noRATu
779 337 1050 370 camimum
1089 335 1181 365 mn.
1213 335 1264 365 n.
1295 325 1339 365 7.

204 435 283 467 iude
296 434 512 476 proveniunt.
529 432 671 463 ibn-ent.
700 427 818 468 Aulon]
834 426 904 459 Au·

205 486 259 516 lon
275 493 370 516 mons
391 486 443 514 est
463 482 610 513 Tarento
632 478 772 518 vicinus,
792 477 902 513 ferax,

204 534 329 566 fertilis
356 533 442 572 uvis,
469 531 566 572 cujus
585 538 652 561 uva
676 538 742 560 non
759 528 904 567 invidet,

204 584 240 615 id
266 588 332 620 est.
348 593 412 615 non
427 582 534 621 cedit,
548 589 657 622 neque
673 585 727 611 est
751 579 903 610 deterior

205 634 281 664 uvis
318 631 486 664 Falernis.
529 630 583 660 De
618 629 753 660 Aulone
789 632 903 660 monte

204 681 397 714 Martialis:
421 683 431 699 ‘
449 679 581 712 Nobilis
596 683 632 709 et
648 677 735 709 lanis
758 682 795 708 et
816 678 902 709 Bac·

205 733 269 765 cho
283 731 412 763 fertilis
429 730 551 769 Aulon,
574 729 646 760 Det
670 727 822 768 pretiosa
840 727 903 759 tibi

207 782 345 820 vellera,
358 781 438 812 vina
453 778 558 811 mibi.'
579 777 726 820 [Jupiter
739 777 862 808 umbras
873 779 904 807 et

205 832 324 864 anim
336 830 438 862 Alcon
447 828 525 861 cod.
541 838 596 869 ap.
611 827 750 868 Jaeek]

246 881 307 923 [19
329 880 450 921 Ferme
486 879 606 910 Baccho
635 877 767 909 nimium
802 875 903 907 codd.

205 939 260 972 ap·
277 929 422 962 eundem
437 927 578 968 Jaeck.]

246 982 288 1012 21
311 979 374 1011 Ille
398 982 430 1010 te
454 977 587 1018 mecum]
623 977 687 1008 Ille
718 977 821 1012 locus,
847 974 905 1006 ubi

206 1029 282 1061 haec
298 1030 410 1061 omnia
423 1033 513 1060 sunt.
557 1027 686 1068 Beatoe]
710 1027 831 1057 Beatae
853 1034 905 1056 ar-

206 1087 277 1114 ces,
291 1078 326 1109 id
343 1082 408 1116 est,
421 1077 554 1110 fertiles
570 1081 714 1107 montes.

248 1130 292 1159 22
312 1127 482 1159 Postulavit
493 1128 596 1168 arces]
622 1127 700 1158 Non
715 1125 842 1156 frustra
855 1136 906 1157 nr-

207 1186 258 1208 ses
273 1176 373 1216 dixit,
384 1178 428 1208 ob
440 1186 553 1208 arcem
567 1177 657 1207 illam
671 1175 812 1206 Tarenti
829 1175 907 1206 olim

208 1225 479 1265 munitissimam,
493 1225 535 1256 de
549 1234 615 1266 qua
626 1224 789 1265 Polybius
806 1224 909 1264 Frag-

210 1281 327 1308 mento
349 1277 406 1308 lib.
433 1285 518 1308 viu.
542 1281 578 1308 et
601 1276 676 1308 Liv.
690 1276 749 1307 lib.
767 1284 857 1307 xxv.
873 1279 910 1306 et

210 1327 336 1368 alioqui
351 1328 422 1358 loca
446 1327 558 1358 omnia
578 1326 725 1358 editiora
747 1335 835 1357 arces
853 1334 910 1355 vo-

210 1381 290 1408 cant
306 1377 431 1417 poetae.
450 1377 595 1408 Tor-rent.
633 1376 684 1406 Ibi
699 1378 735 1406 tu
748 1374 912 1414 cedentem]

210 1425 265 1456 Ibi
282 1430 318 1456 tu
343 1425 422 1456 mihi
447 1430 581 1456 mortuo
604 1424 700 1464 justa
722 1423 910 1464 persolves,

209 1474 359 1506 favillam
398 1474 580 1513 calentem,
617 1473 650 1504 id
679 1476 746 1513 est,
778 1472 912 1503 cineres

209 1533 317 1564 meos,
333 1523 515 1566 lachrymis
531 1531 776 1564 conspergens.

252 1576 295 1607 2³
318 1573 434 1605 Debita
444 1573 704 1616 spur-geqssuod
717 1580 912 1612 supremum

172 1663 175 1666 Ι
211 1628 266 1656 est
281 1623 427 1664 lugentis
442 1622 644 1655 defunctum
662 1623 762 1655 amici
779 1631 913 1661 mutuis,

212 1673 378 1714 postulat,
394 1677 431 1705 ut
445 1674 601 1705 conditos
616 1683 700 1704 urna
713 1673 846 1704 cineres
866 1674 912 1703 la-

211 1722 334 1764 erynnis
345 1727 496 1764 spargat.
509 1723 587 1754 hinc
603 1723 661 1754 illa
672 1723 797 1763 passim
815 1721 915 1752 obvia

213 1771 247 1805 io
270 1772 466 1813 Epitaphiis
486 1773 602 1813 verba,
629 1781 705 1803 cum
727 1779 915 1803 meamus

215 1829 356 1854 rosum·-
402 1823 494 1854 Quin
525 1827 561 1853 et
585 1822 744 1862 ampullae
769 1822 803 1851 in
821 1821 914 1850 urnis

214 1871 434 1911 reperiuntur
461 1871 610 1910 exiguae,
647 1879 730 1910 quas
758 1869 916 1909 impletas

214 1919 375 1958 lacrymis
389 1919 555 1959 sepulcris
570 1917 762 1950 inferebant
777 1929 785 1948 :
811 1927 916 1959 usque

216 1967 302 1998 adeo
318 1971 354 1998 et
368 1977 435 1998 non
451 1967 581 1998 humari
605 1972 642 1998 et
664 1968 736 1998 sine
758 1967 917 2007 lacrymis

218 2018 348 2048 humari
379 2017 561 2048 infaustum
592 2022 669 2048 erat
687 2027 696 2048 ε
735 2021 787 2056 ut,
814 2017 823 2034 ⁴
845 2018 918 2048 Nos

219 2066 302 2098 viles
347 2067 468 2097 animae
514 2067 688 2098 inhumata
733 2065 917 2107 infletaque

216 2115 341 2148 turbae
365 2116 506 2148 Torrent-
550 2117 668 2148 Debita
688 2116 831 2157 sparges]
854 2117 918 2148 La-

216 2165 359 2206 chryma
373 2165 493 2198 debita
510 2170 653 2207 propter
668 2171 819 2198 nostram
836 2167 917 2197 ami·

219 2214 346 2248 citiam.

260 2266 303 2296 24
330 2264 421 2296 Vatis
433 2263 543 2304 antici]
564 2265 627 2296 Tui
644 2266 790 2299 Horatii.

222 2313 306 2346 Onu
330 2322 398 2346 vu.
442 2314 500 2345 An
533 2315 763 2356 ΡοΜΡΕιυκς
787 2316 854 2356 vel,
880 2320 919 2348 ut

261 2364 334 2405 alii,
354 2365 573 2397 Pommmuu
595 2367 743 2398 Vanum.
789 2367 853 2399 Cui
868 2376 918 2399 re-

263 2413 372 2445 ditum
389 2416 580 2455 gratulatur
595 2417 628 2447 in
646 2418 803 2456 patriam.

263 2463 335 2504 [Ad
350 2463 534 2504 Pompeiam
551 2465 723 2496 Romanum
745 2465 845 2498 codd.
863 2475 919 2506 ap.

222 2511 363 2552 Jaeck]

270 2563 288 2592 l
310 2559 399 2601 Soepe
411 2561 542 2601 meeum]
567 2562 664 2593 Ordo
680 2567 732 2594 est
747 2573 754 2594 :
772 2563 805 2595 Ο
819 2564 920 2595 Pom-

226 2610 282 2651 pei
294 2611 402 2651 prime
414 2620 565 2642 meorum
574 2611 752 2651 sodalium,
761 2621 853 2652 saepe
863 2613 921 2644 de-

226 2660 330 2691 ducte
342 2669 473 2691 mecum
490 2660 524 2690 in
540 2660 695 2691 ultimum
709 2665 858 2702 tempus,
870 2662 924 2703 (id

226 2715 292 2750 est,
307 2710 364 2752 qui
386 2719 479 2750 saepe
495 2719 624 2742 mecum
640 2710 807 2742 deductus
827 2710 923 2743 fuisti

228 2769 249 2793 a
259 2761 367 2792 Bruto
381 2760 416 2791 in
425 2760 616 2801 periculum
629 2760 777 2801 mortis,)
785 2761 859 2802 quis
871 2771 923 2793 re-

228 2810 369 2843 donavit
385 2815 420 2843 te
434 2810 605 2844 Quiritem
622 2811 699 2842 Diis
716 2811 837 2852 patriis
852 2810 924 2843 Ita-

229 2861 329 2902 loque
355 2861 464 2893 coelo?
494 2861 528 2893 id
556 2865 620 2901 est,
640 2861 713 2903 quis
740 2866 789 2901 te,
815 2861 926 2902 patria

1539 327 1556 366 1
1564 327 1651 368 405

952 426 1113 467 ejectum,
1138 425 1260 457 iterum
1286 423 1372 456 feeit
1397 424 1508 456 civem
1530 425 1654 459 Roma.

953 476 1056 508 uum?
1102 475 1235 516 Tempus
1247 475 1282 505 in
1295 474 1456 515 utinm]
1479 475 1592 507 Vocat
1607 479 1653 508 ul·

952 525 1064 557 timum
1074 528 1226 566 tempus,
1238 529 1277 556 ut
1290 524 1395 556 aliubi
1411 526 1420 542 ‘
1434 527 1654 566 supremum,’

953 585 1020 617 quo
1037 576 1138 607 morti
1165 575 1335 616 proximos
1359 584 1420 607 nos
1446 585 1521 607 esse
1545 576 1656 607 credi·

953 637 1038 659 mus.

995 679 1015 708 3
1039 676 1234 717 Redonam't]
1256 677 1428 718 Tanquam
1445 675 1657 717 postliminio

954 735 1124 758 reversum
1142 726 1341 766 alloquitur,
1362 727 1428 758 hoc
1452 731 1520 765 est,
1534 726 1592 768 qui
1613 726 1657 757 ab

953 777 1108 808 hostibus
1129 782 1265 817 captus,
1287 776 1329 808 ad
1356 778 1499 818 patriam
1527 786 1657 809 remea-

954 827 1054 863 verit,
1071 831 1107 859 et
1123 828 1182 869 jus
1199 827 1370 860 Quiritum
1387 828 1659 869 recuperaverit.

957 876 1099 909 Torreat.

996 931 1018 961 4
1042 928 1122 960 Diis
1133 927 1265 969 patriis]
1289 927 1347 959 Sic
1361 926 1457 968 Virg.
1470 927 1604 959 AEneid.
1617 936 1658 959 n.

955 979 966 996 ⁴
980 978 1024 1010 Di
1048 979 1149 1019 patrii
1175 981 1313 1008 servate
1329 976 1492 1008 domum!
1514 981 1552 1008 nt
1568 977 1659 1017 apud

956 1029 1096 1060 Graecos
1111 1027 1175 1059 θεοὶ
1187 1027 1313 1068 πάτριοι
1332 1032 1367 1058 et
1388 1029 1538 1068 πατρῷοι.
1582 1028 1660 1059 Ma-

956 1078 1051 1110 crob.
1066 1087 1122 1110 ιιι.
1133 1081 1166 1110 4.
1210 1078 1350 1118 Italoque
1373 1077 1461 1118 coelo]
1485 1077 1584 1109 Italae
1609 1086 1660 1108 re-

982 1138 1063 1160 nom.

957 1138 979 1170 g
1000 1180 1018 1207 5
1042 1176 1152 1208 Pn'me
1179 1174 1346 1214 sodalium]
1390 1175 1572 1216 Princeps,
1606 1175 1661 1207 vel

959 1225 1162 1258 amicissime
1177 1234 1329 1256 meorum
1346 1225 1523 1257 sodalium.

1000 1279 1021 1307 6
1045 1276 1225 1307 Momatem
1246 1274 1343 1315 sape]
1382 1275 1486 1307 Diem
1511 1275 1662 1316 longum,

960 1327 1129 1358 oestivum.

1003 1379 1022 1407 ⁷
1044 1374 1160 1414 Fregi]
1181 1375 1282 1405 Diem
1305 1373 1478 1414 frangere,
1508 1377 1562 1405 est
1586 1382 1662 1414 par·

961 1431 1031 1456 tem
1047 1424 1114 1455 diei
1128 1425 1160 1454 in
1180 1425 1257 1455 vino
1271 1427 1305 1454 et
1322 1424 1455 1463 poculis
1471 1431 1615 1463 ponere,
1627 1427 1664 1454 et

962 1473 1164 1513 transigere.
1209 1472 1300 1503 Vide
1323 1481 1349 1504 1.
1374 1472 1442 1504 Od.
1459 1475 1489 1503 1.
1527 1472 1664 1503 Corona-

961 1527 1013 1555 eus
1027 1522 1192 1562 nitmteis]
1208 1521 1350 1553 Haben·
1365 1521 1508 1562 capillos
1523 1529 1664 1553 corona·

964 1578 1029 1612 tos,
1054 1576 1092 1604 et
1115 1571 1288 1613 delibutos
1316 1571 1550 1610 malobathro,
1574 1571 1665 1612 quod

963 1629 1017 1656 est
1047 1628 1256 1663 unguentum
1291 1621 1427 1662 Syrium
1463 1621 1667 1662 pretiosissi-

963 1671 1203 1713 mum,factum
1219 1681 1263 1702 ex
1279 1670 1363 1702 folio
1378 1671 1412 1702 in
1425 1671 1554 1702 Indicis
1571 1671 1666 1712 palu-

964 1723 1063 1755 dibus
1078 1726 1240 1754 uascente
1253 1721 1327 1752 sine
1342 1721 1471 1752 radice.

1007 1776 1027 1804 8
1050 1771 1248 1804 malobathro
1271 1771 1381 1811 Sym‘o]
1418 1770 1493 1802 Jos.
1515 1769 1668 1808 Scaliger

965 1823 997 1853 in
1011 1822 1174 1861 Propert.
1197 1823 1206 1839 ‘
1224 1819 1378 1861 Syrium’
1399 1820 1468 1852 dici
1489 1820 1575 1859 vult,
1598 1828 1667 1851 non

966 1871 1056 1912 quod
1078 1871 1111 1901 in
1136 1870 1234 1910 Syria
1252 1874 1464 1906 nasceretur,
1489 1870 1548 1900 sed
1575 1869 1667 1910 quod

966 1930 1010 1952 ex
1037 1920 1150 1958 India,
1173 1919 1231 1950 ubi
1257 1919 1422 1958 nascitur,
1447 1918 1667 1951 Antiochiam

965 1971 1071 2012 Syriae
1089 1970 1277 2010 emporium
1292 1969 1532 2000 adveheretur.
1552 1968 1669 2000 Graeci

966 2019 1169 2059 μαλάβαθρον
1190 2019 1358 2058 scribunt,
1385 2023 1422 2050 et
1443 2027 1506 2058 per
1525 2023 1668 2059 antono-

967 2070 1105 2100 masiam
1132 2068 1258 2108 φύλλον
1281 2069 1470 2108 appellant,
1491 2072 1529 2099 nt
1555 2068 1669 2099 Latini

957 2119 1088 2158 folium,
1114 2119 1201 2149 uude
1226 2118 1424 2149 ‘foliatum’
1466 2117 1555 2149 Vide
1575 2118 1669 2150 Plin.

967 2177 1036 2200 ιιι.
1076 2169 1111 2198 4.
1152 2168 1293 2198 Tor-rent.
1360 2166 1547 2207 [Corobatio
1575 2166 1669 2207 Syrio

968 2217 1135 2258 Guelph.]

1010 2270 1032 2299 9
1057 2265 1232 2308 Philippos]
1254 2265 1323 2298 Ubi
1337 2265 1475 2298 Cassius
1491 2270 1527 2298 et
1543 2266 1669 2298 Brutus

969 2320 1048 2349 sunt
1063 2317 1157 2348 victi.

1014 2370 1054 2399 10
1077 2367 1179 2405 Sensi,
1193 2367 1322 2407 relicta]
1346 2367 1441 2407 Vidi,
1457 2371 1492 2399 et
1507 2372 1669 2408 expertus

969 2426 1055 2448 sum.
1110 2417 1237 2448 Relicta
1261 2416 1419 2456 parmula]
1461 2416 1670 2448 Probi-osum

969 2466 1056 2496 enim
1071 2465 1170 2496 militi
1196 2465 1323 2495 hastam
1348 2466 1550 2505 clypeumve
1576 2471 1672 2496 metu

970 2515 1120 2556 abjicere
1136 2525 1145 2552 ;
1171 2513 1260 2555 quod
1277 2514 1334 2554 qui
1349 2512 1480 2545 faciunt
1494 2513 1673 2553 ῥιψάσπιδες

971 2564 1200 2605 appellantur.
1234 2562 1350 2603 Atque
1365 2563 1451 2593 adeo
1467 2562 1558 2602 apud
1573 2562 1671 2594 Grae-

971 2623 1030 2645 cos
1059 2621 1176 2643 omnes
1209 2610 1347 2642 infamia
1375 2610 1592 2651 notabantur,
1614 2611 1673 2653 qni

971 2662 1125 2694 ordinem
1142 2660 1359 2698 deserebant,
1369 2665 1428 2692 aut
1440 2660 1597 2701 clypeum
1613 2662 1672 2693 ab·

965 2712 1144 2754 jiciebant.
1187 2710 1255 2742 Sed
1272 2713 1307 2740 et
1331 2709 1547 2741 Modestinus
1561 2710 1671 2743 Juris—

973 2762 1148 2794 consultns
1166 2761 1189 2792 Ι.
1205 2769 1261 2791 111.
1277 2759 1320 2790 de
1336 2768 1374 2790 re
1390 2758 1555 2791 Militari:
1578 2760 1590 2776 ⁴
1605 2760 1670 2792 Mi-

974 2811 1046 2850 les‚‘
1059 2811 1178 2852 inquit,
1194 2810 1202 2827 ‘
1217 2809 1274 2851 qui
1289 2809 1324 2839 in
1341 2808 1429 2839 bello
1442 2817 1534 2840 arma
1547 2810 1674 2850 amisit,

975 2863 1027 2893 vel
1042 2861 1337 2902 alienavit,capite
1351 2860 1513 2902 punitur.’
1524 2861 1671 2892 Torreat.
