1890 3230
377 279 487 320 1756

376 380 446 419 que]
468 381 503 410 Si
533 380 642 411 vinum
674 378 839 410 Albanum
869 380 920 411 vel
948 381 1058 412 Faler-

376 438 455 461 num
483 434 518 460 te
542 429 646 468 magis
675 428 837 468 delectat,
860 440 958 470 quam
983 430 1059 462 vina

376 487 452 517 quae
468 481 544 507 sunt
559 477 727 517 apposita.

419 529 458 556 18
481 525 620 556 Divitias
645 527 785 567 miseras]
805 527 948 558 Miseras
971 528 1058 559 enim

375 578 473 604 vocat
496 573 671 605 Nasidieni
694 575 839 612 divitias,
856 580 893 606 nt
909 586 972 616 ego
987 577 1059 616 qui-

376 622 452 652 dem
469 622 625 661 arbitror,
639 633 722 664 quas
741 630 820 655 tunc
834 625 932 655 auxie
947 629 982 656 et
997 626 1060 656 sol-

373 671 480 710 licite,
495 681 559 702 non
576 672 683 704 dicam
700 682 846 712 servare,
862 674 920 704 sed
936 679 971 706 et
986 684 1060 715 pro-

374 719 491 758 digere
507 721 787 761 conspiciebatur.
814 724 954 755 Torrent.
997 724 1060 755 Di·

374 768 469 799 vitias
483 769 627 810 miseras]
650 771 685 802 Si
708 772 787 812 qnid
807 772 983 804 Horatium
1009 773 1056 804 in-

375 818 503 858 telligo,
525 823 558 850 et
575 820 646 859 ejus
662 830 788 860 nasum,
804 822 952 860 scripsit,
966 822 1058 852 Divi·

374 867 437 897 tias
451 866 567 897 miras!
611 868 655 898 Et
672 869 734 898 hoc
749 878 864 899 verum
879 874 943 900 est.
958 870 1058 901 Hein—

372 915 447 946 sius.
509 915 648 946 Divitias
676 917 819 956 miseras]
859 918 890 949 Ο
920 919 1058 949 miseras

373 963 522 1003 divitias,
547 965 654 1005 inquit
682 966 856 999 Horatius.
899 968 959 1000 Sed
974 970 1058 1009 queis

372 1014 560 1045 coenantibus
574 1014 649 1054 una]
670 1015 737 1046 Sed
754 1017 872 1057 quibus
886 1018 958 1049 aliis
979 1028 1057 1050 con-

375 1062 472 1095 vivis.

417 1116 459 1144 19
480 1114 615 1145 Pulchre
633 1114 735 1152 suerit
765 1115 838 1155 tibi]
872 1117 979 1149 Quam
1002 1117 1056 1157 ju-

374 1162 481 1193 cunde
496 1164 647 1194 coenaris.

415 1214 457 1242 20
478 1211 618 1243 Summus
641 1222 709 1251 ego,
731 1216 762 1244 et
781 1223 875 1253 prope
890 1223 937 1245 me
954 1214 1059 1245 Viscus

377 1260 524 1302 Turinus]
542 1262 594 1292 De
611 1262 768 1302 triclinio,
784 1263 954 1304 tribusque
970 1264 1002 1294 in
1018 1274 1058 1295 eo

373 1310 484 1350 lectis,
506 1311 625 1352 quibus
649 1311 735 1342 terni
760 1315 818 1343 aut
840 1313 1002 1352 quaterni,
1018 1322 1058 1344 ac

374 1360 402 1391 si
425 1370 564 1392 necesse
589 1365 688 1401 esset,
702 1362 803 1393 etiam
819 1362 911 1403 quini
927 1372 1057 1394 accum-

373 1409 512 1448 bebant,
541 1410 794 1449 diligentissime
824 1412 982 1450 singulari
1016 1412 1057 1442 de

372 1459 540 1489 Tricliuiis
569 1459 661 1490 edito
698 1460 943 1491 Commentario
979 1461 1058 1492 Pet.

375 1507 580 1542 ciacconius.
596 1512 631 1538 et
646 1509 678 1538 in
698 1508 894 1548 Appendice
911 1510 980 1540 Ful.
993 1510 1056 1540 Ur-

372 1555 482 1593 siuus;
500 1565 538 1586 ac
555 1565 613 1586 nos
631 1565 656 1586 1.
670 1557 740 1587 Sat.
756 1559 787 1586 3.
803 1562 962 1597 quantum
978 1558 1056 1588 satis

373 1608 438 1641 est,
453 1603 597 1634 diximus
612 1615 618 1631 ι
640 1610 674 1634 et
691 1605 742 1634 hic
763 1605 897 1644 quidem
913 1607 1060 1637 convivae

373 1660 438 1682 nna
463 1660 537 1682 cnm
562 1651 694 1690 hospite
720 1661 848 1690 novem,
874 1653 980 1684 tribus
1002 1663 1060 1684 ex-

374 1701 464 1740 cepti
481 1700 597 1730 leetis:
623 1699 679 1730 sed
707 1699 755 1729 his
781 1700 807 1730 si
833 1701 914 1731 duos
934 1701 1061 1738 demas,

373 1761 454 1791 quos
467 1751 636 1781 Maecenas
654 1751 783 1781 umbras
797 1751 984 1783 adduxerat
998 1763 1006 1791 ;
1024 1759 1059 1784 et

374 1801 464 1831 solus
489 1801 562 1840 ipse
594 1800 738 1830 medium
766 1806 964 1840 occupasset
993 1803 1059 1833 lec-

373 1853 458 1889 tum,
485 1854 520 1880 et
542 1849 633 1879 locus
656 1847 774 1879 fuisset
794 1850 971 1888 proverbio
993 1860 1056 1890 sep·

373 1902 434 1930 tem
453 1898 560 1936 sacer-e
580 1898 759 1929 convivium.
813 1899 866 1930 Sit
893 1899 995 1938 igitur
1023 1901 1056 1931 in

373 1946 540 1984 confesso,
555 1951 594 1978 ut
617 1947 650 1977 in
673 1947 830 1987 triclinio,
845 1947 987 1987 lectum;
1010 1949 1058 1980 sie

373 1996 406 2026 in
424 2005 619 2037 unoquoque
635 1997 737 2035 lecto,
757 1996 862 2027 sinum
879 2006 936 2028 seu
953 1998 1059 2038 pulvi-

373 2055 463 2084 num,
490 2045 546 2086 qui
573 2045 702 2076 medius
729 2050 815 2084 erat,
837 2045 1058 2077 honestiorem

372 2093 491 2126 fuisse:
515 2099 615 2134 atque
641 2093 689 2124 ita
713 2093 807 2132 Virg.
823 2094 897 2125 AEn.
915 2103 939 2125 1.
963 2094 972 2111 ‘
991 2094 1058 2125 Au-

373 2143 445 2174 laeis
468 2144 539 2183 jam
562 2152 598 2174 se
626 2143 740 2182 regina
766 2143 919 2181 superbis
947 2143 1059 2174 Aurea

374 2191 561 2231 composuit
583 2189 723 2230 sponda,
740 2190 948 2230 mediamque
970 2191 1057 2220 loca-

372 2239 444 2271 vit.'
470 2241 612 2271 Terreni.
655 2237 796 2268 Summus
816 2237 886 2276 ego]
907 2237 1059 2268 Summus

374 2298 437 2329 ego
460 2287 508 2318 fui
530 2288 563 2318 in
585 2286 692 2326 primo
715 2286 818 2324 lecto,
841 2286 950 2326 inquit
971 2286 1057 2316 Fun-

373 2340 503 2370 danius.
553 2338 660 2370 Viscus
682 2336 830 2376 Turinus]
863 2337 954 2368 Libri
992 2337 1057 2369 duo

376 2389 539 2424 Turrinus,
578 2387 723 2427 optimus
763 2386 929 2426 Thurinus,
971 2387 1058 2427 quod

374 2437 499 2479 probo:
524 2446 544 2467 a
557 2435 684 2467 Titurio
700 2435 837 2474 oppido,
853 2440 910 2465 aut
925 2434 1056 2465 Thuriis

373 2486 520 2527 populis,
533 2493 662 2525 pagove
675 2483 832 2522 Thurino,
846 2483 887 2513 de
900 2493 964 2524 quo
975 2483 1055 2514 Sue-

374 2535 459 2567 tonii
481 2533 635 2574 Augusto
660 2541 737 2573 cap.
753 2534 784 2563 7.
830 2532 926 2563 Duos
947 2537 1056 2564 autem

374 2585 495 2616 Viscos
511 2584 633 2615 amicos
649 2584 724 2612 suos
740 2586 976 2612 commemorat
988 2581 1058 2612 Ho-

376 2634 480 2665 ratius
498 2642 523 2663 r.
537 2632 609 2663 Sat.
626 2633 677 2662 10.
703 2631 842 2662 Torrent.

416 2686 456 2713 21
476 2682 554 2713 Cum
568 2679 698 2712 Servilio
710 2679 889 2719 Balatrone,
902 2680 969 2720 cisa]
987 2678 1059 2711 Hos

374 2730 575 2763 Maecenatis
600 2728 733 2760 umbras
761 2727 864 2760 fnisse
894 2729 1057 2767 arbitror3

374 2789 414 2812 ac
431 2779 570 2821 proinde
594 2778 642 2810 ita
667 2777 825 2818 distingui
840 2783 1008 2819 oportere,
1024 2781 1060 2807 ut

831 289 967 318 No'rAE
1005 286 1262 318 VARlORUM
1301 289 1347 318 ΙΝ

1111 381 1142 411 hi
1159 381 1190 411 in
1213 381 1407 411 Maecenatis
1427 381 1512 411 lecto
1537 380 1730 412 accubuisse
1745 381 1791 413 in-

1109 430 1315 471 telligantur.
1360 430 1491 460 Servilio
1504 435 1615 461 autem
1635 430 1793 471 trissylla-

1111 479 1187 510 bum
1211 484 1282 510 est:
1319 488 1393 509 nam
1418 479 1564 510 secunda
1590 478 1794 519 producetur

1111 533 1147 559 et
1175 529 1387 560 Sunvmuvs
1413 527 1485 560 sere
1510 530 1542 560 in
1564 528 1710 570 antiquis
1734 538 1794 560 nu—

1111 577 1314 608 mismatibus
1345 577 1512 608 scribitur.
1563 578 1629 608 Pro
1659 577 1794 609 Vibidius

1110 635 1242 666 quoque
1261 626 1390 657 Ubidius
1411 636 1475 656 uno
1496 626 1529 656 in
1544 626 1618 658 cod.
1634 626 1793 666 scripturn

1112 674 1270 715 repperi:
1305 680 1481 716 utrumque
1510 675 1693 706 Romanum
1721 680 1794 713 est;

1112 725 1169 755 sed
1186 725 1266 756 nihil
1282 725 1334 756 hic
1350 732 1452 756 muto.
1478 726 1618 757 Torreat.

1152 776 1193 804 22
1219 774 1363 813 Umbras]
1386 774 1529 805 Umbras
1551 774 1700 814 appellat
1717 783 1794 806 cou-

1111 823 1202 853 vivas
1217 832 1235 852 a
1250 826 1462 854 convivator-e
1478 833 1543 854 non
1559 824 1728 856 invitatos.

1152 873 1192 900 23
1231 871 1441 901 Nomentanus
1467 875 1534 902 erat
1559 881 1650 912 super
1676 873 1792 913 ipsum]

1112 918 1215 958 Ipsum
1230 927 1303 948 cum
1318 918 1412 957 dicit,
1429 928 1533 950 coenae
1545 924 1672 959 patrem
1684 930 1723 951 ac
1737 920 1794 951 do-

1110 967 1233 997 miuum
1263 966 1446 1005 significat:
1471 968 1528 1007 qui
1558 976 1622 1008 quo
1647 968 1795 999 lautitias

1110 1025 1185 1046 suas
1210 1016 1390 1046 Maecenati
1413 1017 1516 1055 magis
1540 1017 1710 1056 probaret,
1729 1018 1796 1048 No·

1108 1062 1299 1095 mentannm
1329 1070 1497 1106 tamquam
1523 1065 1672 1106 judicem
1703 1066 1794 1097 adbi-

1110 1113 1196 1152 buit,
1226 1114 1283 1154 qui
1309 1115 1486 1154 saporibus
1516 1115 1618 1146 veluti
1649 1115 1793 1155 pretium

1111 1163 1263 1201 diceret;
1287 1164 1474 1195 notissimus
1503 1170 1583 1196 tnnc
1605 1173 1727 1204 nepos;
1744 1166 1794 1195 uti

1112 1216 1147 1242 et
1164 1212 1302 1243 Porcius
1325 1213 1448 1245 Catulli
1471 1214 1615 1245 carmine
1639 1213 1796 1254 perstric-

1113 1265 1190 1291 tus:
1214 1261 1333 1293 ‘Quod
1355 1262 1504 1293 convivia
1525 1267 1717 1303 sumptuosa
1730 1262 1794 1293 lar·

1112 1319 1171 1348 gus
1187 1311 1241 1341 De
1254 1310 1307 1340 die
1319 1310 1470 1342 faceret)
1516 1311 1682 1342 Obsorbere
1691 1311 1791 1342 etiam

1110 1367 1171 1398 pro
1185 1359 1343 1391 absorbere
1358 1359 1390 1390 in
1406 1359 1534 1391 duobus
1549 1361 1632 1391 Mss.
1649 1361 1770 1399 legitur
1784 1370 1792 1390 ι

1109 1408 1191 1440 illud
1208 1418 1287 1440 vero
1301 1419 1391 1450 super
1400 1410 1508 1450 ipsum,
1519 1419 1677 1450 germana
1694 1410 1793 1441 lectio

1110 1463 1181 1489 est:
1205 1465 1305 1498 atque
1326 1460 1371 1490 ita
1393 1459 1568 1491 Sallustius
1594 1469 1633 1491 ae
1647 1460 1793 1497 Tacitus,

1110 1511 1147 1537 ut
1173 1507 1271 1538 modo
1296 1507 1448 1543 vidimus,
1473 1513 1508 1538 et
1529 1508 1704 1539 Suetonius
1725 1507 1794 1538 Au·

1109 1561 1207 1593 gusto
1225 1565 1297 1595 cap.
1313 1558 1364 1586 43.
1388 1557 1397 1572 ‘
1410 1556 1584 1595 Superque
1610 1565 1644 1586 se
1668 1555 1793 1586 subsel-

1106 1603 1152 1632 lio
1170 1604 1315 1634 secundo
1331 1603 1534 1634 collocavit!
1563 1605 1651 1635 Torr.
1695 1604 1792 1644 Super

1107 1650 1221 1690 ipsum]
1242 1651 1349 1690 Supra
1367 1652 1592 1683 Nasidienum.

1149 1701 1189 1730 24
1208 1699 1367 1731 Ridiculus
1379 1703 1471 1738 totas,
1482 1701 1549 1741 δῖα]
1566 1701 1704 1733 Porcius
1715 1702 1792 1734 ideo

1110 1747 1176 1779 fuit
1191 1747 1363 1787 ridiculus,
1377 1748 1466 1789 quod
1482 1758 1546 1780 nno
1561 1749 1679 1781 liaustu
1703 1755 1793 1782 totas

1110 1797 1304 1828 absorberet
1320 1798 1519 1838 placentas„

1149 1849 1190 1877 25
1216 1847 1424 1877 Nomentanus
1443 1848 1483 1878 ad
1507 1847 1573 1886 hoc,
1589 1848 1652 1887 qui,
1671 1849 1699 1879 si
1720 1850 1792 1889 quid

1100 1895 1187 1933 sorte
1211 1896 1335 1936 lateret]
1357 1896 1486 1931 Scribe,
1509 1906 1566 1936 quo
1579 1897 1608 1928 si
1628 1898 1701 1938 quid
1707 1898 1794 1936 forte

1110 1945 1230 1975 lateret.
1274 1945 1367 1976 Nihil
1396 1950 1470 1976 erat
1494 1946 1682 1978 Maecenate
1705 1946 1796 1978 sesti-

1111 1993 1193 2031 vius,
1224 1993 1278 2033 qui
1302 2003 1376 2024 cum
1405 1994 1560 2033 venisset,
1580 2001 1617 2025 nt
1641 1995 1794 2026 Nasidie-

1111 2051 1187 2072 num
1199 2042 1415 2081 lepidissime,
1424 2044 1698 2084 quemadmodum
1710 2045 1793 2076 indi-

1110 2097 1166 2122 cat
1192 2091 1314 2132 Poeta,
1336 2097 1524 2131 exerceret,
1547 2094 1793 2125 Nomentanum

1111 2149 1212 2179 supra
1226 2149 1273 2177 se,
1287 2141 1444 2171 Porcium
1456 2140 1542 2172 infra
1557 2143 1794 2173 collocaverat.

1111 2187 1221 2218 Quare
1249 2188 1493 2218 Nomentanum
1506 2189 1518 2218 ?
1564 2190 1639 2220 Quo
1664 2190 1794 2230 singula

1113 2244 1186 2273 quae
1201 2240 1461 2275 apponerentur,
1474 2235 1484 2252 ‘
1497 2236 1613 2267 Indice
1631 2243 1793 2269 monstra-

1112 2286 1165 2313 ret
1181 2282 1288 2323 digito
1301 2282 1321 2314 :’
1344 2292 1522 2325 eorumque
1549 2286 1665 2316 miram
1687 2288 1794 2319 sitavi-

1113 2335 1216 2362 tatem
1232 2331 1361 2363 mimice
1377 2332 1630 2372 depraedicaret.
1654 2335 1794 2367 Porcius

1113 2390 1189 2411 vero
1205 2381 1354 2420 integras
1373 2381 1554 2422 placentas,
1573 2389 1739 2423 praesente
1755 2394 1794 2416 ac

1111 2429 1247 2460 vidente
1262 2430 1420 2470 parocho,
1442 2429 1564 2462 festive
1580 2431 1793 2464 absorbebat.

1110 2479 1279 2509 Maecenas
1309 2487 1389 2517 ergo
1415 2479 1447 2509 in
1470 2479 1581 2510 medio
1610 2489 1734 2522 eorum,
1757 2486 1794 2512 ut

1111 2525 1238 2558 affatim
1274 2526 1411 2561 rideret,
1453 2526 1560 2558 locum
1607 2528 1790 2569 delegerat.

1111 2576 1271 2607 Heinsius.
1294 2576 1504 2607 Nomentanus
1513 2577 1553 2607 ad
1563 2577 1633 2618 hoc]
1647 2578 1791 2610 Nomen-

1111 2630 1207 2656 tanus
1236 2625 1374 2665 insignis
1404 2625 1512 2656 helluo
1535 2626 1576 2656 ad
1603 2626 1666 2658 hoc
1687 2626 1752 2658 fuit
1773 2638 1792 2659 a

1112 2675 1303 2706 Maecenate
1328 2674 1458 2710 ductus,
1486 2678 1534 2715 nt,
1555 2676 1615 2707 διο.
1658 2676 1696 2707 Sa·
1719 2677 1793 2716 quid

1110 2724 1234 2764 lateret]
1269 2724 1306 2756 Si
1334 2723 1413 2764 quid
1443 2723 1514 2755 aliis
1543 2729 1615 2756 erat
1644 2725 1790 2766 incogni-

1112 2779 1192 2806 tum.
