1904 3216
421 315 628 347 nonu-11
661 312 940 345 snamouuM
974 312 1071 344 ma.
1103 311 1156 343 11.
1183 300 1230 342 2.

90 411 209 440 auctor
223 410 296 439 est:
320 407 461 439 esitasse
481 407 569 438 enim
587 406 690 437 salem
706 414 782 436 cum

90 467 179 499 pane
193 462 230 490 et
244 466 356 497 caseo,
370 462 408 488 ut
423 456 603 498 proverbio
618 453 784 495 apparet?

90 508 146 538 De
165 507 236 539 sale
260 511 387 542 autem,
412 511 448 538 ut
469 505 714 546 antiquissimo,
735 503 784 534 sie

85 557 333 598 jucundissimo
344 555 595 597 obsonio,quod
610 559 647 585 et
662 563 783 594 panem

90 607 200 648 ipsum
215 612 253 638 et
267 611 383 638 cetera
405 605 516 637 onmia
537 603 685 642 condiat,
708 612 785 642 per-

91 657 267 698 eleganter
277 656 479 688 Plutarchus
490 655 645 695 Sympos.
657 653 785 685 Qnaest.

91 714 144 737 xv.
158 708 192 737 4.
208 705 351 744 addens,
365 705 408 736 ob
423 704 456 735 id
468 702 634 735 communi
651 702 785 742 Neptu-

91 763 170 786 num
190 759 226 786 et
249 755 408 786 Cererem
434 753 557 785 sacello
578 751 641 783 coli
665 752 786 790 solere,

90 804 180 845 quod
198 802 351 843 Neptuni
365 801 488 834 donum
505 801 566 840 sal,
577 799 712 832 Cereris
726 809 785 840 pa-

90 853 156 884 nis.
181 851 324 885 Tor-rent.

74 924 80 929 .
95 927 98 929 .
134 903 176 932 18
208 900 392 932 Lacr-antem
418 893 622 940 se'omaehum]
654 898 786 930 Stoma-

92 950 192 982 chum
206 950 352 982 inanem.
388 949 478 981 Unde
490 952 593 989 putas,
605 948 675 988 aut]
687 948 786 979 Unde

91 1004 189 1040 putas
209 999 294 1031 hanc
316 999 524 1040 voluptatem
547 998 639 1030 nasci
661 998 694 1029 in
718 1002 788 1029 tarn

93 1049 188 1081 tenui
202 1049 318 1080 victu?

137 1101 179 1130 19
192 1097 257 1134 Qui
269 1097 409 1139 pureum]
423 1096 600 1130 Quomodo
614 1097 788 1137 paratum?

96 1149 171 1180 Νωι
182 1147 218 1179 in
232 1147 318 1188 caro]
331 1148 409 1180 Non
423 1147 458 1178 in
473 1155 626 1178 carorum
638 1146 790 1177 obsonio-

95 1207 172 1229 rum
187 1196 303 1229 odore.

137 1249 180 1279 20
198 1247 246 1280 Tu
258 1247 465 1288 pulmentaria
479 1246 596 1287 quoere]
609 1246 660 1277 Tu
671 1245 789 1286 epulas

96 1297 270 1337 pulmento
294 1296 465 1327 suaviores
490 1305 605 1336 quaere
623 1294 789 1326 exercitio

95 1345 275 1378 laborioso.
320 1345 532 1376 Palmentaria
550 1354 652 1385 quoere
667 1344 790 1375 Sudan-

94 1395 149 1436 do]
171 1396 182 1413 ‘
199 1394 325 1432 Pulte‚'
339 1395 448 1436 inquit
464 1394 596 1426 Plinius
613 1402 720 1424 xvnr.
737 1395 789 1424 13.

92 1446 102 1463 ‘
112 1455 178 1478 non
194 1456 294 1488 pane,
306 1446 428 1478 vixisse
442 1446 543 1486 longo
558 1450 712 1485 tempore
725 1445 791 1476 Ro·

96 1504 213 1527 manos
223 1495 453 1534 manifestum,
463 1495 619 1536 quoniam
628 1493 706 1525 inde
716 1495 790 1535 pul-

96 1543 263 1577 mentaria
291 1543 456 1585 hodieque
486 1542 666 1574 dicuntur.'
723 1543 790 1574 Hic

97 1601 179 1626 vero
196 1593 405 1634 pulmentaria
426 1591 579 1624 sudando
602 1592 708 1632 quaeri
733 1591 789 1632 ju-

97 1642 195 1682 bens,
209 1651 275 1674 non
292 1646 361 1674 tam
376 1642 504 1683 epulas,
516 1649 616 1682 quam
631 1640 664 1671 in
681 1640 790 1681 epulis

98 1696 231 1733 gustum
246 1689 428 1732 significat.
450 1691 595 1722 Tor-rene.

138 1743 180 1773 21
215 1738 372 1779 Pis-gum
399 1739 499 1778 viliis,
527 1738 703 1778 albumque]
735 1737 792 1768 Sic

99 1789 202 1831 paulo
223 1792 320 1829 post:
342 1789 352 1805 ¹
366 1787 498 1827 Corpus
522 1791 680 1817 onustum
703 1786 793 1817 Hes-

99 1838 205 1870 ternis
221 1835 333 1868 vitiis-¹
377 1836 454 1867 Hoc
470 1840 534 1872 est,
555 1835 672 1876 sagina
687 1834 793 1875 turpi-

101 1893 156 1920 ter
172 1896 233 1928 per
251 1886 434 1927 ingluviem
450 1885 582 1925 ingesta
596 1885 795 1925 impeditum

100 1936 393 1977 debilitatumque.
443 1935 559 1966 Album
588 1943 669 1965 vero
692 1934 797 1964 inter-

102 1990 230 2028 pretor.
245 1985 303 2027 qui
319 1985 457 2020 morbis,
473 1990 511 2016 ut
526 1993 618 2024 saepe
631 1983 683 2023 fit,
706 1983 797 2014 inter

102 2036 222 2077 epulas
236 2035 366 2067 obortis
382 2035 527 2075 palleat:
550 2031 648 2075 quive
665 2032 797 2064 assidue

82 2083 89 2086 '
103 2083 323 2126 crapulando,
350 2088 525 2115 consumto
552 2083 623 2124 jam
651 2082 798 2113 naturali

104 2134 230 2174 calore,
259 2133 301 2164 ad
327 2133 508 2175 hydropem
532 2135 664 2173 vergat.
717 2131 797 2162 Non

103 2194 223 2217 recuso
244 2189 357 2216 tamen
380 2184 461 2225 quin
481 2182 584 2214 album
605 2181 679 2223 quis
700 2180 797 2212 abso-

105 2236 176 2267 lute
189 2244 252 2276 pro
266 2234 374 2266 nitida
387 2238 423 2264 et
438 2233 586 2264 distenta
599 2236 680 2263 cute
692 2230 797 2262 inter-

104 2287 270 2325 pretetur.
324 2281 527 2314 Candidiora
556 2281 645 2312 enim
666 2289 796 2311 reorum

105 2341 263 2374 corpora,
271 2331 328 2373 qui
341 2332 421 2362 luxu
432 2335 468 2362 et
480 2330 621 2362 mollitia
632 2328 797 2360 diffluunt.

109 2382 251 2413 Torreat.
293 2379 448 2418 Pinguem
470 2378 574 2417 vitiis]
608 2377 696 2408 Nam
725 2377 799 2416 pin-

109 2440 208 2472 guem
226 2429 329 2468 vitiis,
343 2427 378 2458 id
394 2431 457 2467 est,
471 2427 614 2467 crapula
628 2425 799 2465 turgidum

110 2485 148 2514 et
162 2478 335 2520 pallidum,
350 2486 461 2517 neque
482 2481 594 2507 ostrea
607 2484 670 2506 nec
685 2483 802 2505 scarus

111 2527 238 2570 poterit
251 2526 385 2567 juvare.

153 2579 195 2608 22
219 2575 392 2615 Peregrina
407 2573 535 2614 Juvare]
564 2573 716 2613 Peregre
744 2572 801 2603 ad-

112 2629 223 2659 vecta.
266 2623 400 2664 lagois]
422 2624 475 2655 De
491 2632 586 2654 scaro
605 2621 697 2662 pisce
716 2621 802 2652 dixi-

112 2687 187 2710 mus
211 2676 246 2707 in
272 2674 411 2715 Epodis.
454 2673 576 2714 Lagois
598 2672 746 2713 piscisne
760 2681 804 2703 an

115 2727 186 2759 avis
208 2724 313 2757 fuerit
340 2724 553 2764 ignoramus;
578 2723 701 2754 animal
720 2721 804 2754 adeo

114 2774 344 2816 peregrinum,
369 2778 406 2805 ut
431 2773 534 2805 solius
556 2772 689 2806 Horatii
713 2772 806 2804 testi-

115 2826 227 2858 monio
243 2824 275 2855 in
301 2832 413 2854 rerum
434 2826 555 2854 natura
571 2822 675 2854 fuisse
689 2822 807 2854 creda-

199 2876 310 2917 Delph.
327 2880 356 2907 et
375 2877 449 2906 Vur.
467 2876 550 2906 Clas.

774 2874 875 2906 Horat
882 2896 890 2907 .

1417 298 1529 341 1681

836 415 933 445 mus;
956 405 1098 446 dictum,
1112 407 1152 437 ut
1166 404 1282 437 volunt
1305 402 1529 442 luten-protes.

834 453 877 484 ab
892 454 1003 495 aliqua
1018 453 1143 494 leporis
1157 451 1389 490 similitudine,
1402 450 1473 482 sive
1486 449 1531 481 ad

835 504 996 540 colorem,
1031 504 1102 534 sive
1138 502 1181 537 ad
1225 502 1334 534 carnis
1370 501 1530 541 leporinae

834 557 953 591 gustus
968 552 1222 583 similitudinem
1239 550 1432 582 referamus.
1458 549 1533 580 Tor-

833 604 916 632 rent.
960 601 1093 642 Lagois]
1117 600 1227 632 Piscis
1246 601 1361 631 Rornae
1384 607 1481 631 carus
1496 602 1533 629 et

835 659 939 681 rarus.

877 701 918 730 23
947 700 1008 730 Vix
1032 703 1135 731 tamen
1157 699 1303 740 eripiam]
1337 697 1532 730 Stomacha-

837 753 907 786 tur‚
924 749 979 779 vix
996 759 1031 780 se
1048 748 1182 780 efficere
1206 758 1318 789 posse.
1334 752 1371 779 ut
1386 743 1535 778 luxurio-

835 807 872 829 so
897 798 1101 838 persuadeat
1122 798 1201 829 vitae
1229 798 1349 837 prioris
1364 796 1535 836 ἆψικορίαν,

835 846 868 877 id
885 852 951 886 est,
966 856 1076 878 rerum
1089 846 1321 878 adamatarum
1337 845 1534 877 fastidium:

835 896 930 936 cujus
954 901 1050 927 certe
1072 896 1120 927 rei
1144 896 1236 926 milla
1258 895 1324 926 alia
1346 904 1451 926 causa
1470 897 1536 934 est,

837 955 937 987 quam
973 955 1057 978 usus
1085 949 1121 977 et
1150 945 1334 976 assuetudo
1362 944 1536 976 vanitatis.

840 995 934 1036 Cruq.
979 994 1141 1035 Eripiunt]
1161 995 1230 1025 Vix
1246 993 1470 1034 persuadebo.

879 1047 921 1076 24
947 1044 1019 1076 Hoc
1045 1044 1165 1085 potius]
1201 1043 1354 1074 Pavone.
1402 1042 1537 1080 Tergere

835 1095 990 1135 palatum]
1018 1094 1162 1134 Terg-ere,
1187 1101 1250 1132 pro
1263 1091 1394 1123 avidius
1409 1100 1449 1122 ac
1466 1090 1538 1131 ple—

838 1144 987 1176 nioribus
1010 1143 1126 1175 buccis
1151 1141 1286 1174 edundo
1308 1149 1466 1174 exercere
1497 1149 1538 1171 ac

839 1194 946 1226 veluti
976 1194 1134 1226 deterere
1162 1194 1315 1234 palatum
1343 1191 1454 1227 dixit3
1478 1193 1539 1221 aut

840 1253 901 1284 pro
930 1253 1018 1274 novo
1041 1243 1099 1274 illo
1124 1242 1266 1283 pavonis
1289 1245 1390 1281 gustu
1416 1239 1538 1281 prioris

839 1303 926 1325 escae
941 1293 1145 1324 oblivionem
1161 1292 1334 1324 inducere.
1368 1291 1443 1323 Nec
1458 1298 1540 1321 saue

840 1343 1002 1384 displicet
1030 1342 1169 1383 Cruquii
1197 1340 1381 1379 sententia,
1412 1344 1451 1371 ut
1476 1348 1539 1379 pro

839 1393 896 1423 vix
909 1395 1025 1432 tumen,
1048 1393 1181 1431 legatur
1192 1391 1249 1421 nix
1263 1391 1398 1428 tandem,
1413 1393 1450 1420 et
1466 1387 1538 1429 qui-

840 1441 916 1472 dem
939 1451 1016 1472 cum
1047 1439 1325 1480 interrogationis
1353 1443 1434 1469 nota
1461 1440 1541 1477 post

841 1490 1021 1522 dictionem
1044 1490 1152 1526 cauda,
1175 1493 1298 1529 quarto
1322 1496 1431 1518 versu.
1477 1486 1541 1517 Est

840 1539 929 1570 enim
942 1547 1077 1574 novum,
1091 1543 1193 1578 atque
1203 1536 1419 1575 concinnum,
1431 1539 1468 1566 ut
1480 1535 1540 1566 ad-

840 1589 966 1620 mirans
992 1593 1102 1629 roget,
1135 1588 1209 1629 quis
1238 1591 1345 1618 tantae
1378 1586 1540 1618 vanitatis

839 1637 972 1669 futurus
983 1639 1028 1669 sit
1041 1637 1130 1669 finis.
1168 1636 1246 1668 Vid.
1260 1636 1412 1667 Turneb.
1429 1644 1540 1667 xvnr.

842 1690 895 1718 12.
919 1687 1063 1718 Tor-rent.
1107 1687 1240 1724 Tergere
1250 1684 1407 1724 palatum]
1429 1684 1540 1715 Frica-

842 1745 879 1766 re
897 1735 950 1766 vel
963 1734 1135 1765 delectare
1151 1735 1312 1774 palatum.
1335 1733 1431 1773 [Vat.
1443 1733 1542 1765 Rom.

843 1787 894 1815 10.
908 1790 945 1814 et
961 1782 1139 1814 Barberin.
1154 1785 1187 1814 2.
1204 1782 1355 1822 angera]

885 1837 925 1866 25
954 1834 1051 1865 Vanis
1064 1833 1183 1874 rerum]
1207 1834 1398 1873 Corruptus
1411 1833 1542 1864 vanita-

845 1884 935 1915 tibus
966 1892 1092 1922 rerum,
1120 1887 1159 1914 ut
1188 1882 1319 1914 deliciis
1346 1883 1543 1914 luxuriosis.

850 1934 966 1965 Veneat
993 1932 1084 1973 auro]
1108 1932 1210 1965 Ratio
1237 1941 1330 1963 vanae
1356 1932 1543 1972 persuasio-

844 1984 907 2022 nis,
929 1992 949 2014 a
972 1983 1095 2023 pretio,
1117 1982 1283 2021 novitate,
1296 1984 1333 2013 et
1355 1981 1543 2021 pulchritu-

845 2033 924 2063 dine
951 2033 1140 2073 plumarum
1171 2030 1322 2072 pavonis.
1365 2029 1543 2061 Juvenalis

846 2082 918 2114 Sat.
946 2091 997 2114 xl.
1032 2082 1197 2114 ‘Interea
1225 2084 1343 2121 gustus
1373 2080 1544 2111 elementa

846 2141 909 2172 per
933 2131 1046 2163 omnia
1070 2134 1242 2173 quaerunt,
1257 2130 1449 2170 Numquam
1472 2129 1544 2160 ani-

846 2190 901 2212 mo
931 2181 1050 2221 pretiis
1073 2180 1311 2218 obstantibus3
1348 2179 1488 2211 interius
1514 2179 1544 2210 si

848 2230 1029 2270 Attendas,
1045 2230 1151 2271 magis
1166 2229 1224 2260 illa
1234 2229 1358 2269 juvant
1379 2239 1454 2270 quae
1470 2229 1545 2270 plu-

847 2279 893 2310 ris
908 2278 1088 2310 emuntur.'
1112 2278 1253 2310 Tment.

890 2331 932 2359 26
961 2328 1057 2358 Picta
1089 2329 1208 2368 pandat
1233 2329 1408 2368 spectacula
1431 2328 1545 2368 cauda]

850 2376 939 2407 Pavo
950 2377 1060 2407 avium
1070 2375 1340 2415 formosissimus,
1351 2386 1462 2417 neque
1474 2376 1546 2408 for-

850 2434 914 2455 mae
931 2434 999 2456 suae
1010 2424 1155 2464 ignarus,
1166 2434 1266 2466 quam
1277 2424 1419 2456 mirifice
1432 2429 1545 2456 osten-

852 2478 924 2512 tat;
947 2482 1054 2514 eoque
1068 2473 1202 2505 nomine
1215 2482 1283 2504 uon
1298 2483 1458 2513 arrogans
1470 2478 1545 2505 tan-

852 2528 935 2564 tum,
946 2524 1006 2555 sed
1018 2528 1055 2555 et
1066 2524 1251 2555 malevolus
1263 2534 1274 2563 3
1288 2524 1431 2564 primum
1449 2533 1546 2563 paene

852 2573 1001 2614 ignotus,
1027 2572 1163 2604 tandem
1183 2583 1202 2603 a
1219 2572 1378 2604 Barbaris
1401 2573 1434 2603 in
1450 2573 1548 2604 Grae-

852 2625 940 2656 ciam
956 2623 1104 2663 delatus,
1120 2623 1265 2655 Athenis
1286 2623 1399 2663 pretio
1411 2627 1548 2664 specta-

853 2673 966 2705 batur.
988 2673 1086 2704 Idem.
1561 2706 1563 2708 ,

896 2725 938 2754 27
976 2722 1157 2763 Tamquam]
1207 2721 1309 2754 Quasi
1340 2720 1382 2752 ad
1413 2724 1547 2762 gustum

856 2773 982 2804 alarum
995 2771 1209 2812 pulchritudo
1224 2770 1406 2811 pertineat.

897 2825 939 2853 28
964 2822 1108 2855 Coctover
1122 2830 1193 2854 num
1220 2821 1307 2851 adest
1328 2820 1423 2852 honor
1449 2820 1546 2860 idem]

1388 2873 1461 2904 50
