1930 3204
423 270 535 309 1544

425 370 614 402 silvestrem
644 371 741 401 ficum
778 369 915 410 vocant)
942 379 1109 411 nunquam

425 417 560 458 florens,
597 426 772 459 numquam
809 417 922 449 fructu
947 422 1109 450 matures-

425 477 519 507 cens,
543 468 661 498 merito
687 467 774 497 inter
799 465 951 498 infelices
977 467 1110 498 arbores

425 521 653 556 computatur.
698 515 785 546 Quia
801 524 879 546 vero
895 515 1041 556 parietes
1051 515 1111 546 fin-

425 564 491 602 dit,
519 569 556 595 et
578 564 720 594 maxime
745 565 974 604 sepulcrorum
1007 565 1111 595 moles

426 612 577 651 infestat,
590 622 657 644 non
678 617 806 644 temere
821 613 983 645 Horatius
1005 613 1112 654 capri—

426 662 508 693 ficos
531 671 595 692 una
610 672 685 693 cum
701 663 866 702 cupressis
882 663 996 694 herbis
1011 663 1111 703 magi-

426 711 474 742 cis
491 715 699 742 annumerat.
736 712 879 742 Veteres
899 721 977 742 sane
998 720 1112 742 corum

426 769 510 800 quos
552 760 695 792 oderant
731 761 896 801 sepulcris
941 759 1114 800 caprificos

427 809 541 840 enasci
557 809 734 850 optabant.
776 809 974 850 Propertius
991 809 1047 840 lib.
1066 818 1114 840 ιν.

429 858 503 888 ‘Sit
534 858 678 889 tumulus
701 859 784 890 lenae
807 863 904 890 curto
928 862 1023 889 vetus
1048 868 1115 889 arn-

429 907 534 948 phora
557 907 643 938 collo
659 917 669 937 ε
697 908 826 947 Urgeat
841 907 929 938 bunc
945 915 1046 947 supra
1069 906 1116 937 vis

429 955 590 996 caprifice
607 955 688 986 tua.’

474 1006 513 1035 18
536 1003 705 1043 Funebres]
729 1005 916 1044 Cupressus
937 1003 1046 1034 funeri
1061 1003 1117 1033 ad-

429 1052 621 1092 hibebatur,
645 1052 735 1092 quia,
761 1055 798 1082 ut
822 1053 1008 1092 Cupressus
1031 1061 1119 1082 caesa

433 1110 601 1140 nunquam
630 1100 820 1139 revirescit,
845 1100 893 1131 sic
930 1100 1049 1131 mortui
1076 1100 1118 1130 ad

431 1150 534 1181 vitam
550 1149 684 1180 minime
701 1150 857 1181 redeunt.
892 1149 979 1180 Vide
994 1158 1035 1181 ιι.
1053 1149 1120 1180 Od.

434 1202 483 1231 14.

476 1251 516 1279 19
541 1249 653 1288 Turpis
666 1259 721 1280 ota
731 1247 831 1288 mnoe]
846 1248 1013 1279 Ranarum
1026 1248 1122 1288 plura

434 1306 578 1336 genera:
603 1298 670 1327 illae
688 1302 725 1328 ut
740 1306 880 1336 corpore
896 1296 1059 1335 maximae,
1073 1297 1121 1327 sic

432 1352 468 1377 et
491 1347 745 1383 nocentissimae,
768 1356 843 1387 quae
869 1347 1051 1387 palustrem
1074 1347 1121 1377 vi-

434 1399 503 1426 tam
533 1401 623 1426 terra
638 1400 894 1434 commutarunt,
910 1400 946 1427 et
961 1396 992 1426 in
1014 1396 1123 1436 vepri—

435 1443 497 1474 bus
515 1443 670 1483 tubisque
687 1448 789 1483 agunt
805 1454 815 1481 ;
838 1444 927 1474 unde
952 1448 987 1474 et
1002 1453 1122 1474 nomen

436 1492 569 1532 adeptae
593 1492 724 1532 (Latini
747 1492 834 1523 enim
858 1492 994 1530 rubetas,
1009 1492 1123 1523 Graeci

436 1540 568 1581 φρύνους
585 1545 718 1580 vocant,
735 1545 822 1572 teste
839 1541 968 1581 Plinio)
984 1541 1123 1580 geminis

436 1591 541 1620 veluti
555 1589 724 1628 cornibus,
747 1590 857 1630 plenae
881 1589 1125 1621 veneficiorum.

435 1639 492 1670 Sic
510 1640 598 1670 enim
615 1639 670 1669 ille
685 1639 743 1670 lit».
756 1647 873 1671 xxxii.
885 1644 1003 1680 cap.5.
1015 1640 1124 1671 addit·

439 1698 504 1728 que
530 1688 613 1718 mira
639 1697 709 1717 esse
735 1696 811 1727 quae
834 1688 875 1719 de
891 1688 956 1718 illis
972 1692 1126 1718 auctores

439 1735 589 1775 tradunt,
619 1735 707 1767 inter
736 1736 802 1766 alia
824 1745 970 1767 amorem
994 1745 1126 1777 quoque

439 1785 620 1815 concitare.
644 1785 720 1816 Nou
737 1784 795 1815 abs
812 1794 846 1815 re
860 1785 962 1825 igitur
977 1785 1126 1816 Canidiae

440 1833 604 1864 veneficio
619 1842 675 1864 eas
691 1834 810 1864 miscet
824 1833 998 1864 Horatius.
1022 1834 1127 1865 Usum

439 1884 473 1913 in
491 1881 660 1913 veneficiis
675 1882 883 1913 demonstrat
897 1892 961 1914 non
974 1892 1039 1914 uno
1053 1884 1128 1914 loco

440 1932 564 1964 Juven.
581 1935 617 1962 ut
631 1931 700 1962 Sat.
716 1940 765 1962 vr.
789 1931 798 1949 ‘
813 1931 860 1962 At
879 1941 967 1963 nune
990 1941 1042 1963 res
1061 1932 1129 1971 agi-

442 1987 498 2013 tur
513 1981 604 2012 tenui
622 1982 776 2021 pulmone
791 1981 945 2022 rubetae‚'
960 1984 1025 2013 &c.
1065 1982 1130 2012 Ra-

441 2040 489 2061 nae
503 2031 668 2070 sanguine]
694 2031 849 2062 Rubetae.

485 2082 526 2110 20
548 2080 750 2118 Plautumque
764 2083 923 2110 nocturnoe
936 2079 1060 2119 strigis]
1075 2079 1131 2110 Sic

443 2137 578 2167 quoque
603 2127 692 2166 apud
719 2128 878 2167 Propert.
893 2136 949 2157 111.
971 2131 1002 2159 4.
1023 2127 1130 2158 ‘Tur-

443 2178 552 2218 gentis
567 2186 658 2208 ranae
669 2181 828 2217 portenta
843 2177 984 2216 rubetae,
997 2179 1040 2208 Et
1052 2179 1130 2209 stri·

445 2227 494 2268 gis
522 2228 667 2258 inventae
695 2235 756 2264 per
783 2226 880 2257 busta
890 2227 1041 2266 jacentia
1058 2228 1131 2267 plu·-

444 2275 529 2307 mae'
554 2279 736 2306 amatorem
763 2275 911 2308 trahunt.
953 2275 998 2306 At
1026 2277 1131 2307 Luca-

439 2336 508 2358 ›nus
537 2325 659 2357 buboni
689 2334 773 2360 eam,
803 2329 841 2355 ut
869 2325 1131 2365 inauspicatissi-

447 2374 722 2414 mam,associat:
750 2373 868 2406 ‘Quod
890 2374 1043 2414 trepidus
1074 2376 1132 2406 bu-

446 2425 503 2462 bo,
523 2423 612 2464 quod
637 2423 720 2454 strix
740 2428 903 2456 nocturna
926 2424 1135 2464 queruntur!

448 2474 570 2505 Graece
593 2471 702 2512 στρὶγξ
725 2471 870 2503 dicitur:
895 2472 1007 2504 Latini
1022 2477 1134 2504 tamen

448 2532 543 2553 suum
559 2531 633 2552 esse
655 2529 773 2552 nomen
790 2521 919 2559 volunt,
943 2524 979 2552 et
995 2531 1016 2552 a
1038 2522 1047 2539 ‘
1060 2522 1136 2553 stri-

449 2571 531 2602 dore
543 2570 552 2583 ’
569 2569 752 2601 deducunt.
777 2569 880 2600 Ovid.
892 2570 982 2601 Fast.
994 2579 1042 2601 vt.
1053 2571 1063 2589 ⁴
1075 2571 1138 2602 Est

448 2620 515 2651 illis
530 2619 688 2659 strigibus
704 2627 837 2658 nomen,
850 2618 908 2650 sed
921 2619 1062 2651 nominis
1077 2620 1138 2651 hu·

447 2668 504 2707 jus
526 2668 652 2699 Caussa
676 2666 764 2708 quod
801 2666 968 2698 horrenda
996 2667 1137 2700 stridere

453 2721 553 2747 nocte
576 2715 710 2747 solent!
754 2717 962 2758 Quamquam
977 2727 1051 2759 quae
1066 2719 1139 2750 haec

454 2764 590 2807 proprie
618 2765 688 2796 avis
710 2764 754 2796 sit
774 2770 930 2799 constare
953 2772 1056 2808 negat
1070 2767 1139 2800 Pli-

878 278 1016 308 NOTAE
1051 278 1305 310 VARIORUM
1340 281 1389 309 ΙΝ

1157 372 1230 402 nius
1247 380 1296 403 xi.
1312 375 1363 403 39.
1379 371 1653 412 quemadmodum
1666 376 1701 403 et
1711 370 1836 404 fabulo-

1157 426 1228 452 sum
1243 430 1318 452 esse
1334 422 1393 459 ait,
1409 422 1532 461 striges
1548 422 1651 453 ubera
1662 421 1837 455 infantium

1157 469 1259 500 labris
1281 469 1487 510 immulgere.
1530 470 1620 501 Illud
1637 472 1776 502 'omnino
1791 473 1840 503 in-

1160 522 1211 548 ter
1227 523 1380 550 auctores
1405 519 1577 558 convenit,
1600 519 1736 559 strigem
1751 520 1840 559 apud

1161 571 1291 596 veteres
1314 567 1347 596 in
1364 566 1550 598 maledictis
1571 571 1608 598 et
1622 568 1841 599 execrationi—

1161 614 1220 645 bus
1235 613 1349 650 fuisse,
1369 615 1600 656 creditumque
1620 615 1787 648 veneficas
1809 617 1842 648 in

1161 663 1193 694 id
1208 673 1311 702 genus
1327 664 1435 694 avium
1459 664 1610 696 converti
1629 665 1749 702 solere,
1769 675 1843 698 cum

1162 712 1299 752 magicis
1314 713 1522 744 cantionibus
1539 714 1692 746 volaticae
1708 708 1845 746 fiebant.

1163 762 1241 792 Itali
1266 771 1353 793 nunc
1380 772 1509 803 quoque
1532 763 1542 780 ‘
1558 763 1699 803 strigas’
1722 767 1845 795 vocant

1163 809 1337 841 veneficas.
1370 811 1504 851 Str-igis]
1527 811 1618 842 Strix
1631 817 1684 843 est
1698 813 1768 843 avis
1781 822 1847 842 ma-

1164 858 1187 889 li
1202 858 1332 897 ominis,
1345 869 1419 899 quae
1442 865 1603 892 nocturno
1623 864 1774 901 tempore
1792 870 1846 891 vo-

1165 907 1224 945 lat,
1240 913 1275 937 et
1289 908 1466 938 stridorem
1482 918 1542 948 pro
1556 914 1656 940 cantu
1670 909 1784 941 habet.

1191 957 1231 985 21
1246 955 1342 986 Iolcos
1349 959 1441 995 atque
1449 956 1566 995 Iberia]
1575 957 1631 987 Sic
1638 958 1744 988 nostri
1750 957 1848 989 codd.

1167 1004 1229 1034 nisi
1245 1000 1335 1043 quod*
1356 1004 1504 1034 nonnulli
1520 1002 1648 1035 Hiolcos
1661 1008 1692 1036 et
1707 1005 1851 1044 Hiberia,

1168 1053 1223 1083 alii
1242 1053 1368 1083 Colchos
1390 1053 1516 1094 legunt.
1571 1053 1633 1084 Est
1656 1057 1768 1084 autem
1789 1053 1852 1085 Iol·

1167 1113 1216 1133 cos
1241 1102 1421 1133 Thessaliae
1459 1101 1629 1143 oppidum,
1657 1111 1723 1143 quo
1748 1103 1851 1136 Jason

1169 1160 1243 1181 cum
1259 1150 1384 1181 Medea
1406 1160 1447 1181 ex
1464 1151 1577 1182 Ponto
1599 1156 1771 1182 revertens
1795 1161 1853 1192 ap-

1170 1200 1268 1241 pulit.
1290 1199 1392 1231 Ovid.
1414 1201 1424 1217 ⁴
1437 1200 1557 1231 Victor
1578 1200 1764 1232 Iolchiaeos
1780 1200 1855 1232 teti·

1171 1250 1219 1290 git
1247 1259 1322 1280 cum
1349 1249 1493 1290 conjuge
1524 1249 1662 1289 portus.’
1706 1249 1853 1281 Iberiam

1172 1310 1251 1332 vero
1278 1300 1455 1331 Ponticam
1479 1299 1657 1340 intelligit;
1678 1299 1735 1331 ubi
1753 1299 1856 1340 pluri-

1171 1359 1225 1381 ma
1237 1350 1326 1381 nasci
1339 1358 1467 1380 venena
1483 1348 1580 1380 testis
1595 1353 1647 1380 est
1661 1349 1762 1380 etiam
1777 1348 1853 1379 Vir-

1173 1397 1279 1437 gilius.
1331 1396 1450 1436 Iberia]
1490 1397 1564 1428 Non
1594 1396 1770 1436 Hispania,
1797 1395 1855 1426 sed

1173 1446 1293 1478 civitas
1329 1447 1496 1478 montibus
1532 1444 1699 1483 Colchicis
1735 1445 1855 1476 vicina.

1173 1496 1370 1535 [Bamberg.
1395 1495 1524 1531 Olchos5
1545 1495 1627 1525 alius
1654 1503 1708 1535 ap.
1735 1494 1855 1530 Jaeck,

1176 1543 1308 1583 Celeus]

1214 1595 1254 1624 23
1279 1593 1321 1622 Et
1333 1601 1398 1623 ossa
1413 1591 1451 1622 ab
1465 1601 1517 1623 ore
1528 1591 1755 1631 raptujey‘unoe]
1771 1592 1858 1624 Quae

1174 1642 1357 1673 creduntur
1401 1641 1595 1672 aviditatem
1637 1641 1678 1671 ad
1715 1649 1858 1671 amorem

1175 1689 1371 1728 transferre,
1400 1689 1542 1729 ideoque
1579 1689 1719 1719 multum
1749 1688 1860 1719 valere

1177 1739 1219 1770 ad
1236 1739 1390 1778 poculum
1407 1737 1527 1768 amoris
1541 1735 1797 1770 conficiendum.
1846 1753 1849 1756 >

1219 1790 1260 1818 24
1286 1787 1433 1818 Flammis
1453 1787 1542 1817 aduri
1566 1785 1731 1825 Colchicis]
1757 1786 1863 1816 Flam·

1179 1837 1240 1867 mis
1263 1846 1302 1867 eo
1327 1836 1395 1867 ritu
1417 1835 1554 1875 paratis,
1578 1844 1656 1876 quo,
1677 1834 1766 1875 apud
1787 1834 1864 1865 Col·

1180 1886 1270 1925 euos,
1283 1895 1387 1925 opera
1400 1889 1435 1915 et
1452 1889 1524 1915 arte
1550 1883 1679 1914 Medeae
1694 1887 1790 1914 erant
1805 1891 1864 1923 pa-

1181 1939 1264 1965 ratae
1294 1934 1336 1964 ad
1368 1933 1521 1964 Creontis
1558 1933 1692 1963 domum
1727 1932 1866 1972 eiusque

1180 1983 1282 2015 filiam
1299 1983 1459 2014 Creusam
1475 1981 1757 2022 conflagrandum.
1795 1981 1866 2011 Gol-

1181 2033 1290 2072 chicis]
1311 2034 1357 2063 Ut
1370 2032 1501 2063 Iolchos
1516 2031 1710 2070 Thessaliae,
1723 2031 1772 2061 sic
1787 2030 1864 2060 Col-

1182 2082 1262 2112 chos
1293 2081 1392 2111 Ponti
1417 2080 1590 2120 oppidum,
1609 2089 1629 2109 a
1651 2088 1716 2118 quo
1741 2076 1866 2108 Medea

1183 2130 1256 2168 ipsa
1272 2129 1404 2160 Colchis
1420 2128 1521 2157 dicta.

1225 2179 1264 2206 25
1301 2176 1426 2214 Sagana
1449 2173 1607 2214 expedita]
1632 2174 1764 2214 Sagana
1792 2183 1865 2205 snc-

1183 2224 1296 2255 cincta
1310 2234 1317 2254 :
1342 2227 1392 2254 est
1408 2232 1526 2254 nomen
1542 2223 1713 2263 proprium
1729 2224 1866 2254 alterius

1183 2271 1354 2303 veneficae.
1417 2272 1570 2311 Expedita
1603 2271 1743 2311 Sagana]
1780 2273 1867 2304 Haec

1185 2331 1251 2353 una
1265 2331 1339 2352 cum
1355 2321 1441 2351 Veia
1459 2326 1626 2361 tamquam
1647 2320 1796 2352 Canidiae
1812 2321 1870 2352 ad-

1185 2371 1336 2404 ministra
1355 2371 1535 2402 inducitur.

1227 2424 1269 2452 26
1290 2421 1457 2452 Avernales
1483 2420 1593 2460 aquas]
1626 2419 1680 2451 lta
1709 2420 1868 2461 princeps

1187 2470 1385 2510 poetarum:
1411 2471 1420 2487 ‘
1437 2469 1615 2508 Sparserat
1629 2474 1665 2500 et
1692 2468 1808 2500 latices
1829 2469 1870 2500 si-

1188 2519 1330 2550 mulatos
1342 2517 1445 2549 fontis
1463 2517 1612 2548 Averni.'
1641 2518 1651 2535 ‘
1667 2517 1848 2549 Simulatos
1861 2517 1870 2530 ’

1189 2567 1271 2602 dicit
1286 2567 1339 2598 vel
1352 2566 1530 2597 vanitatem
1546 2564 1701 2603 irridens,
1714 2566 1767 2596 vel
1783 2565 1870 2607 quod

1189 2615 1270 2646 artis
1309 2615 1450 2655 magicae
1480 2614 1604 2644 virtute
1630 2613 1717 2644 veris
1747 2613 1869 2644 Averni

1189 2666 1284 2706 aquis
1314 2673 1414 2704 pares
1441 2657 1572 2693 effe'ctae
1599 2660 1751 2693 fuissent.
1794 2659 1871 2691 vid.

1190 2714 1294 2744 Turn.
1309 2721 1384 2744 xiv.
1399 2716 1431 2743 9.
1457 2711 1624 2743 Avernales
1635 2710 1744 2751 aquus]
1756 2708 1868 2750 Aquas

1191 2772 1234 2795 ex
1250 2762 1384 2795 Averno
1400 2762 1474 2793 lacu
1491 2760 1625 2802 petitas.
