1930 3204
407 267 516 310 1624

409 370 594 411 gebantur;
611 371 660 402 et‘
671 369 928 401 contubernales
939 369 949 383 '
962 373 998 401 et
1010 369 1020 387 ‘
1034 369 1090 402 ad-

407 418 624 458 tnbernales,’
640 418 695 459 qni
711 419 764 449 vel
789 419 923 450 easdem
939 420 991 450 vel
1013 428 1091 451 con-

407 467 518 513 tinuas
553 468 709 498 tabernas
745 467 910 500 habitent.
953 468 1020 500 Sed
1055 473 1092 501 et

407 515 673 556 tnegotiatorias
686 515 695 529 '
725 519 761 547 et
785 520 793 534 ‘
805 516 1030 556 argentarias:
1058 520 1093 548 et

407 566 417 583 ‘
431 565 635 605 cauponias,'
663 569 698 596 et
720 565 959 606 ‘purpurarias
982 565 1093 597 taber-

408 623 468 644 nas
481 613 490 627 '
505 614 538 644 in
554 614 736 645 Pandectis
755 615 906 655 legimus.
948 615 1093 655 Proprie

409 666 535 702 tamen,
547 662 575 693 si
588 667 743 694 auctores
758 670 852 695 recte
868 664 1092 700 observemus,

408 710 552 751 plebeiae
567 715 697 742 tantum
711 712 862 743 aediculae
876 712 909 743 in
927 712 1020 752 vicis,
1036 723 1093 744 ax·

407 759 482 790 ibus
497 763 534 791 et
553 759 674 791 tabulis
691 761 825 800 clausae,
842 765 880 791 ut
902 761 1009 801 inquit
1034 762 1092 792 Isi·

410 808 524 843 dorus,
560 817 602 840 eo
640 809 771 840 nomine
807 808 1092 840 demonstrantur.

410 856 567 898 Denique
585 860 622 888 ut
639 858 783 888 omnium
805 858 980 897 mercium,
993 858 1040 888 sic
1055 858 1095 888 li-

410 907 545 938 brorum
569 916 702 948 quoque
724 908 871 939 tabernae
893 912 1001 948 erant,
1015 917 1094 948 qua-

410 956 476 986 lem
498 956 562 985 hoc
583 955 656 986 loco
679 955 818 986 denotat
834 955 1007 987 Horatius.
1051 957 1096 987 Et

410 1004 489 1043 quia
504 1004 700 1043 plerumque
723 1013 914 1044 magnorum
939 1004 1097 1036 aedificio-

413 1060 487 1082 rum
510 1051 672 1082 columnis
694 1051 911 1084 adhaerebant
935 1054 1098 1093 tabernae,

411 1101 490 1131 hinc
506 1100 516 1118 ¹
528 1100 628 1141 pilam
640 1099 649 1114 ’
663 1101 762 1131 etiam
779 1101 943 1140 adjunxit.
976 1102 1097 1134 Quam-

412 1158 524 1190 quam,
548 1153 586 1180 ut
610 1158 724 1180 verum
746 1148 857 1180 fatear
882 1149 1099 1181 ‘tabernam'

414 1208 454 1230 ac
471 1199 481 1217 ‘
495 1199 596 1239 pilam
609 1197 618 1212 '
638 1198 693 1230 hic
709 1208 769 1239 pro
786 1198 864 1239 ipsis
880 1198 1100 1230 contuberna-

413 1248 500 1279 libus
529 1249 870 1289 congerronibusque,
895 1248 952 1289 qui
980 1248 1022 1279 ad
1049 1252 1100 1279 ta·

411 1296 534 1328 beruas
550 1298 700 1339 pilaeque
718 1297 930 1336 desidebant,
943 1297 1100 1329 libentius

415 1345 617 1384 acceperim.
661 1346 707 1376 Et
729 1354 817 1375 nunc
843 1354 973 1386 quoque
997 1345 1031 1376 in
1052 1350 1100 1376 ta·

414 1392 526 1423 bernis
541 1393 685 1424 librariis
699 1393 771 1424 fere
785 1398 984 1433 nugatorum
1000 1394 1100 1425 statio

415 1445 478 1472 est.
499 1441 664 1481 Josephus
678 1441 830 1482 Scaliger
845 1441 965 1482 λέσχας
977 1442 1099 1474 Graece

416 1489 502 1521 dicti
526 1494 619 1521 recte
645 1490 823 1526 existimat,
849 1491 907 1522 ubi
933 1491 1099 1532 loquaculi

417 1539 465 1570 illi
479 1539 690 1571 sessitabant.
732 1539 832 1570 Unde
847 1539 1051 1578 λησχηνεύειν
1066 1545 1102 1572 et

414 1586 667 1626 λεσχηνεύεσθαι,
681 1595 741 1627 pro
750 1588 879 1626 nugari,
894 1589 1033 1628 garrire,
1046 1597 1101 1619 ca-

415 1635 584 1670 lumniari,
621 1645 662 1666 ac
697 1636 910 1667 maledicere.
961 1637 1101 1668 Torreat.

417 1683 492 1714 Pila
511 1683 639 1722 libellos]
671 1683 758 1722 Pila,
775 1688 827 1714 est
847 1683 1102 1723 bibliopolarum

418 1733 583 1768 columna,
612 1733 652 1763 ad
680 1742 778 1773 quam
806 1732 1005 1772 prostabant
1030 1733 1104 1764 libri

418 1782 565 1813 venales.
631 1781 778 1821 [Valart.
812 1781 984 1822 audacter,
1015 1781 1104 1813 habet

417 1834 452 1862 ut
466 1840 572 1871 neque,
583 1830 650 1871 ξω]

461 1881 503 1911 72
528 1879 624 1915 Quez's
645 1877 766 1918 manus]
799 1879 892 1912 Quos
907 1879 1023 1920 vulgus
1038 1889 1107 1911 ma-

419 1928 517 1960 nibus
532 1933 622 1960 terat
637 1932 673 1959 et
687 1928 848 1968 Tigellius
863 1938 947 1960 unus
962 1939 980 1959 e
995 1929 1106 1969 vulgo.

422 1977 550 2017 Tigelli]
563 1977 685 2008 Melius
701 1987 841 2008 manuss.
855 1983 890 2009 et
902 1982 980 2009 ante
990 1978 1106 2010 hamb.

419 2026 547 2065 excusi,
559 2026 911 2066 sineinterrogationis
925 2031 1023 2058 nota:
1049 2036 1107 2067 op-

422 2078 474 2104 tat
490 2075 579 2104 enim
604 2073 713 2104 Poeta
737 2080 772 2104 ut
791 2074 896 2105 libelli
921 2075 1108 2115 Hermoge-

421 2121 482 2156 nis,
507 2121 647 2162 ejusque
671 2122 838 2158 similium,
863 2122 1016 2154 manibus
1040 2132 1105 2154 nou

422 2173 585 2201 terantur.
608 2170 750 2200 Torrene.

463 2220 504 2248 73
529 2218 600 2248 Νοη
613 2217 723 2257 recito]
756 2216 849 2249 Libri
862 2218 967 2250 nostri
992 2228 1106 2250 omnes

423 2275 545 2305 magno
570 2275 746 2305 consensu,
770 2267 835 2296 Nec
849 2267 943 2298 recito
958 2269 1105 2307 cuiquam.

423 2315 580 2344 Torrent.
625 2315 697 2344 Non
710 2313 820 2353 recito]
854 2315 1029 2346 Praeterea
1043 2325 1109 2347 non

425 2363 542 2400 recito,
556 2364 618 2394 &c.
665 2363 810 2403 Coactus]
837 2363 916 2395 Non
931 2363 1087 2395 libenter.

465 2413 508 2442 74
523 2411 562 2442 In
579 2412 677 2442 medio
699 2412 767 2452 qui]
801 2412 962 2452 Loquitur
981 2413 1111 2454 aliquis,

425 2460 559 2492 Horatii
593 2461 870 2492 consuetudinem
910 2462 1111 2501 improbans.

426 2509 474 2541 At
504 2510 599 2541 multi
626 2514 715 2550 suut,
743 2512 807 2542 &m
863 2510 954 2550 [No‘n
981 2511 1034 2542 ubi
1059 2510 1112 2542 ubi

426 2559 588 2600 Cuning.]

468 2612 508 2639 75
549 2609 670 2650 Quique
695 2608 847 2649 lavantes]
885 2609 1048 2640 Lavantes
1078 2609 1112 2640 in

426 2659 568 2692 balneis.

469 2709 511 2736 76
533 2707 631 2738 Suave
645 2708 725 2739 locus
737 2709 802 2739 voci
812 2712 933 2739 resonat
944 2708 1111 2748 conclusus]

429 2754 536 2785 Locus
554 2762 741 2789 cameratas
761 2758 795 2788 in
816 2757 944 2790 balneis
964 2758 1111 2790 suaviter

854 278 995 309 NO'I'AE
1025 276 1243 310 vARmRU
1252 280 1283 309 M
1321 280 1370 311 IN

1140 371 1212 402 voci
1229 375 1373 403 resonat.
1418 373 1597 413 Conclueus]
1612 373 1734 406 Qualia
1746 381 1819 408 este

1140 422 1298 452 convenit
1314 422 1444 460 balnea,
1459 431 1502 454 ne
1524 422 1614 454 calor
1628 421 1822 462 dissipetur.

1140 468 1224 500 Ideo
1241 471 1408 502 veteribus
1421 470 1579 502 Romanis
1591 470 1823 502 obscurissima

1141 523 1249 557 erant,
1264 518 1352 549 rimis
1369 519 1477 559 potius
1492 529 1590 559 quam
1605 519 1762 551 fenestris
1775 519 1824 550 lu-

1142 575 1212 597 cem
1228 567 1450 599 admittentia.
1468 568 1659 600 Torrentius.
1686 567 1826 608 Inaneis]

1142 614 1197 646 Sic
1212 617 1347 648 stolidos
1364 621 1463 658 atque
1479 617 1650 658 imperitos
1664 619 1774 650 vocat,
1784 624 1825 647 ac

1142 673 1226 694 vana
1246 665 1389 706 quadam
1414 666 1553 706 gloriola
1574 665 1692 697 elatos.
1739 664 1825 695 Vide

1141 713 1288 745 Tui-neb.
1321 723 1357 746 x.
1386 718 1416 747 1.
1452 719 1487 746 et
1523 723 1610 746 xxx.
1642 717 1694 745 12.
1737 713 1826 745 Tm.

1141 761 1253 793 Inanes
1277 763 1332 793 hoc
1347 762 1454 803 Juvat]
1486 764 1594 794 Leves
1615 762 1739 795 Poetae
1764 761 1827 793 boo

1136 809 1244 849 juvat.

1183 860 1223 889 77
1245 858 1320 890 Sine
1334 859 1438 900 sensu]
1458 859 1580 891 Stulte.

1185 908 1227 936 78
1253 908 1398 947 Tempore
1412 909 1614 946 numfaciant
1627 908 1741 949 alieno]
1773 908 1830 940 Ci-

1145 962 1223 985 cero
1237 955 1340 994 Epist.
1354 955 1396 985 ad
1411 955 1560 986 Cassium
1573 956 1632 987 lib.
1647 965 1708 988 xv.
1722 960 1731 974 ⁸
1743 957 1830 988 con-

1146 1002 1256 1033 sidera
1271 1012 1314 1033 ne
1327 1002 1360 1033 in
1376 1003 1614 1034 alienissimum
1629 1008 1762 1044 tempus
1777 1013 1831 1035 ea-

1147 1051 1206 1082 dat
1233 1051 1395 1082 adventus
1428 1051 1527 1084 tuus!
1564 1051 1702 1084 Tan-rent.
1745 1052 1831 1083 Tam-

1144 1109 1218 1140 pore
1231 1101 1346 1140 alieno]
1367 1102 1533 1141 Tempore
1548 1100 1740 1140 incongruo.
1780 1131 1783 1134 ,

1189 1152 1231 1181 79
1267 1150 1392 1190 lnquis]
1435 1149 1666 1182 Vetustissimi
1701 1149 1834 1182 codices

1148 1199 1227 1239 duo,
1244 1199 1372 1240 Inquit‚·
1403 1209 1467 1231 nec
1492 1199 1650 1240 displicet
1665 1208 1706 1230 ea
1729 1198 1833 1230 varie-

1150 1253 1223 1280 tas:
1249 1249 1347 1289 quale
1374 1248 1455 1280 illud
1471 1252 1537 1287 est,
1566 1248 1599 1279 in
1615 1247 1776 1286 mejaciu
1797 1251 1833 1278 et

1148 1305 1237 1336 mox,
1259 1300 1364 1328 auctor
1386 1297 1453 1338 quis
1470 1297 1598 1336 denique
1616 1305 1728 1328 eorum.
1749 1295 1833 1327 Tor-

1149 1350 1235 1376 rent.
1277 1345 1388 1376 Studio
1401 1355 1515 1386 pravus
1521 1345 1620 1386 facis]
1634 1344 1703 1376 Pro
1716 1343 1832 1375 studio-

1137 1403 1190 1424 vse.
1234 1393 1421 1435 Porpliyrio
1445 1393 1617 1434 conjungit
1639 1393 1741 1424 studio
1761 1401 1833 1432 pm·

1148 1451 1215 1481 vus,
1231 1451 1292 1482 pro
1308 1451 1409 1482 pravo
1425 1442 1547 1473 studio.
1563 1441 1651 1482 quod
1662 1449 1725 1480 ego
1736 1440 1835 1480 malo,

1149 1499 1245 1530 quam
1258 1490 1437 1521 lectionem
1449 1490 1592 1528 illorum,
1604 1484 1659 1530 q‘ui
1670 1488 1833 1526 scribunt,

1146 1547 1240 1578 prave
1260 1539 1355 1576 facis.
1383 1539 1510 1570 Fabrit.

1149 1588 1240 1618 Data
1253 1596 1367 1626 opera.

1192 1638 1234 1666 80
1257 1635 1326 1666 Hoc
1340 1636 1374 1666 in
1388 1644 1434 1666 me
1442 1633 1541 1674 jacis]
1565 1634 1640 1666 Hoc
1656 1634 1733 1666 mibi
1749 1634 1835 1675 obji-

1140 1682 1214 1714 'cis.
1250 1684 1309 1714 Est
1323 1686 1414 1714 autor
1427 1682 1508 1722 quis]
1521 1683 1678 1724 Denique
1691 1684 1765 1724 quis
1780 1693 1835 1715 eo-

1153 1741 1225 1762 rum
1250 1737 1302 1762 est
1324 1731 1453 1770 author,
1467 1731 1500 1761 id
1523 1736 1588 1770 est,
1605 1730 1747 1771 delator,
1760 1741 1836 1764 cum

1153 1779 1273 1821 quibus
1289 1779 1377 1811 vixi?
1391 1779 1512 1810 nullus.

1195 1831 1235 1860 81
1261 1829 1339 1860 Cum
1353 1827 1477 1868 quibus]
1504 1827 1557 1858 .Ut
1575 1827 1603 1858 si
1625 1836 1692 1858 non
1709 1831 1839 1869 natura,

1568 1537 1689 1569 Studiis
1713 1537 1834 1577 pravis]

1155 1881 1190 1908 at
1203 1878 1320 1909 saltem
1335 1877 1573 1908 consuetudine
1588 1886 1708 1918 pravus
1722 1886 1839 1908 evase·
1894 1904 1899 1910 .

1155 1927 1230 1959 rim.
1258 1928 1347 1958 Torr.
1402 1927 1468 1958 1130
1487 1926 1638 1958 absentem
1659 1927 1741 1958 rodit
1762 1927 1840 1957 ami-

1155 1976 1237 2016 cum]
1270 1976 1432 2008 Horatius
1457 1975 1608 2007 ostendit
1629 1975 1686 2016 qui
1706 1976 1775 2007 sint
1789 1974 1840 2006 fu-

1156 2025 1266 2065 giendi
1279 2030 1437 2065 tanquam
1451 2023 1598 2057 homines
1611 2023 1796 2064 pernitiosi-

1196 2076 1238 2104 82
1261 2073 1383 2104 Soluto·
1399 2073 1497 2113 risus]
1532 2072 1776 2104 Immoderatos
1795 2071 1839 2103 ri·-

1154 2131 1219 2153 sus.

1194 2171 1234 2200 83
1260 2168 1402 2208 Dicacis]
1431 2168 1539 2199 Dicax
1559 2165 1726 2207 significat
1742 2167 1839 2207 joco-

1153 2226 1224 2248 sum
1244 2226 1318 2248 cum
1338 2215 1568 2247 mordacitate.
1593 2214 1694 2255 Angl.
1717 2216 1841 2257 ascoff-

1153 2266 1322 2305 iugjester.

1196 2317 1237 2345 84
1261 2315 1396 2353 Fingere
1410 2314 1461 2354 qui
1475 2323 1536 2344 mm
1547 2313 1615 2344 visa
1634 2313 1748 2354 potest]
1773 2314 1840 2346 Qui

1157 2367 1270 2404 potest
1284 2363 1408 2403 fingere
1423 2372 1458 2393 se
1474 2362 1608 2402 vidisse,
1623 2371 1697 2402 quae
1715 2372 1779 2394 non
1795 2364 1841 2393 vi-

1158 2413 1218 2446 dit.
1265 2414 1432 2444 Commissa
1447 2411 1563 2451 tacere]
1578 2411 1722 2453 Arcana.
1747 2412 1841 2452 [Vat.

1157 2466 1190 2494 4.
1205 2473 1264 2494 non
1275 2463 1376 2502 jussa,
1391 2462 1479 2503 quod
1502 2471 1566 2493 non
1583 2462 1750 2502 improbat
1763 2462 1842 2495 Fen.

1158 2511 1245 2543 Vide
1259 2511 1431 2543 Drakenb.
1445 2511 1486 2542 ad
1497 2511 1556 2542 Sil.
1566 2510 1644 2542 Ital.
1657 2519 1741 2542 xnr.
1753 2510 1843 2549 872]

1201 2563 1240 2592 85
1266 2560 1330 2591 Hic
1344 2560 1433 2599 niger
1446 2559 1507 2600 est]
1532 2559 1608 2590 Non
1621 2557 1661 2588 ad
1675 2558 1843 2598 Pythago-

1161 2618 1206 2641 rae
1223 2610 1406 2650 symbolum
1422 2608 1464 2647 μὴ
1478 2607 1620 2646 ’γενέσθαι
1637 2606 1840 2646 μελανούρων,

1161 2659 1312 2700 respexit
1322 2658 1480 2689 Horatius
1492 2667 1502 2695 ς
1517 2657 1576 2687 sed
1594 2656 1739 2688 Romano
1749 2663 1840 2687 more

1159 2709 1290 2740 locutus
1305 2711 1366 2743 est,
1382 2707 1430 2736 uti
1444 2711 1477 2736 et
1493 2706 1643 2736 Catullus
1657 2715 1665 2735 :
1698 2705 1708 2722 ‘
1721 2703 1779 2735 Nil
1794 2702 1843 2733 ni-

1160 2757 1260 2788 mium
1268 2752 1397 2793 studeo,
1406 2756 1530 2795 Caesar,
1539 2754 1597 2785 tibi
1604 2753 1690 2785 velle
1696 2751 1841 2792 placere,
