1916 3262
396 301 506 343 1292
861 313 902 347 Q.
935 307 1136 337 HouAru
1173 307 1344 337 micci

398 404 568 456 Colligit
589 416 640 443 ac
660 402 782 454 pouit
801 405 972 447 temere,
993 403 1034 439 et
1052 402 1236 439 mutatur
1255 400 1298 439 in
1319 399 1461 438 horas.
1726 395 1806 436 160

397 469 621 509 Imberbus
635 466 825 520 juvenis,
847 463 1017 504 tandem
1040 463 1218 503 custode
1236 467 1417 511 remoto,

397 534 573 575 Gaudet
591 533 714 584 equis
734 530 998 581 canibusque
1018 533 1060 569 et
1081 528 1215 580 aprici
1236 529 1423 579 gramine
1444 526 1609 578 campi3

398 599 557 639 Cereus
577 598 621 637 in
640 596 794 636 vitium
813 594 945 643 flecti,
967 593 1248 634 monitoribus
1269 606 1405 646 asper,

398 665 578 705 Utilium
597 661 743 702 tardus
762 660 971 712 provisor,
992 659 1197 712 prodigus
1217 659 1327 708 aeris,

399 729 625 776 Sublimis,
647 726 932 779 cupidusque,
951 730 995 766 et
1013 729 1155 765 amata
1174 724 1409 776 relinquere
1430 723 1596 776 pernix.

398 794 632 835 Conversis
653 792 823 840 studiis,
844 796 951 832 aetas
973 791 1226 843 animusque
1246 790 1381 829 virilis

399 859 571 909 Quaerit
590 871 698 911 opes
717 861 760 898 et
780 857 1004 905 amicitias,
1025 856 1206 895 inservit
1223 855 1389 904 honori,

398 924 682 965 Commisisse
703 927 831 964 cavet
850 923 967 975 quod
987 935 1091 962 mox
1110 925 1273 961 mutare
1292 921 1472 961 laboret.

398 990 544 1031 Multa
564 1001 708 1029 senem
729 988 1068 1043 circumyeniunt
1086 985 1386 1035 incommoda;
1414 984 1483 1026 vel
1505 983 1619 1037 quod

399 1055 582 1104 Quaerit,
600 1059 644 1094 et
662 1054 848 1094 inventis
868 1053 996 1093 miser
1015 1053 1213 1101 abstinet,
1235 1064 1286 1092 ac
1307 1052 1430 1091 timet
1448 1051 1535 1099 uti3

398 1119 484 1159 Vel
503 1120 621 1172 quod
642 1132 710 1159 res
729 1131 877 1159 omnes
898 1117 1048 1158 timide
1069 1116 1294 1170 gelideque
1317 1116 1540 1164 ministrat,

400 1184 587 1235 Dilator,
605 1197 683 1237 spe
703 1185 870 1236 longus,
890 1185 1017 1232 iners,
1037 1183 1278 1235 avidusque
1295 1181 1439 1230 futuri,

1727 721 1811 760 165

1732 1046 1813 1086 170

399 1304 529 1342 singulis
543 1308 692 1336 mutatur.
717 1306 849 1336 Juvenis
861 1305 928 1336 sine
939 1304 1042 1343 barba,
1057 1304 1180 1335 dimisso
1191 1305 1315 1335 tandem
1328 1305 1507 1343 padagogo,
1517 1302 1685 1333 delectatur
1693 1299 1776 1340 equis
1786 1301 1815 1328 et

398 1346 522 1375 canibus
544 1349 574 1376 et
596 1355 699 1385 campo
719 1347 839 1378 Martio
850 1356 862 1383 ‚·
875 1346 1081 1385 flexibilicad
1103 1346 1225 1383 vitium,
1246 1345 1490 1384 reprehensionis
1509 1342 1682 1382 impatiene,
1694 1340 1817 1371 utilium

398 1389 575 1423 contemtor,
587 1387 745 1426 pecuniam
757 1387 952 1426 profundens,
967 1386 1121 1426 superbus,
1137 1387 1279 1415 ardenter
1292 1386 1426 1425 cupiens,
1441 1387 1472 1415 et
1482 1384 1584 1422 cupita
1593 1384 1654 1413 cito
1667 1384 1817 1413 deserens.

400 1428 493 1457 AEtas
513 1431 544 1458 et
564 1427 682 1459 animus
695 1428 794 1458 virilis
807 1427 895 1458 habet
921 1428 982 1458 alia
996 1428 1064 1465 jam
1081 1426 1201 1456 studia.-
1222 1427 1324 1456 studet
1343 1426 1550 1465 comparandis
1561 1423 1691 1462 divitiis,
1711 1422 1815 1460 digni-

401 1468 526 1507 tatibus,
538 1469 646 1498 amicis
656 1479 667 1505 ;
688 1473 774 1499 cavet
780 1469 886 1507 facere
897 1469 929 1498 id
943 1468 1028 1505 cnjus
1041 1477 1111 1497 moa:
1131 1467 1287 1507 paeniteat.
1330 1467 1432 1498 Senex
1451 1465 1587 1506 pluribus
1607 1463 1752 1495 molestiis
1766 1463 1816 1492 ob-

399 1510 510 1540 noxius
521 1513 567 1540 est
578 1521 590 1546 ;
611 1520 664 1540 seu
678 1511 749 1549 quia
762 1520 832 1550 opes
842 1510 1021 1547 accumulat,
1036 1512 1065 1539 et
1079 1509 1216 1548 quoesitis
1228 1508 1327 1548 parcit
1349 1508 1486 1545 infelix‚·
1507 1516 1559 1537 seu
1580 1506 1651 1546 quia
1673 1505 1761 1545 pig-re
1785 1507 1816 1533 et

390 1550 514 1590 frigide
528 1554 637 1582 cuncta
652 1552 775 1582 molitur
786 1562 798 1588 ‚·
818 1551 1072 1591 procrastinator,
1094 1549 1259 1590 longinqua
1281 1559 1418 1589 sperans,
1438 1549 1552 1588 segnis,
1572 1548 1695 1588 cupiens
1717 1545 1817 1576 vivere

991 1643 1231 1656 “O‘OOWO

401 1706 549 1738 Mer-vill.
570 1707 660 1739 Phil.
673 1708 802 1738 Valart.
826 1712 862 1737 et
884 1707 1132 1738 Schelle.—160
1157 1706 1286 1744 Colligit
1309 1708 1339 1736 et
1357 1705 1444 1744 ponit
1465 1703 1620 1734 Vallicel.
1637 1705 1667 1734 1.
1691 1701 1819 1732 Heller.

403 1749 543 1779 Venett.
561 1751 653 1780 1478.
669 1751 763 1779 1479.
780 1751 872 1779 1481.
890 1751 983 1779 1486.
999 1751 1090 1778 1490.
1105 1750 1197 1778 1495.
1219 1747 1373 1777 Britann.
1389 1747 1483 1776 1520.
1529 1743 1671 1784 Concipit
1683 1742 1817 1782 acponit

403 1790 518 1820 Zarot.
546 1792 637 1820 1470.
679 1800 714 1820 oc
743 1793 880 1820 mutatur
908 1790 1134 1820 Schoenborn.
1161 1792 1192 1819 4.
1246 1787 1389 1820 luber-bis
1415 1786 1596 1824 Bamberg.
1629 1784 1762 1815 Hellen·
1783 1788 1820 1814 et

403 1831 630 1863 Schoeuborn.
647 1834 675 1862 1.
699 1831 796 1861 Harl.
813 1834 840 1861 l.
856 1834 887 1862 2.
905 1834 936 1863 3.
949 1833 980 1861 4.
997 1833 1028 1861 6.
1044 1833 1075 1861 7.
1090 1835 1124 1860 et
1140 1838 1253 1861 omnes
1277 1828 1349 1859 fere
1371 1827 1470 1859 codd.
1486 1828 1578 1867 Feae,
1594 1830 1629 1857 et
1643 1825 1722 1856 edd.
1735 1829 1819 1855 vett.

402 1872 560 1903 Imberbus
586 1882 628 1903 ex
653 1872 944 1912 codd..Crnquius,
965 1871 1042 1902 inde
1057 1872 1157 1902 Baxt.
1172 1872 1283 1902 Benn.
1298 1879 1395 1901 anon.
1415 1872 1508 1900 1713.
1532 1868 1674 1908 Cuning.
1697 1865 1821 1897 Sanad.

402 1914 550 1945 Mervin.
563 1914 649 1944 Phil.
660 1914 763 1945 Gesn.
776 1913 926 1954 Sandby,
935 1914 1062 1944 Valart.
1073 1912 1225 1944 Oberlin.
1243 1912 1359 1943 Comb.
1371 1909 1503 1942 Wakef.
1513 1910 1619 1941 Zeun.
1631 1913 1666 1939 et
1677 1907 1821 1939 Schelle.

402 1958 506 1986 -167
529 1956 607 1986 Vat.
622 1959 654 1987 9.
679 1959 708 1986 et
722 1955 933 1987 servit—168
955 1955 1034 1985 Vat.
1051 1957 1081 1986 3.
1106 1965 1126 1985 a
1148 1964 1192 1985 m.
1214 1963 1264 1993 pr.
1289 1954 1385 1984 Vatt.
1407 1954 1499 1984 Rom.
1513 1955 1544 1982 4.
1567 1953 1598 1982 8.
1619 1949 1772 1990 Angeuc.
1789 1951 1820 1980 1.

404 2006 486 2027 uuus
502 1996 610 2028 Pulm.
623 2006 772 2036 unusque
787 1996 1019 2028 Achill.Statii
1035 1998 1113 2035 quod
1124 1998 1309 2034 permutare.
1351 1993 1419 2024 Alii
1432 1993 1528 2031 codd.
1544 2002 1598 2032 ap.
1613 1991 1822 2033 Jaeck,quod

404 2047 475 2069 mox
489 2039 722 2070 munire-169
744 2038 874 2069 Heller.
897 2038 1135 2068 circumvadunt
1154 2040 1185 2067 et
1207 2036 1512 2067 incommoda.—1⁷2
1534 2033 1647 2064 Bentl.
1670 2032 1755 2070 conj.
1769 2040 1822 2071 epe

1043 2120 1181 2152 NOTAE

446 2185 508 2214 162
530 2183 629 2222 Equis
642 2183 823 2222 canibusque
843 2186 873 2213 et
893 2182 1002 2222 aprici,
1015 2182 1084 2222 δῖα]
1139 2181 1362 2222 pulcherrima
1382 2180 1462 2211 vitae
1484 2179 1658 2220 supellex.’
1694 2176 1764 2208 Cic.
1786 2177 1820 2208 in

404 2232 598 2270 Venationi,
619 2232 699 2262 item
722 2231 1015 2262 exercitationibus
1030 2231 1085 2270 ju-

405 2281 535 2312 ventuti
551 2282 710 2312 Romanae
726 2280 892 2311 consuetis
914 2280 946 2310 in
962 2279 1087 2310 Martio

405 2338 536 2369 campo,
545 2333 674 2367 natatu,
686 2338 798 2368 cursu,
808 2329 978 2369 palaestra,
987 2328 1089 2366 lucta,

407 2379 471 2410 &c.
494 2377 580 2409 Vide
595 2387 620 2409 1.
637 2377 703 2409 Od.
718 2380 749 2408 8.

449 2429 508 2457 163
534 2426 646 2457 Cereus
669 2426 702 2456 in
725 2426 837 2457 vitium
852 2425 957 2466 flecti]
981 2425 1092 2456 Mollis

408 2479 444 2505 et
466 2474 571 2506 facilis
595 2475 636 2505 ad
653 2474 898 2514 suscipiendam
913 2473 1093 2514 quamlibet

407 2523 620 2555 affectionem
636 2532 837 2564 perversam,
852 2524 937 2560 sieut
957 2531 1035 2554 cera
1050 2522 1092 2552 ad

407 2582 648 2613 quamcumque
663 2571 803 2603 formam
819 2576 853 2603 et
864 2571 1015 2612 figuram.

453 2624 512 2652 164
554 2621 687 2652 Utilium
715 2622 823 2652 tardus
854 2620 1008 2661 provisor]
1044 2621 1093 2652 Ut

410 2671 464 2710 qui
480 2670 628 2701 nondum
642 2670 799 2709 egestatis
813 2670 1021 2701 incommoda
1039 2679 1093 2701 ex·

411 2724 537 2759 pertus.

454 2771 512 2800 167
539 2767 718 2808 Amicitias]
765 2769 849 2802 Quae
880 2769 1028 2810 ‘optima
1057 2773 1092 2801 et

1139 2230 1253 2261 Laelio.

1181 2278 1319 2318 Honori]
1338 2276 1579 2309 Excellentiam
1597 2274 1727 2316 expetit
1739 2278 1822 2305 aetas

1138 2327 1273 2360 florens.
1294 2327 1437 2359 Aristot.
1451 2327 1592 2357 Rhetor.

1183 2381 1244 2409 170
1258 2377 1396 2408 Inventis
1406 2376 1496 2407 miser
1506 2374 1652 2413 abetinet,
1659 2372 1726 2414 qa]
1738 2373 1824 2404 Sunt

1142 2427 1232 2458 avari
1255 2435 1364 2465 senes,
1386 2424 1475 2466 quod
1499 2433 1558 2455 usu
1579 2422 1769 2454 didicerunt
1790 2427 1826 2453 et

1142 2474 1278 2506 difficile
1292 2484 1363 2506 esse
1386 2473 1549 2512 invenire,
1564 2477 1599 2503 et
1613 2470 1714 2503 facile
1729 2470 1825 2502 amit-

1143 2529 1228 2555 tere.
1252 2524 1392 2555 Aristot.
1409 2523 1468 2553 cit.
1482 2523 1492 2540 ‘
1511 2521 1697 2562 Quicquam
1712 2523 1825 2560 potest

1142 2582 1214 2603 esse
1229 2571 1415 2611 absurdius,
1431 2578 1526 2611 quam
1549 2578 1613 2610 quo
1635 2569 1742 2599 minus
1763 2567 1824 2598 vim

1143 2625 1260 2660 restat,
1276 2630 1316 2651 eo
1332 2620 1406 2661 plus
1422 2618 1534 2650 viatici
1549 2616 1730 2659 quaerere?
1753 2616 1825 2647 Cic.

1145 2671 1202 2702 cit.

1186 2721 1247 2750 172
1269 2717 1330 2758 Spe
1354 2717 1477 2757 longua]
1500 2715 1609 2746 Nemo
1631 2718 1698 2745 tam
1721 2720 1822 2742 senex

1146 2768 1201 2810 qui
1217 2776 1338 2799 annum
1354 2766 1466 2797 vivere
1481 2773 1546 2796 non
1558 2765 1680 2803 speret.
1702 2759 1822 2792 Cicero
