1916 3262
401 288 511 330 1320
863 302 904 337 Q.
936 299 1138 330 uouA'ru
1171 301 1340 333 ηΑοοι

401 391 665 432 Membranis
687 392 798 431 intus
819 392 988 443 positis.
1048 391 1205 434 Delere
1224 394 1371 435 licebit

400 455 531 507 Quod
552 469 637 497 non
656 456 839 496 edideris
857 469 869 506 ;
898 457 1037 498 nescit
1057 470 1148 498 vox
1168 459 1299 499 missa
1319 460 1487 500 reverti.

399 522 641 575 Sylvestres
661 522 860 562 homines
880 534 1003 563 sacer
1017 523 1309 575 interpresque
1331 524 1521 565 Deorum

400 588 607 628 Caedibus
627 591 670 628 et
689 589 807 628 victu
829 587 947 629 foedo
966 588 1171 629 deterruit
1191 587 1413 641 Orpheus3

399 655 557 695 Dictus
579 655 636 694 ob
656 653 738 694 hoc
760 654 892 693 lenire
913 654 1058 706 tigres,
1080 654 1334 707 rabidosque
1354 656 1518 696 leones:

399 719 555 760 Dictus
576 724 620 758 et
639 718 877 771 Amphion,
898 719 1119 760 Thebanae
1143 719 1338 760 conditor
1358 721 1482 769 arcis,

1735 460 1818 501 390

399 847 484 878 Dum
498 848 613 879 chartae
635 850 748 879 scrinio
773 849 933 880 manebunt
948 849 1084 888 inclusoe,
1103 849 1219 888 poteris
1232 850 1388 880 emendare
1405 850 1483 889 quod
1501 858 1559 880 non
1573 847 1763 887 vulg-weris.-
1785 850 1818 877 αι

397 889 520 919 verbum
534 890 648 921 editum
663 900 850 930 nequaquam
864 891 963 921 redire
977 891 1066 921 valet.
1112 891 1251 930 Orpheus
1265 890 1384 921 divinus
1397 894 1428 921 et
1441 891 1596 921 numinum
1612 889 1818 920 internuntius

398 929 530 960 homines
542 931 630 968 feros
653 932 767 963 avertit
793 942 810 962 α
836 933 967 963 coedibus
989 936 1019 962 et
1043 933 1125 971 turpi
1149 934 1223 962 vita·
1239 932 1368 971 ratione,
1388 935 1546 972 propterea
1560 932 1661 962 dictus
1674 930 1819 968 mitigare

399 971 497 1009 tigres
511 976 540 1003 et
556 974 654 1004 leones
668 973 887 1011 ferocissimos.
919 973 1070 1014 Amphion
1085 983 1201 1013 quoque
1215 973 1362 1004 Thebanae
1372 974 1453 1005 arcis
1466 973 1603 1005 conditor
1615 973 1729 1003 dicitur
1742 972 1818 1011 lyroe

994 1055 1013 1066 0
1017 1053 1167 1066 ‘W
1169 1054 1228 1066 000

398 1113 422 1135 1.
440 1105 549 1145 Epist.
562 1108 614 1136 20.
627 1109 658 1136 5.
661 1109 766 1136 -390
788 1107 867 1138 Vat.
883 1110 913 1137 9.
928 1117 988 1138 vox
1002 1108 1094 1138 dicta.
1097 1109 1199 1138 —393
1224 1107 1340 1138 Codex
1356 1107 1475 1139 Achill.
1490 1108 1577 1139 Stat.
1592 1107 1705 1138 iuhoc.
1741 1106 1820 1138 Vat.

397 1148 426 1176 4.
443 1156 520 1177 am.
537 1156 586 1186 pr.
602 1152 637 1178 et
649 1153 798 1178 notatum
816 1148 847 1178 in
863 1157 922 1179 ora
939 1148 1122 1180 Α1(1.1509.
1138 1150 1170 1179 111
1185 1149 1347 1181 Biblioth.
1362 1150 1464 1181 Barb.
1476 1150 1590 1181 abhoc.
1625 1148 1749 1179 Eadem
1767 1157 1822 1178 va-

399 1187 501 1217 rietas
518 1196 542 1218 1.
558 1188 629 1219 Sat.
645 1191 676 1219 4.
689 1191 741 1220 26.
770 1190 948 1230 rapidosque
961 1190 1186 1221 Schoenborn.
1206 1194 1234 1222 1.
1247 1193 1279 1221 4.
1304 1190 1624 1222 Harl.l.2.3.4.6.
1639 1193 1670 1221 7.
1687 1189 1742 1220 alii
1765 1198 1821 1237 ap.

396 1229 512 1267 Feam,
527 1229 641 1260 Zarot.
657 1230 797 1261 Mediol.
810 1233 902 1262 1477.
919 1232 1067 1263 Florent.
1081 1234 1174 1263 1482.
1192 1237 1228 1263 et
1243 1233 1321 1263 Vet.
1335 1231 1451 1263 Comb.
1454 1234 1555 1263 -394
1581 1231 1648 1262 Hic
1663 1230 1819 1262 versusin

399 1251 579 1310 Bamb’erg.
599 1272 727 1311 positus
748 1278 801 1303 est
818 1277 894 1303 ante
911 1273 1066 1312 priorem.
1108 1274 1246 1304 conditor
1269 1274 1353 1304 urbis
1370 1273 1597 1304 Schoenborn.
1610 1276 1639 1304 1.
1653 1275 1684 1303 4.
1706 1271 1824 1310 viginti

398 1312 544 1352 quinque
571 1313 669 1343 codd.
698 1314 788 1351 Peae,
816 1314 912 1344 Harl.
928 1317 956 1345 1.
968 1317 999 1344 4.
1014 1318 1046 1345 6.
1069 1315 1152 1346 Exc.
1177 1316 1256 1345 Sax.
1280 1320 1421 1355 quatuor
1446 1316 1554 1345 Pulm.
1582 1323 1695 1345 omnes
1720 1313 1821 1352 Cruq.

398 1353 574 1384 duodecim
586 1354 672 1393 apud
686 1355 815 1384 Vaiaxt
830 1355 895 1384 duo
908 1355 1025 1385 Obeiul
1039 1356 1161 1395 Acron,
1173 1356 1255 1385 edit.
1266 1356 1377 1386 Princ.
1387 1356 1482 1386 Med.
1494 1358 1587 1386 1476.
1604 1356 1712 1386 Venn.
1726 1356 1819 1385 1481.

400 1396 933 1427 1483.1486.1490.1495.1514.
957 1396 1045 1427 Flor.
1065 1397 1443 1427 1482.B1·i1ann.1520.
1467 1394 1820 1435 Haeclectiopraefe-

398 1435 504 1466 reuda
518 1440 569 1467 est
583 1437 655 1467 aliae
670 1436 768 1467 arcis.-
793 1436 940 1467 Cadmus
956 1438 1058 1477 enim,
1082 1442 1120 1467 ut
1134 1441 1229 1468 notat
1246 1435 1369 1476 Acron,
1389 1436 1517 1486 Thebas
1542 1437 1741 1475 constituit;
1763 1445 1819 1467 eas

1040 1521 1177 1552 NOTAE

441 1582 620 1622 Nonumque
633 1586 790 1622 prematur
803 1583 836 1613 in
851 1583 978 1623 annum]
1016 1584 1082 1614 Diu

397 1635 549 1661 servetur
562 1631 722 1670 scriptum
733 1636 911 1672 antequam
928 1633 960 1662 in
975 1633 1082 1663 lucem

397 1679 536 1716 edatur;
560 1683 597 1710 ut
611 1680 759 1709 limatum
776 1681 883 1710 otiose
905 1685 939 1711 et
955 1682 1083 1721 expoli-

398 1733 467 1758 tum
499 1737 564 1758 non
590 1727 786 1759 reformidet
809 1738 886 1760 acre
911 1729 1081 1760 doctorum

392 1777 572 1816 judicium,
597 1777 731 1817 quando
750 1777 949 1816 vulgabitur.
994 1778 1081 1808 Vide

398 1826 539 1859 Quintil.
556 1835 592 1857 x.
605 1828 636 1857 4.
660 1831 669 1844 ‘
683 1825 884 1856 Emendatio
913 1835 990 1865 pars
1016 1831 1082 1857 stu-

397 1876 524 1906 diorum
553 1876 650 1914 longe
681 1875 865 1906 utilissima.
908 1876 981 1906 Nec
1011 1876 1083 1906 siue

397 1935 498 1956 caiisa
523 1925 689 1955 creditum
714 1930 777 1964 est,
802 1926 926 1965 stylum
941 1934 1006 1955 non
1023 1926 1081 1956 mi-

396 1984 457 2004 nus
486 1983 588 2013 agere
616 1983 690 2004 cum
717 1973 828 2004 delet:
853 1974 949 2013 hujus
972 1979 1080 2004 antem

396 2023 508 2063 operis
532 2027 594 2061 est,
617 2022 778 2062 adjicere,
801 2022 988 2057 detrahere,
1011 2032 1081 2053 mu-

397 2077 470 2101 tare
484 2093 492 2101 .
507 2091 515 2100 .
528 2092 536 2101 .
550 2091 558 2100 .
575 2070 706 2110 Scripta
733 2075 938 2109 reponantur
958 2070 999 2100 ad
1022 2070 1079 2100 ali·

397 2120 484 2160 quod
500 2124 645 2158 tempus,
661 2122 698 2148 ut
713 2118 753 2148 ad
769 2127 807 2148 ea
829 2123 903 2157 post
926 2118 1083 2148 interval·

397 2169 463 2199 lum
491 2168 584 2198 velut
611 2176 695 2197 nova
720 2171 821 2206 atque
844 2166 952 2196 aliena
968 2166 1082 2197 redea-

397 2226 487 2255 mus3
510 2225 552 2247 ne
582 2215 676 2246 nobis
704 2215 831 2254 scripta
853 2218 968 2246 nostra
989 2215 1083 2256 quasi

397 2266 549 2295 recentes
565 2264 664 2294 foetus
683 2263 908 2304 blandiantur,
920 2264 981 2295 &c.
1005 2264 1082 2295 Cin·

397 2323 448 2345 nae
464 2314 637 2354 Smyrnam
653 2321 770 2343 novem
787 2312 880 2343 annis
902 2313 1084 2353 accipimus

398 2363 578 2402 scriptam:
604 2366 638 2392 et
664 2361 902 2401 panegyricum
924 2361 1082 2393 Isocratis

397 2413 491 2443 annis
512 2412 628 2442 decem
642 2409 873 2441 elaboratum.’
916 2410 1002 2441 Vide
1018 2411 1081 2442 Ca-

398 2461 458 2492 tul.
476 2461 573 2500 Epig.
589 2467 689 2490 xcvr.
702 2458 734 2489 in
745 2459 918 2499 Smyrnam
933 2460 1061 2490 Cinnoe.

441 2510 501 2539 391
525 2507 697 2547 Sylvestres
722 2506 867 2546 homines,
895 2507 965 2547 ssa]
997 2507 1081 2539 Ροδ-

399 2566 471 2588 seos
500 2555 735 2587 excellentiam
765 2555 913 2586 ostendit
936 2560 970 2586 et
994 2566 1083 2588 com-

397 2606 548 2637 mendat-

440 2653 625 2694 Sylvestreu]
655 2653 751 2684 More
767 2652 952 2684 belluarum
970 2653 1001 2684 in
1017 2655 1082 2694 syl-

401 2705 450 2733 vis
467 2709 500 2733 et
515 2703 682 2743 speluncis
699 2703 873 2742 degenteS.

442 2751 549 2790 Sacer]
581 2753 685 2783 Vates
702 2751 830 2784 divinos
845 2753 943 2785 Plato
959 2763 1083 2786 nuncu-

1136 1587 1207 1622 pat.
1252 1583 1323 1614 Cic.
1351 1592 1411 1622 pro
1438 1582 1582 1614 Archia:
1605 1581 1750 1613 ‘Ennius
1765 1581 1821 1612 ille

1134 1637 1246 1663 noster
1275 1636 1404 1663 sanctos
1437 1635 1536 1662 vocat
1569 1630 1702 1671 petitas,
1731 1629 1820 1670 quod

1134 1683 1227 1721 quasi
1255 1682 1402 1712 Deorum
1430 1689 1566 1711 munere
1595 1678 1820 1710 commendati

1134 1730 1227 1760 nobis
1258 1739 1332 1760 esse
1363 1728 1560 1760 videantur?
1605 1727 1706 1760 Ovid.
1745 1727 1754 1744 ‘
1773 1727 1822 1759 At

1133 1779 1219 1810 sacri
1237 1785 1340 1817 vates,
1355 1782 1390 1810 et
1405 1778 1530 1809 Divum
1544 1787 1624 1808 cura
1639 1785 1795 1807 vocamur
1808 1786 1817 1806 ε

1135 1828 1219 1858 Sunt
1234 1828 1335 1858 etiarn
1352 1827 1478 1868 quinos
1489 1835 1611 1858 numen
1623 1826 1745 1857 habere
1762 1835 1820 1866 pu-

1137 1875 1237 1907 tant!

1179 1926 1337 1965 Inter-pres
1352 1926 1501 1966 Deorum]
1515 1925 1629 1956 Poetae
1645 1923 1728 1954 nihil
1744 1926 1822 1954 suut

1133 1975 1222 2005 aliud
1240 1975 1302 2005 nisi
1318 1976 1468 2005 Deorum
1479 1975 1697 2014 interpretes,
1709 1982 1728 2004 a
1740 1982 1822 2013 quo-

1134 2032 1275 2064 cumque
1298 2023 1431 2053 numine
1452 2023 1689 2063 corripiantur,
1712 2021 1822 2063 inquit

1135 2073 1234 2103 Plato
1253 2073 1284 2103 in
1298 2073 1392 2103 Ione.
1724 2085 1725 2088 ¹

1176 2124 1239 2152 392
1266 2120 1408 2151 Caedibus
1422 2123 1450 2151 et
1465 2120 1549 2150 victu
1555 2119 1642 2157 soedo
1655 2119 1820 2159 deterruit]

1135 2171 1188 2201 Ad
1218 2170 1442 2200 humaniorem
1479 2169 1557 2199 vitae
1593 2168 1755 2198 rationem
1785 2173 1821 2199 et

1135 2220 1260 2250 cultum
1289 2219 1440 2249 adduxit.
1474 2218 1607 2249 Lucret.
1627 2225 1661 2247 v.
1685 2217 1822 2257 ‘Volgi-

1137 2277 1221 2308 vago
1251 2268 1353 2298 vitam
1390 2266 1582 2297 tractabant
1614 2274 1703 2296 more
1731 2265 1820 2297 fera-

1136 2316 1232 2347 rum.'
1274 2315 1362 2346 Vide
1388 2324 1489 2356 supra
1504 2324 1528 2346 1.
1554 2315 1624 2346 Sat.
1639 2317 1672 2346 3.
1690 2318 1762 2347 100.
1786 2318 1821 2346 et

1135 2375 1205 2406 seq.

1180 2411 1336 2454 Orpheus]
1361 2412 1526 2453 Apollinis
1539 2411 1591 2443 hic
1603 2416 1638 2443 et
1655 2411 1820 2453 Calliopes

1134 2462 1235 2501 filius,
1252 2462 1379 2501 Moysis
1402 2465 1552 2501 tempore
1567 2459 1692 2492 floruit.
1737 2461 1820 2492 Nul-

1135 2514 1203 2544 lum
1231 2513 1389 2543 habemus
1410 2511 1540 2551 Orphei
1555 2511 1733 2551 germinum
1747 2521 1820 2543 car·

1136 2572 1223 2593 men.
1267 2561 1394 2602 Hymni
1423 2565 1458 2592 et
1486 2561 1550 2591 alia
1580 2561 1731 2602 quaedam
1757 2561 1819 2593 sub

1136 2612 1208 2651 ejus
1237 2610 1370 2641 nomine
1395 2609 1670 2641 circumferuntur
1701 2619 1820 2650 perpe·

1136 2669 1226 2690 ram:
1251 2663 1325 2689 sunt
1339 2659 1425 2689 enim
1443 2658 1649 2689 Onomacriti
1667 2658 1785 2698 poiitae.

1178 2710 1240 2738 394
1263 2707 1430 2747 Amphion]
1459 2706 1551 2738 Jovis
1567 2707 1622 2737 ille
1636 2711 1733 2747 atque
1748 2705 1815 2736 An-

1137 2758 1238 2798 tiopae
1253 2756 1339 2788 filius
1351 2755 1483 2787 Thebas
1496 2764 1515 2786 a
1530 2754 1654 2786 Cadmo
1664 2753 1815 2784 conditas
