<?xml version="1.0" encoding="UTF-8"?>
<!DOCTYPE html PUBLIC "-//W3C//DTD XHTML 1.0 Transitional//EN"
    "http://www.w3.org/TR/xhtml1/DTD/xhtml1-transitional.dtd">
<html xmlns="http://www.w3.org/1999/xhtml" xml:lang="en" lang="en">
 <head>
  <title>
</title>
<meta http-equiv="Content-Type" content="text/html;charset=utf-8" />
  <meta name='ocr-system' content='tesseract 3.04.00' />
  <meta name='ocr-capabilities' content='ocr_page ocr_carea ocr_par ocr_line ocrx_word'/>
</head>
<body>
  <div class='ocr_page' id='page_1' title='image "./operazeune03horauoft/operazeune03horauoft_0275.png"; bbox 0 0 1916 3262; ppageno 0'>
   <div class='ocr_carea' id='block_1_1' title="bbox 488 295 1322 337">
    <p class='ocr_par' dir='ltr' id='par_1_1' title="bbox 488 295 1322 337">
     <span class='ocr_line' id='line_1_1' title="bbox 488 295 1322 337; baseline -0.001 0"><span class='ocrx_word' id='word_1_1' title='bbox 488 304 697 337; x_wconf 72' lang='lat' dir='ltr'><strong>HonATn</strong></span> <span class='ocrx_word' id='word_1_2' title='bbox 731 303 1003 336; x_wconf 79' lang='lat' dir='ltr'>CARMINUM</span> <span class='ocrx_word' id='word_1_3' title='bbox 1040 306 1135 336; x_wconf 56' lang='lat' dir='ltr'><strong>nia</strong></span> <span class='ocrx_word' id='word_1_4' title='bbox 1170 295 1322 336; x_wconf 79' lang='lat' dir='ltr'><strong>u.16.</strong></span> 
     </span>
    </p>
   </div>
   <div class='ocr_carea' id='block_1_2' title="bbox 170 396 874 889">
    <p class='ocr_par' dir='ltr' id='par_1_2' title="bbox 170 396 874 889">
     <span class='ocr_line' id='line_1_2' title="bbox 172 396 874 442; baseline -0.007 -10"><span class='ocrx_word' id='word_1_5' title='bbox 172 401 279 441; x_wconf 75' lang='lat' dir='ltr'><strong>vitiae,</strong></span> <span class='ocrx_word' id='word_1_6' title='bbox 287 408 399 442; x_wconf 89' lang='lat' dir='ltr'><strong>neque</strong></span> <span class='ocrx_word' id='word_1_7' title='bbox 410 399 643 440; x_wconf 71' lang='lat' dir='ltr'><strong>magistratus,</strong></span> <span class='ocrx_word' id='word_1_8' title='bbox 654 401 714 429; x_wconf 89' lang='lat' dir='ltr'><strong>aut</strong></span> <span class='ocrx_word' id='word_1_9' title='bbox 728 396 874 437; x_wconf 89' lang='lat' dir='ltr'><strong>imperia</strong></span> 
     </span>
     <span class='ocr_line' id='line_1_3' title="bbox 173 447 873 490; baseline -0.007 -8"><span class='ocrx_word' id='word_1_10' title='bbox 173 454 352 483; x_wconf 86' lang='lat' dir='ltr'><strong>removent</strong></span> <span class='ocrx_word' id='word_1_11' title='bbox 364 450 464 482; x_wconf 87' lang='lat' dir='ltr'><strong>animi</strong></span> <span class='ocrx_word' id='word_1_12' title='bbox 476 448 766 490; x_wconf 70' lang='lat' dir='ltr'>perturbationes.</span> <span class='ocrx_word' id='word_1_13' title='bbox 789 447 873 478; x_wconf 80' lang='lat' dir='ltr'><strong>Con-</strong></span> 
     </span>
     <span class='ocr_line' id='line_1_4' title="bbox 173 496 872 538; baseline -0.006 -6"><span class='ocrx_word' id='word_1_14' title='bbox 173 500 286 532; x_wconf 71' lang='lat' dir='ltr'><strong>sularis</strong></span> <span class='ocrx_word' id='word_1_15' title='bbox 300 499 475 532; x_wconf 66' lang='lat' dir='ltr'><strong>Summae-et</strong></span> <span class='ocrx_word' id='word_1_16' title='bbox 489 499 592 535; x_wconf 78' lang='lat' dir='ltr'><strong>lictor,</strong></span> <span class='ocrx_word' id='word_1_17' title='bbox 606 496 675 538; x_wconf 55' lang='grc' dir='ltr'><strong>ξα]</strong></span> <span class='ocrx_word' id='word_1_18' title='bbox 707 497 814 529; x_wconf 82' lang='lat' dir='ltr'>Erant</span> <span class='ocrx_word' id='word_1_19' title='bbox 835 501 872 528; x_wconf 93' lang='lat' dir='ltr'><strong>et</strong></span> 
     </span>
     <span class='ocr_line' id='line_1_5' title="bbox 173 546 871 589; baseline -0.001 -9"><span class='ocrx_word' id='word_1_20' title='bbox 173 550 248 582; x_wconf 88' lang='lat' dir='ltr'><strong>aliis</strong></span> <span class='ocrx_word' id='word_1_21' title='bbox 270 549 438 582; x_wconf 83' lang='lat' dir='ltr'>nonnullis</span> <span class='ocrx_word' id='word_1_22' title='bbox 459 546 715 589; x_wconf 79' lang='lat' dir='ltr'><strong>magistratibus</strong></span> <span class='ocrx_word' id='word_1_23' title='bbox 736 546 788 577; x_wconf 88' lang='lat' dir='ltr'><strong>sui</strong></span> <span class='ocrx_word' id='word_1_24' title='bbox 810 547 871 579; x_wconf 89' lang='lat' dir='ltr'><strong>lic-</strong></span> 
     </span>
     <span class='ocr_line' id='line_1_6' title="bbox 173 597 871 640; baseline -0.006 -9"><span class='ocrx_word' id='word_1_25' title='bbox 173 604 286 639; x_wconf 74' lang='lat' dir='ltr'><strong>tores3</strong></span> <span class='ocrx_word' id='word_1_26' title='bbox 323 599 383 631; x_wconf 90' lang='lat' dir='ltr'><strong>sed</strong></span> <span class='ocrx_word' id='word_1_27' title='bbox 413 597 577 640; x_wconf 85' lang='lat' dir='ltr'><strong>praecipui</strong></span> <span class='ocrx_word' id='word_1_28' title='bbox 602 597 797 628; x_wconf 84' lang='lat' dir='ltr'><strong>consulares</strong></span> <span class='ocrx_word' id='word_1_29' title='bbox 820 599 871 628; x_wconf 83' lang='lat'><strong>12.</strong></span> 
     </span>
     <span class='ocr_line' id='line_1_7' title="bbox 172 647 870 685; baseline -0.003 -5"><span class='ocrx_word' id='word_1_30' title='bbox 172 658 325 685; x_wconf 83' lang='lat' dir='ltr'><strong>numero.</strong></span> <span class='ocrx_word' id='word_1_31' title='bbox 369 649 551 682; x_wconf 83' lang='lat' dir='ltr'><strong>Dictatura</strong></span> <span class='ocrx_word' id='word_1_32' title='bbox 563 657 643 679; x_wconf 88' lang='lat' dir='ltr'><strong>vero</strong></span> <span class='ocrx_word' id='word_1_33' title='bbox 661 652 760 679; x_wconf 80' lang='lat' dir='ltr'><strong>extra</strong></span> <span class='ocrx_word' id='word_1_34' title='bbox 780 647 870 679; x_wconf 89' lang='lat' dir='ltr'><strong>ordi-</strong></span> 
     </span>
     <span class='ocr_line' id='line_1_8' title="bbox 172 697 871 739; baseline -0.001 -8"><span class='ocrx_word' id='word_1_35' title='bbox 172 709 250 732; x_wconf 88' lang='lat' dir='ltr'><strong>nem</strong></span> <span class='ocrx_word' id='word_1_36' title='bbox 267 703 356 739; x_wconf 84' lang='lat' dir='ltr'><strong>erat,</strong></span> <span class='ocrx_word' id='word_1_37' title='bbox 367 708 406 731; x_wconf 89' lang='lat' dir='ltr'><strong>ac</strong></span> <span class='ocrx_word' id='word_1_38' title='bbox 422 698 527 731; x_wconf 88' lang='lat' dir='ltr'><strong>veluti</strong></span> <span class='ocrx_word' id='word_1_39' title='bbox 539 697 668 738; x_wconf 84' lang='lat' dir='ltr'><strong>duplex</strong></span> <span class='ocrx_word' id='word_1_40' title='bbox 678 698 871 739; x_wconf 83' lang='lat' dir='ltr'><strong>imperium,</strong></span> 
     </span>
     <span class='ocr_line' id='line_1_9' title="bbox 172 747 867 781; baseline 0 -1"><span class='ocrx_word' id='word_1_41' title='bbox 172 747 251 780; x_wconf 85' lang='lat' dir='ltr'><strong>ideo</strong></span> <span class='ocrx_word' id='word_1_42' title='bbox 266 749 404 781; x_wconf 85' lang='lat' dir='ltr'><strong>lictores</strong></span> <span class='ocrx_word' id='word_1_43' title='bbox 419 751 472 780; x_wconf 83' lang='grc'><strong>24.</strong></span> <span class='ocrx_word' id='word_1_44' title='bbox 495 747 670 779; x_wconf 84' lang='lat' dir='ltr'><strong>Dictatori</strong></span> <span class='ocrx_word' id='word_1_45' title='bbox 686 747 867 780; x_wconf 79' lang='lat' dir='ltr'>dabantur.</span> 
     </span>
     <span class='ocr_line' id='line_1_10' title="bbox 171 796 870 840; baseline 0.003 -10"><span class='ocrx_word' id='word_1_46' title='bbox 171 798 320 831; x_wconf 76' lang='lat' dir='ltr'>Lictoris</span> <span class='ocrx_word' id='word_1_47' title='bbox 349 803 463 831; x_wconf 88' lang='lat' dir='ltr'><strong>autem</strong></span> <span class='ocrx_word' id='word_1_48' title='bbox 501 796 649 829; x_wconf 79' lang='lat' dir='ltr'><strong>officium</strong></span> <span class='ocrx_word' id='word_1_49' title='bbox 679 800 803 840; x_wconf 83' lang='lat' dir='ltr'><strong>praeire</strong></span> <span class='ocrx_word' id='word_1_50' title='bbox 833 805 870 832; x_wconf 92' lang='lat' dir='ltr'><strong>et</strong></span> 
     </span>
     <span class='ocr_line' id='line_1_11' title="bbox 170 848 871 889; baseline 0.003 -9"><span class='ocrx_word' id='word_1_51' title='bbox 170 849 307 889; x_wconf 81' lang='lat' dir='ltr'><strong>aperire</strong></span> <span class='ocrx_word' id='word_1_52' title='bbox 320 848 470 880; x_wconf 84' lang='lat' dir='ltr'><strong>venienti</strong></span> <span class='ocrx_word' id='word_1_53' title='bbox 486 849 702 889; x_wconf 85' lang='lat' dir='ltr'><strong>magistratui</strong></span> <span class='ocrx_word' id='word_1_54' title='bbox 715 849 816 889; x_wconf 87' lang='lat' dir='ltr'><strong>viam,</strong></span> <span class='ocrx_word' id='word_1_55' title='bbox 830 859 871 882; x_wconf 89' lang='lat' dir='ltr'><strong>ac</strong></span> 
     </span>
    </p>
   </div>
   <div class='ocr_carea' id='block_1_3' title="bbox 107 899 871 941">
    <p class='ocr_par' dir='ltr' id='par_1_3' title="bbox 107 899 871 941">
     <span class='ocr_line' id='line_1_12' title="bbox 107 899 871 941; baseline 0.004 -11"><span class='ocrx_word' id='word_1_56' title='bbox 107 919 114 925; x_wconf 87' lang='lat'><strong>·</strong></span> <span class='ocrx_word' id='word_1_57' title='bbox 169 907 383 933; x_wconf 72' lang='lat' dir='ltr'><strong>summovere</strong></span> <span class='ocrx_word' id='word_1_58' title='bbox 408 899 556 936; x_wconf 87' lang='lat' dir='ltr'><strong>turbam,</strong></span> <span class='ocrx_word' id='word_1_59' title='bbox 584 904 623 932; x_wconf 91' lang='lat' dir='ltr'><strong>ut</strong></span> <span class='ocrx_word' id='word_1_60' title='bbox 645 900 763 941; x_wconf 86' lang='lat' dir='ltr'><strong>pulcre</strong></span> <span class='ocrx_word' id='word_1_61' title='bbox 788 901 871 933; x_wconf 89' lang='lat' dir='ltr'><strong>Tur-</strong></span> 
     </span>
    </p>
   </div>
   <div class='ocr_carea' id='block_1_4' title="bbox 164 948 874 2898">
    <p class='ocr_par' dir='ltr' id='par_1_4' title="bbox 167 948 397 982">
     <span class='ocr_line' id='line_1_13' title="bbox 167 948 397 982; baseline 0.009 -2"><span class='ocrx_word' id='word_1_62' title='bbox 167 948 247 982; x_wconf 84' lang='lat' dir='ltr'><strong>neb.</strong></span> <span class='ocrx_word' id='word_1_63' title='bbox 264 957 327 981; x_wconf 87' lang='lat' dir='ltr'><strong>xv.</strong></span> <span class='ocrx_word' id='word_1_64' title='bbox 344 952 397 982; x_wconf 86' lang='lat'><strong>10.</strong></span> 
     </span>
    </p>

    <p class='ocr_par' dir='ltr' id='par_1_5' title="bbox 166 998 874 1744">
     <span class='ocr_line' id='line_1_14' title="bbox 211 998 870 1041; baseline 0.008 -12"><span class='ocrx_word' id='word_1_65' title='bbox 211 1001 255 1030; x_wconf 82' lang='lat'><strong>10</strong></span> <span class='ocrx_word' id='word_1_66' title='bbox 272 998 456 1033; x_wconf 62' lang='lat' dir='ltr'><strong>,Summovet</strong></span> <span class='ocrx_word' id='word_1_67' title='bbox 467 999 574 1041; x_wconf 79' lang='lat' dir='ltr'><strong>lictor]</strong></span> <span class='ocrx_word' id='word_1_68' title='bbox 591 1000 778 1041; x_wconf 83' lang='lat' dir='ltr'><strong>Significat.</strong></span> <span class='ocrx_word' id='word_1_69' title='bbox 791 1011 870 1034; x_wconf 90' lang='lat' dir='ltr'><strong>con·</strong></span> 
     </span>
     <span class='ocr_line' id='line_1_15' title="bbox 169 1048 870 1091; baseline 0.009 -13"><span class='ocrx_word' id='word_1_70' title='bbox 169 1048 300 1079; x_wconf 86' lang='lat' dir='ltr'><strong>sulares</strong></span> <span class='ocrx_word' id='word_1_71' title='bbox 316 1048 467 1085; x_wconf 84' lang='lat' dir='ltr'><strong>lictores,</strong></span> <span class='ocrx_word' id='word_1_72' title='bbox 484 1059 550 1080; x_wconf 91' lang='lat' dir='ltr'><strong>non</strong></span> <span class='ocrx_word' id='word_1_73' title='bbox 573 1050 700 1082; x_wconf 84' lang='lat' dir='ltr'><strong>habere</strong></span> <span class='ocrx_word' id='word_1_74' title='bbox 721 1056 870 1091; x_wconf 84' lang='lat' dir='ltr'><strong>potesta-</strong></span> 
     </span>
     <span class='ocr_line' id='line_1_16' title="bbox 169 1100 872 1134; baseline 0.007 -5"><span class='ocrx_word' id='word_1_75' title='bbox 169 1101 239 1130; x_wconf 84' lang='lat' dir='ltr'><strong>tem</strong></span> <span class='ocrx_word' id='word_1_76' title='bbox 255 1100 573 1132; x_wconf 87' lang='lat' dir='ltr'><strong>summovendarum</strong></span> <span class='ocrx_word' id='word_1_77' title='bbox 590 1110 747 1133; x_wconf 88' lang='lat' dir='ltr'><strong>curarum</strong></span> <span class='ocrx_word' id='word_1_78' title='bbox 763 1107 799 1134; x_wconf 91' lang='lat' dir='ltr'><strong>et</strong></span> <span class='ocrx_word' id='word_1_79' title='bbox 812 1103 872 1134; x_wconf 91' lang='lat' dir='ltr'><strong>ali-</strong></span> 
     </span>
     <span class='ocr_line' id='line_1_17' title="bbox 170 1151 872 1194; baseline 0.007 -15"><span class='ocrx_word' id='word_1_80' title='bbox 170 1157 268 1180; x_wconf 81' lang='lat' dir='ltr'><strong>arum</strong></span> <span class='ocrx_word' id='word_1_81' title='bbox 288 1151 413 1181; x_wconf 90' lang='lat' dir='ltr'><strong>mentis</strong></span> <span class='ocrx_word' id='word_1_82' title='bbox 430 1151 739 1192; x_wconf 78' lang='lat' dir='ltr'><strong>perturbationum,</strong></span> <span class='ocrx_word' id='word_1_83' title='bbox 756 1162 872 1194; x_wconf 89' lang='lat' dir='ltr'><strong>quem-</strong></span> 
     </span>
     <span class='ocr_line' id='line_1_18' title="bbox 171 1198 872 1235; baseline 0.007 -5"><span class='ocrx_word' id='word_1_84' title='bbox 171 1198 352 1232; x_wconf 76' lang='lat' dir='ltr'><strong>admodum</strong></span> <span class='ocrx_word' id='word_1_85' title='bbox 392 1202 526 1233; x_wconf 89' lang='lat' dir='ltr'><strong>turbam</strong></span> <span class='ocrx_word' id='word_1_86' title='bbox 566 1212 779 1235; x_wconf 89' lang='lat' dir='ltr'><strong>summovere</strong></span> <span class='ocrx_word' id='word_1_87' title='bbox 818 1213 872 1235; x_wconf 81' lang='lat' dir='ltr'><strong>so-</strong></span> 
     </span>
     <span class='ocr_line' id='line_1_19' title="bbox 169 1250 872 1286; baseline 0.004 -4"><span class='ocrx_word' id='word_1_88' title='bbox 169 1250 241 1282; x_wconf 89' lang='lat' dir='ltr'><strong>lent</strong></span> <span class='ocrx_word' id='word_1_89' title='bbox 253 1257 332 1284; x_wconf 89' lang='lat' dir='ltr'><strong>ante</strong></span> <span class='ocrx_word' id='word_1_90' title='bbox 349 1252 567 1285; x_wconf 85' lang='lat' dir='ltr'><strong>incedentem</strong></span> <span class='ocrx_word' id='word_1_91' title='bbox 584 1254 777 1286; x_wconf 86' lang='lat' dir='ltr'><strong>Consulem.</strong></span> <span class='ocrx_word' id='word_1_92' title='bbox 804 1255 872 1285; x_wconf 87' lang='lat' dir='ltr'><strong>Mi-</strong></span> 
     </span>
     <span class='ocr_line' id='line_1_20' title="bbox 166 1301 874 1343; baseline 0.006 -12"><span class='ocrx_word' id='word_1_93' title='bbox 166 1309 251 1332; x_wconf 71' lang='lat' dir='ltr'><strong>seros</strong></span> <span class='ocrx_word' id='word_1_94' title='bbox 266 1301 431 1342; x_wconf 79' lang='lat' dir='ltr'><strong>tumultus]</strong></span> <span class='ocrx_word' id='word_1_95' title='bbox 454 1301 567 1334; x_wconf 87' lang='lat' dir='ltr'>Animi</span> <span class='ocrx_word' id='word_1_96' title='bbox 583 1303 874 1343; x_wconf 87' lang='lat' dir='ltr'><strong>perturbationes,</strong></span> 
     </span>
     <span class='ocr_line' id='line_1_21' title="bbox 169 1352 871 1393; baseline 0.004 -12"><span class='ocrx_word' id='word_1_97' title='bbox 169 1359 278 1386; x_wconf 72' lang='lat' dir='ltr'><strong>curas,</strong></span> <span class='ocrx_word' id='word_1_98' title='bbox 302 1360 457 1390; x_wconf 79' lang='lat' dir='ltr'><strong>angores,</strong></span> <span class='ocrx_word' id='word_1_99' title='bbox 489 1352 725 1393; x_wconf 70' lang='lat' dir='ltr'><strong>aegritudines,</strong></span> <span class='ocrx_word' id='word_1_100' title='bbox 750 1353 871 1393; x_wconf 85' lang='lat' dir='ltr'><strong>quibus</strong></span> 
     </span>
     <span class='ocr_line' id='line_1_22' title="bbox 168 1401 869 1442; baseline 0.003 -11"><span class='ocrx_word' id='word_1_101' title='bbox 168 1401 359 1435; x_wconf 80' lang='lat' dir='ltr'><strong>concitatus</strong></span> <span class='ocrx_word' id='word_1_102' title='bbox 386 1401 614 1432; x_wconf 77' lang='lat' dir='ltr'><strong>tumultuatur</strong></span> <span class='ocrx_word' id='word_1_103' title='bbox 632 1410 673 1432; x_wconf 87' lang='lat' dir='ltr'><strong>ac</strong></span> <span class='ocrx_word' id='word_1_104' title='bbox 705 1402 869 1442; x_wconf 82' lang='lat' dir='ltr'><strong>trepidat.</strong></span> 
     </span>
     <span class='ocr_line' id='line_1_23' title="bbox 166 1449 871 1490; baseline 0.003 -10"><span class='ocrx_word' id='word_1_105' title='bbox 166 1449 275 1480; x_wconf 82' lang='lat' dir='ltr'><strong>Lamb.</strong></span> <span class='ocrx_word' id='word_1_106' title='bbox 318 1449 429 1480; x_wconf 79' lang='lat' dir='ltr'><strong>Lictor</strong></span> <span class='ocrx_word' id='word_1_107' title='bbox 448 1449 591 1490; x_wconf 81' lang='lat' dir='ltr'><strong>miseros]</strong></span> <span class='ocrx_word' id='word_1_108' title='bbox 624 1449 788 1482; x_wconf 80' lang='lat' dir='ltr'><strong>Publicus</strong></span> <span class='ocrx_word' id='word_1_109' title='bbox 812 1451 871 1482; x_wconf 87' lang='lat' dir='ltr'><strong>mi·</strong></span> 
     </span>
     <span class='ocr_line' id='line_1_24' title="bbox 166 1499 871 1541; baseline 0.006 -11"><span class='ocrx_word' id='word_1_110' title='bbox 166 1499 287 1540; x_wconf 80' lang='lat' dir='ltr'><strong>nister,</strong></span> <span class='ocrx_word' id='word_1_111' title='bbox 306 1500 364 1541; x_wconf 87' lang='lat' dir='ltr'><strong>qui</strong></span> <span class='ocrx_word' id='word_1_112' title='bbox 387 1504 468 1532; x_wconf 88' lang='lat' dir='ltr'><strong>ante</strong></span> <span class='ocrx_word' id='word_1_113' title='bbox 491 1500 672 1532; x_wconf 85' lang='lat' dir='ltr'><strong>Consulem</strong></span> <span class='ocrx_word' id='word_1_114' title='bbox 697 1499 809 1533; x_wconf 86' lang='lat' dir='ltr'><strong>fasces</strong></span> <span class='ocrx_word' id='word_1_115' title='bbox 834 1505 871 1534; x_wconf 89' lang='lat' dir='ltr'><strong>et</strong></span> 
     </span>
     <span class='ocr_line' id='line_1_25' title="bbox 166 1551 544 1592; baseline 0.005 -10"><span class='ocrx_word' id='word_1_116' title='bbox 166 1559 302 1583; x_wconf 75' lang='lat' dir='ltr'><strong>secures</strong></span> <span class='ocrx_word' id='word_1_117' title='bbox 318 1551 544 1592; x_wconf 79' lang='lat' dir='ltr'><strong>praeferebat.</strong></span> 
     </span>
     <span class='ocr_line' id='line_1_26' title="bbox 167 1602 870 1643; baseline 0.001 -10"><span class='ocrx_word' id='word_1_118' title='bbox 167 1623 172 1627; x_wconf 60' lang='lat'>&gt;</span> <span class='ocrx_word' id='word_1_119' title='bbox 212 1604 251 1633; x_wconf 91' lang='lat' dir='ltr'><strong>ll</strong></span> <span class='ocrx_word' id='word_1_120' title='bbox 275 1602 320 1633; x_wconf 73' lang='lat' dir='ltr'><strong>Ee</strong></span> <span class='ocrx_word' id='word_1_121' title='bbox 335 1602 440 1643; x_wconf 77' lang='lat' dir='ltr'><strong>curus]</strong></span> <span class='ocrx_word' id='word_1_122' title='bbox 478 1603 523 1634; x_wconf 89' lang='lat' dir='ltr'><strong>Et</strong></span> <span class='ocrx_word' id='word_1_123' title='bbox 550 1612 650 1634; x_wconf 90' lang='lat' dir='ltr'><strong>curas</strong></span> <span class='ocrx_word' id='word_1_124' title='bbox 677 1602 870 1635; x_wconf 88' lang='lat' dir='ltr'><strong>discurren-</strong></span> 
     </span>
     <span class='ocr_line' id='line_1_27' title="bbox 166 1651 870 1691; baseline 0.001 -8"><span class='ocrx_word' id='word_1_125' title='bbox 166 1654 220 1684; x_wconf 85' lang='lat' dir='ltr'><strong>tes</strong></span> <span class='ocrx_word' id='word_1_126' title='bbox 235 1652 328 1685; x_wconf 87' lang='lat' dir='ltr'><strong>circa</strong></span> <span class='ocrx_word' id='word_1_127' title='bbox 342 1651 474 1690; x_wconf 89' lang='lat' dir='ltr'><strong>domos,</strong></span> <span class='ocrx_word' id='word_1_128' title='bbox 489 1656 524 1684; x_wconf 89' lang='lat' dir='ltr'><strong>et</strong></span> <span class='ocrx_word' id='word_1_129' title='bbox 540 1656 637 1685; x_wconf 84' lang='lat' dir='ltr'><strong>tecta</strong></span> <span class='ocrx_word' id='word_1_130' title='bbox 649 1652 807 1691; x_wconf 87' lang='lat' dir='ltr'><strong>divitum,</strong></span> <span class='ocrx_word' id='word_1_131' title='bbox 824 1653 870 1684; x_wconf 88' lang='lat' dir='ltr'><strong>la-</strong></span> 
     </span>
     <span class='ocr_line' id='line_1_28' title="bbox 166 1702 496 1744; baseline 0 -10"><span class='ocrx_word' id='word_1_132' title='bbox 166 1702 350 1744; x_wconf 88' lang='lat' dir='ltr'><strong>quearibus</strong></span> <span class='ocrx_word' id='word_1_133' title='bbox 365 1707 496 1735; x_wconf 79' lang='lat' dir='ltr'><strong>ornata.</strong></span> 
     </span>
    </p>

    <p class='ocr_par' dir='ltr' id='par_1_6' title="bbox 164 1752 872 2397">
     <span class='ocr_line' id='line_1_29' title="bbox 211 1752 870 1794; baseline 0 -10"><span class='ocrx_word' id='word_1_134' title='bbox 211 1755 251 1784; x_wconf 72' lang='lat'><strong>13</strong></span> <span class='ocrx_word' id='word_1_135' title='bbox 281 1752 410 1785; x_wconf 77' lang='lat' dir='ltr'><strong>Vivitur</strong></span> <span class='ocrx_word' id='word_1_136' title='bbox 427 1753 540 1794; x_wconf 81' lang='lat' dir='ltr'><strong>parvo]</strong></span> <span class='ocrx_word' id='word_1_137' title='bbox 579 1752 745 1784; x_wconf 79' lang='lat' dir='ltr'><strong>Ostendit</strong></span> <span class='ocrx_word' id='word_1_138' title='bbox 764 1753 870 1784; x_wconf 90' lang='lat' dir='ltr'><strong>otium</strong></span> 
     </span>
     <span class='ocr_line' id='line_1_30' title="bbox 166 1801 872 1843; baseline 0.003 -11"><span class='ocrx_word' id='word_1_139' title='bbox 166 1801 262 1842; x_wconf 87' lang='lat' dir='ltr'><strong>illud,</strong></span> <span class='ocrx_word' id='word_1_140' title='bbox 277 1803 367 1843; x_wconf 86' lang='lat' dir='ltr'><strong>quod</strong></span> <span class='ocrx_word' id='word_1_141' title='bbox 384 1811 501 1834; x_wconf 90' lang='lat' dir='ltr'><strong>omnes</strong></span> <span class='ocrx_word' id='word_1_142' title='bbox 517 1806 650 1842; x_wconf 85' lang='lat' dir='ltr'><strong>optant,</strong></span> <span class='ocrx_word' id='word_1_143' title='bbox 665 1802 767 1843; x_wconf 86' lang='lat' dir='ltr'><strong>pauci</strong></span> <span class='ocrx_word' id='word_1_144' title='bbox 782 1812 872 1834; x_wconf 83' lang='lat' dir='ltr'><strong>asse·</strong></span> 
     </span>
     <span class='ocr_line' id='line_1_31' title="bbox 168 1853 871 1895; baseline 0 -10"><span class='ocrx_word' id='word_1_145' title='bbox 168 1858 331 1895; x_wconf 87' lang='lat' dir='ltr'><strong>quuntur,</strong></span> <span class='ocrx_word' id='word_1_146' title='bbox 360 1863 427 1885; x_wconf 88' lang='lat' dir='ltr'><strong>non</strong></span> <span class='ocrx_word' id='word_1_147' title='bbox 454 1854 487 1884; x_wconf 89' lang='lat' dir='ltr'><strong>in</strong></span> <span class='ocrx_word' id='word_1_148' title='bbox 513 1853 644 1893; x_wconf 85' lang='lat' dir='ltr'><strong>magnis</strong></span> <span class='ocrx_word' id='word_1_149' title='bbox 675 1853 798 1894; x_wconf 86' lang='lat' dir='ltr'><strong>opibus</strong></span> <span class='ocrx_word' id='word_1_150' title='bbox 831 1862 871 1885; x_wconf 87' lang='lat' dir='ltr'><strong>ac</strong></span> 
     </span>
     <span class='ocr_line' id='line_1_32' title="bbox 168 1903 871 1945; baseline 0 -11"><span class='ocrx_word' id='word_1_151' title='bbox 168 1904 327 1944; x_wconf 87' lang='lat' dir='ltr'><strong>potentia</strong></span> <span class='ocrx_word' id='word_1_152' title='bbox 357 1905 460 1935; x_wconf 86' lang='lat' dir='ltr'><strong>situm</strong></span> <span class='ocrx_word' id='word_1_153' title='bbox 490 1913 578 1943; x_wconf 86' lang='lat' dir='ltr'><strong>esse,</strong></span> <span class='ocrx_word' id='word_1_154' title='bbox 602 1903 662 1934; x_wconf 88' lang='lat' dir='ltr'><strong>sed</strong></span> <span class='ocrx_word' id='word_1_155' title='bbox 690 1903 731 1934; x_wconf 88' lang='lat' dir='ltr'><strong>iis</strong></span> <span class='ocrx_word' id='word_1_156' title='bbox 757 1903 871 1945; x_wconf 89' lang='lat' dir='ltr'><strong>potius</strong></span> 
     </span>
     <span class='ocr_line' id='line_1_33' title="bbox 169 1953 871 1995; baseline -0.001 -10"><span class='ocrx_word' id='word_1_157' title='bbox 169 1954 382 1994; x_wconf 83' lang='lat' dir='ltr'><strong>contingere,</strong></span> <span class='ocrx_word' id='word_1_158' title='bbox 406 1954 462 1995; x_wconf 92' lang='lat' dir='ltr'><strong>qui</strong></span> <span class='ocrx_word' id='word_1_159' title='bbox 484 1963 588 1994; x_wconf 86' lang='lat' dir='ltr'><strong>parvo</strong></span> <span class='ocrx_word' id='word_1_160' title='bbox 611 1953 766 1985; x_wconf 88' lang='lat' dir='ltr'><strong>contenti</strong></span> <span class='ocrx_word' id='word_1_161' title='bbox 789 1954 871 1995; x_wconf 83' lang='lat' dir='ltr'><strong>sint,</strong></span> 
     </span>
     <span class='ocr_line' id='line_1_34' title="bbox 168 2003 870 2045; baseline -0.001 -10"><span class='ocrx_word' id='word_1_162' title='bbox 168 2008 271 2045; x_wconf 82' lang='lat' dir='ltr'><strong>atque</strong></span> <span class='ocrx_word' id='word_1_163' title='bbox 288 2004 331 2035; x_wconf 88' lang='lat' dir='ltr'><strong>ab</strong></span> <span class='ocrx_word' id='word_1_164' title='bbox 347 2004 439 2035; x_wconf 90' lang='lat' dir='ltr'><strong>omui</strong></span> <span class='ocrx_word' id='word_1_165' title='bbox 453 2003 645 2044; x_wconf 87' lang='lat' dir='ltr'><strong>cupiditate</strong></span> <span class='ocrx_word' id='word_1_166' title='bbox 660 2003 769 2034; x_wconf 85' lang='lat' dir='ltr'><strong>liberi.</strong></span> <span class='ocrx_word' id='word_1_167' title='bbox 794 2003 870 2034; x_wconf 86' lang='lat' dir='ltr'><strong>Tor-</strong></span> 
     </span>
     <span class='ocr_line' id='line_1_35' title="bbox 166 2052 867 2093; baseline 0.001 -10"><span class='ocrx_word' id='word_1_168' title='bbox 166 2056 249 2084; x_wconf 71' lang='lat' dir='ltr'><strong>rent-</strong></span> <span class='ocrx_word' id='word_1_169' title='bbox 301 2053 427 2086; x_wconf 79' lang='lat' dir='ltr'><strong>Vivitur</strong></span> <span class='ocrx_word' id='word_1_170' title='bbox 437 2052 550 2093; x_wconf 81' lang='lat' dir='ltr'><strong>parvo]</strong></span> <span class='ocrx_word' id='word_1_171' title='bbox 578 2052 631 2084; x_wconf 88' lang='lat' dir='ltr'><strong>Ab</strong></span> <span class='ocrx_word' id='word_1_172' title='bbox 648 2062 688 2084; x_wconf 92' lang='lat' dir='ltr'><strong>eo</strong></span> <span class='ocrx_word' id='word_1_173' title='bbox 705 2052 794 2084; x_wconf 92' lang='lat' dir='ltr'><strong>bene</strong></span> <span class='ocrx_word' id='word_1_174' title='bbox 811 2052 867 2084; x_wconf 89' lang='lat' dir='ltr'><strong>be-</strong></span> 
     </span>
     <span class='ocr_line' id='line_1_36' title="bbox 167 2103 870 2145; baseline -0.001 -9"><span class='ocrx_word' id='word_1_175' title='bbox 167 2107 292 2145; x_wconf 84' lang='lat' dir='ltr'><strong>ateque</strong></span> <span class='ocrx_word' id='word_1_176' title='bbox 307 2105 447 2144; x_wconf 86' lang='lat' dir='ltr'><strong>vivitur,</strong></span> <span class='ocrx_word' id='word_1_177' title='bbox 470 2104 504 2135; x_wconf 90' lang='lat' dir='ltr'><strong>id</strong></span> <span class='ocrx_word' id='word_1_178' title='bbox 531 2107 597 2145; x_wconf 84' lang='lat' dir='ltr'><strong>est,</strong></span> <span class='ocrx_word' id='word_1_179' title='bbox 621 2103 708 2134; x_wconf 89' lang='lat' dir='ltr'><strong>bene</strong></span> <span class='ocrx_word' id='word_1_180' title='bbox 732 2103 817 2135; x_wconf 88' lang='lat' dir='ltr'><strong>vivit</strong></span> <span class='ocrx_word' id='word_1_181' title='bbox 842 2104 870 2135; x_wconf 90' lang='lat' dir='ltr'><strong>is</strong></span> 
     </span>
     <span class='ocr_line' id='line_1_37' title="bbox 165 2152 869 2196; baseline -0.001 -11"><span class='ocrx_word' id='word_1_182' title='bbox 165 2163 287 2195; x_wconf 86' lang='lat' dir='ltr'><strong>parvo,</strong></span> <span class='ocrx_word' id='word_1_183' title='bbox 301 2153 359 2196; x_wconf 89' lang='lat' dir='ltr'><strong>qui</strong></span> <span class='ocrx_word' id='word_1_184' title='bbox 375 2153 470 2186; x_wconf 89' lang='lat' dir='ltr'><strong>tenui</strong></span> <span class='ocrx_word' id='word_1_185' title='bbox 486 2153 595 2193; x_wconf 89' lang='lat' dir='ltr'><strong>victu,</strong></span> <span class='ocrx_word' id='word_1_186' title='bbox 609 2156 646 2184; x_wconf 89' lang='lat' dir='ltr'><strong>et</strong></span> <span class='ocrx_word' id='word_1_187' title='bbox 663 2152 796 2184; x_wconf 91' lang='lat' dir='ltr'><strong>modico</strong></span> <span class='ocrx_word' id='word_1_188' title='bbox 810 2162 869 2193; x_wconf 90' lang='lat' dir='ltr'><strong>ap-</strong></span> 
     </span>
     <span class='ocr_line' id='line_1_38' title="bbox 165 2202 868 2245; baseline -0.003 -9"><span class='ocrx_word' id='word_1_189' title='bbox 165 2208 290 2245; x_wconf 85' lang='lat' dir='ltr'><strong>paratu</strong></span> <span class='ocrx_word' id='word_1_190' title='bbox 305 2207 490 2236; x_wconf 87' lang='lat' dir='ltr'><strong>contentus</strong></span> <span class='ocrx_word' id='word_1_191' title='bbox 507 2207 571 2235; x_wconf 89' lang='lat' dir='ltr'><strong>est.</strong></span> <span class='ocrx_word' id='word_1_192' title='bbox 628 2202 803 2234; x_wconf 74' lang='lat' dir='ltr'><strong>Paternum</strong></span> <span class='ocrx_word' id='word_1_193' title='bbox 818 2213 868 2234; x_wconf 81' lang='lat' dir='ltr'><strong>su·</strong></span> 
     </span>
     <span class='ocr_line' id='line_1_39' title="bbox 164 2252 867 2295; baseline -0.003 -9"><span class='ocrx_word' id='word_1_194' title='bbox 164 2254 281 2295; x_wconf 75' lang='lat' dir='ltr'><strong>linum]</strong></span> <span class='ocrx_word' id='word_1_195' title='bbox 301 2254 450 2286; x_wconf 89' lang='lat' dir='ltr'><strong>Salinum</strong></span> <span class='ocrx_word' id='word_1_196' title='bbox 466 2263 486 2285; x_wconf 86' lang='lat' dir='ltr'><strong>a</strong></span> <span class='ocrx_word' id='word_1_197' title='bbox 498 2258 598 2295; x_wconf 88' lang='lat' dir='ltr'><strong>patre</strong></span> <span class='ocrx_word' id='word_1_198' title='bbox 613 2253 769 2285; x_wconf 87' lang='lat' dir='ltr'><strong>relictum</strong></span> <span class='ocrx_word' id='word_1_199' title='bbox 784 2252 867 2290; x_wconf 89' lang='lat' dir='ltr'><strong>filio,</strong></span> 
     </span>
     <span class='ocr_line' id='line_1_40' title="bbox 166 2304 867 2347; baseline -0.001 -10"><span class='ocrx_word' id='word_1_200' title='bbox 166 2314 230 2346; x_wconf 82' lang='lat' dir='ltr'><strong>pro</strong></span> <span class='ocrx_word' id='word_1_201' title='bbox 244 2305 362 2347; x_wconf 88' lang='lat' dir='ltr'><strong>quavis</strong></span> <span class='ocrx_word' id='word_1_202' title='bbox 378 2304 591 2346; x_wconf 86' lang='lat' dir='ltr'><strong>supellectile</strong></span> <span class='ocrx_word' id='word_1_203' title='bbox 608 2308 763 2345; x_wconf 87' lang='lat' dir='ltr'><strong>paterna.</strong></span> <span class='ocrx_word' id='word_1_204' title='bbox 808 2304 867 2336; x_wconf 94' lang='lat' dir='ltr'><strong>Sa-</strong></span> 
     </span>
     <span class='ocr_line' id='line_1_41' title="bbox 165 2355 855 2397; baseline 0 -11"><span class='ocrx_word' id='word_1_205' title='bbox 165 2355 271 2387; x_wconf 82' lang='lat' dir='ltr'><strong>linum</strong></span> <span class='ocrx_word' id='word_1_206' title='bbox 288 2365 346 2388; x_wconf 83' lang='lat' dir='ltr'><strong>vas</strong></span> <span class='ocrx_word' id='word_1_207' title='bbox 362 2361 428 2395; x_wconf 88' lang='lat' dir='ltr'><strong>est,</strong></span> <span class='ocrx_word' id='word_1_208' title='bbox 445 2356 480 2387; x_wconf 93' lang='lat' dir='ltr'><strong>in</strong></span> <span class='ocrx_word' id='word_1_209' title='bbox 496 2365 563 2397; x_wconf 91' lang='lat' dir='ltr'><strong>quo</strong></span> <span class='ocrx_word' id='word_1_210' title='bbox 580 2356 629 2387; x_wconf 85' lang='lat' dir='ltr'><strong>sal</strong></span> <span class='ocrx_word' id='word_1_211' title='bbox 646 2355 855 2387; x_wconf 86' lang='lat' dir='ltr'><strong>continetur.</strong></span> 
     </span>
    </p>

    <p class='ocr_par' dir='ltr' id='par_1_7' title="bbox 169 2405 874 2898">
     <span class='ocr_line' id='line_1_42' title="bbox 206 2405 868 2446; baseline -0.005 -8"><span class='ocrx_word' id='word_1_212' title='bbox 206 2408 251 2438; x_wconf 68' lang='lat'><strong>,14</strong></span> <span class='ocrx_word' id='word_1_213' title='bbox 275 2405 435 2446; x_wconf 80' lang='lat' dir='ltr'><strong>Sulinum]</strong></span> <span class='ocrx_word' id='word_1_214' title='bbox 458 2405 564 2437; x_wconf 89' lang='lat' dir='ltr'><strong>Saliui</strong></span> <span class='ocrx_word' id='word_1_215' title='bbox 584 2409 710 2440; x_wconf 87' lang='lat' dir='ltr'><strong>autem,</strong></span> <span class='ocrx_word' id='word_1_216' title='bbox 732 2413 796 2436; x_wconf 88' lang='lat' dir='ltr'><strong>nec</strong></span> <span class='ocrx_word' id='word_1_217' title='bbox 821 2405 868 2436; x_wconf 88' lang='lat' dir='ltr'><strong>al-</strong></span> 
     </span>
     <span class='ocr_line' id='line_1_43' title="bbox 170 2454 870 2496; baseline 0.001 -11"><span class='ocrx_word' id='word_1_218' title='bbox 170 2455 484 2495; x_wconf 84' lang='lat' dir='ltr'><strong>terius.apparatus</strong></span> <span class='ocrx_word' id='word_1_219' title='bbox 510 2454 679 2494; x_wconf 82' lang='lat' dir='ltr'><strong>meminit,</strong></span> <span class='ocrx_word' id='word_1_220' title='bbox 702 2454 791 2496; x_wconf 89' lang='lat' dir='ltr'><strong>quod</strong></span> <span class='ocrx_word' id='word_1_221' title='bbox 819 2463 870 2486; x_wconf 85' lang='lat' dir='ltr'><strong>sa-</strong></span> 
     </span>
     <span class='ocr_line' id='line_1_44' title="bbox 169 2503 870 2545; baseline 0.003 -11"><span class='ocrx_word' id='word_1_222' title='bbox 169 2503 237 2536; x_wconf 86' lang='lat' dir='ltr'><strong>lem</strong></span> <span class='ocrx_word' id='word_1_223' title='bbox 264 2513 400 2544; x_wconf 85' lang='lat' dir='ltr'><strong>semper</strong></span> <span class='ocrx_word' id='word_1_224' title='bbox 423 2504 532 2544; x_wconf 85' lang='lat' dir='ltr'><strong>primo</strong></span> <span class='ocrx_word' id='word_1_225' title='bbox 557 2505 634 2535; x_wconf 82' lang='lat' dir='ltr'><strong>ioco</strong></span> <span class='ocrx_word' id='word_1_226' title='bbox 658 2504 870 2545; x_wconf 85' lang='lat' dir='ltr'><strong>apponimus.</strong></span> 
     </span>
     <span class='ocr_line' id='line_1_45' title="bbox 170 2553 873 2594; baseline -0.001 -9"><span class='ocrx_word' id='word_1_227' title='bbox 170 2553 247 2586; x_wconf 84' lang='lat' dir='ltr'><strong>Quo</strong></span> <span class='ocrx_word' id='word_1_228' title='bbox 261 2554 420 2594; x_wconf 83' lang='lat' dir='ltr'><strong>apposito</strong></span> <span class='ocrx_word' id='word_1_229' title='bbox 439 2558 543 2594; x_wconf 86' lang='lat' dir='ltr'><strong>atque</strong></span> <span class='ocrx_word' id='word_1_230' title='bbox 562 2563 629 2584; x_wconf 88' lang='lat' dir='ltr'><strong>una</strong></span> <span class='ocrx_word' id='word_1_231' title='bbox 655 2553 803 2585; x_wconf 88' lang='lat' dir='ltr'><strong>Deorum</strong></span> <span class='ocrx_word' id='word_1_232' title='bbox 827 2555 873 2585; x_wconf 82' lang='lat' dir='ltr'><strong>si-</strong></span> 
     </span>
     <span class='ocr_line' id='line_1_46' title="bbox 170 2602 874 2644; baseline 0.003 -10"><span class='ocrx_word' id='word_1_233' title='bbox 170 2603 344 2643; x_wconf 85' lang='lat' dir='ltr'><strong>mulacris,</strong></span> <span class='ocrx_word' id='word_1_234' title='bbox 356 2608 394 2634; x_wconf 88' lang='lat' dir='ltr'><strong>ut</strong></span> <span class='ocrx_word' id='word_1_235' title='bbox 406 2602 576 2634; x_wconf 82' lang='lat' dir='ltr'><strong>Arnobius</strong></span> <span class='ocrx_word' id='word_1_236' title='bbox 588 2603 646 2634; x_wconf 89' lang='lat' dir='ltr'><strong>lib.</strong></span> <span class='ocrx_word' id='word_1_237' title='bbox 660 2612 702 2634; x_wconf 83' lang='lat'><strong>11.</strong></span> <span class='ocrx_word' id='word_1_238' title='bbox 717 2603 874 2644; x_wconf 86' lang='lat' dir='ltr'><strong>tradidit,</strong></span> 
     </span>
     <span class='ocr_line' id='line_1_47' title="bbox 171 2653 869 2686; baseline 0 -1"><span class='ocrx_word' id='word_1_239' title='bbox 171 2662 288 2686; x_wconf 84' lang='lat' dir='ltr'><strong>mensa</strong></span> <span class='ocrx_word' id='word_1_240' title='bbox 316 2663 414 2685; x_wconf 88' lang='lat' dir='ltr'><strong>sacra</strong></span> <span class='ocrx_word' id='word_1_241' title='bbox 441 2653 515 2684; x_wconf 86' lang='lat' dir='ltr'><strong>fieri</strong></span> <span class='ocrx_word' id='word_1_242' title='bbox 542 2653 766 2685; x_wconf 76' lang='lat' dir='ltr'><strong>credebatur:</strong></span> <span class='ocrx_word' id='word_1_243' title='bbox 805 2663 869 2686; x_wconf 89' lang='lat' dir='ltr'><strong>nec</strong></span> 
     </span>
     <span class='ocr_line' id='line_1_48' title="bbox 171 2703 869 2737; baseline 0 -1"><span class='ocrx_word' id='word_1_244' title='bbox 171 2703 308 2736; x_wconf 86' lang='lat' dir='ltr'><strong>cibariis</strong></span> <span class='ocrx_word' id='word_1_245' title='bbox 323 2704 399 2735; x_wconf 82' lang='lat' dir='ltr'><strong>ullis</strong></span> <span class='ocrx_word' id='word_1_246' title='bbox 408 2704 482 2735; x_wconf 83' lang='lat' dir='ltr'><strong>sine</strong></span> <span class='ocrx_word' id='word_1_247' title='bbox 493 2705 562 2735; x_wconf 78' lang='lat' dir='ltr'><strong>sale</strong></span> <span class='ocrx_word' id='word_1_248' title='bbox 576 2703 754 2735; x_wconf 85' lang='lat' dir='ltr'><strong>vescimur.</strong></span> <span class='ocrx_word' id='word_1_249' title='bbox 777 2704 869 2737; x_wconf 84' lang='lat' dir='ltr'><strong>Qua-</strong></span> 
     </span>
     <span class='ocr_line' id='line_1_49' title="bbox 172 2755 870 2798; baseline -0.001 -11"><span class='ocrx_word' id='word_1_250' title='bbox 172 2765 209 2787; x_wconf 85' lang='lat' dir='ltr'><strong>re</strong></span> <span class='ocrx_word' id='word_1_251' title='bbox 227 2761 360 2787; x_wconf 84' lang='lat' dir='ltr'><strong>veteres</strong></span> <span class='ocrx_word' id='word_1_252' title='bbox 378 2755 543 2798; x_wconf 86' lang='lat' dir='ltr'><strong>plerique,</strong></span> <span class='ocrx_word' id='word_1_253' title='bbox 559 2756 696 2787; x_wconf 85' lang='lat' dir='ltr'><strong>tametsi</strong></span> <span class='ocrx_word' id='word_1_254' title='bbox 718 2764 774 2786; x_wconf 85' lang='lat' dir='ltr'><strong>vas</strong></span> <span class='ocrx_word' id='word_1_255' title='bbox 798 2756 870 2786; x_wconf 77' lang='lat' dir='ltr'><strong>nul·</strong></span> 
     </span>
     <span class='ocr_line' id='line_1_50' title="bbox 170 2805 871 2848; baseline 0 -10"><span class='ocrx_word' id='word_1_256' title='bbox 170 2807 239 2838; x_wconf 89' lang='lat' dir='ltr'><strong>lum</strong></span> <span class='ocrx_word' id='word_1_257' title='bbox 257 2811 452 2847; x_wconf 87' lang='lat' dir='ltr'><strong>argenteum</strong></span> <span class='ocrx_word' id='word_1_258' title='bbox 479 2805 710 2848; x_wconf 86' lang='lat' dir='ltr'><strong>possidebant,</strong></span> <span class='ocrx_word' id='word_1_259' title='bbox 729 2805 871 2838; x_wconf 88' lang='lat' dir='ltr'><strong>salinum</strong></span> 
     </span>
     <span class='ocr_line' id='line_1_51' title="bbox 170 2856 869 2898; baseline -0.003 -10"><span class='ocrx_word' id='word_1_260' title='bbox 170 2860 284 2888; x_wconf 82' lang='lat' dir='ltr'><strong>tamen</strong></span> <span class='ocrx_word' id='word_1_261' title='bbox 301 2866 340 2889; x_wconf 82' lang='lat' dir='ltr'><strong>ac</strong></span> <span class='ocrx_word' id='word_1_262' title='bbox 354 2857 515 2898; x_wconf 81' lang='lat' dir='ltr'><strong>patellam</strong></span> <span class='ocrx_word' id='word_1_263' title='bbox 531 2856 679 2889; x_wconf 86' lang='lat' dir='ltr'><strong>Deorum</strong></span> <span class='ocrx_word' id='word_1_264' title='bbox 695 2865 738 2888; x_wconf 87' lang='lat' dir='ltr'><strong>ex</strong></span> <span class='ocrx_word' id='word_1_265' title='bbox 751 2864 869 2896; x_wconf 83' lang='lat' dir='ltr'><strong>argen-</strong></span> 
     </span>
    </p>
   </div>
   <div class='ocr_carea' id='block_1_5' title="bbox 1515 299 1627 343">
    <p class='ocr_par' dir='ltr' id='par_1_8' title="bbox 1515 299 1627 343">
     <span class='ocr_line' id='line_1_52' title="bbox 1515 299 1627 343; baseline 0.027 -3"><span class='ocrx_word' id='word_1_266' title='bbox 1515 299 1627 343; x_wconf 71' lang='lat'>1421</span> 
     </span>
    </p>
   </div>
   <div class='ocr_carea' id='block_1_6' title="bbox 919 396 1630 2895">
    <p class='ocr_par' dir='ltr' id='par_1_9' title="bbox 925 396 1630 631">
     <span class='ocr_line' id='line_1_53' title="bbox 930 396 1630 440; baseline 0.01 -12"><span class='ocrx_word' id='word_1_267' title='bbox 930 399 965 428; x_wconf 88' lang='lat' dir='ltr'><strong>to</strong></span> <span class='ocrx_word' id='word_1_268' title='bbox 981 396 1172 429; x_wconf 82' lang='lat' dir='ltr'><strong>habebant:</strong></span> <span class='ocrx_word' id='word_1_269' title='bbox 1196 397 1429 440; x_wconf 80' lang='lat' dir='ltr'><strong>libentiusque</strong></span> <span class='ocrx_word' id='word_1_270' title='bbox 1451 402 1572 439; x_wconf 88' lang='lat' dir='ltr'><strong>poculo</strong></span> <span class='ocrx_word' id='word_1_271' title='bbox 1594 407 1630 435; x_wconf 90' lang='lat' dir='ltr'><strong>et</strong></span> 
     </span>
     <span class='ocr_line' id='line_1_54' title="bbox 927 448 1629 489; baseline 0.009 -11"><span class='ocrx_word' id='word_1_272' title='bbox 927 448 1032 480; x_wconf 84' lang='lat' dir='ltr'><strong>salino</strong></span> <span class='ocrx_word' id='word_1_273' title='bbox 1049 457 1068 479; x_wconf 83' lang='lat' dir='ltr'><strong>a</strong></span> <span class='ocrx_word' id='word_1_274' title='bbox 1084 448 1284 489; x_wconf 82' lang='lat' dir='ltr'><strong>parentibus</strong></span> <span class='ocrx_word' id='word_1_275' title='bbox 1297 458 1359 489; x_wconf 91' lang='lat' dir='ltr'><strong>per</strong></span> <span class='ocrx_word' id='word_1_276' title='bbox 1371 458 1488 480; x_wconf 88' lang='lat' dir='ltr'><strong>manus</strong></span> <span class='ocrx_word' id='word_1_277' title='bbox 1502 452 1629 484; x_wconf 87' lang='lat' dir='ltr'><strong>tradito</strong></span> 
     </span>
     <span class='ocr_line' id='line_1_55' title="bbox 926 498 1629 532; baseline 0.006 -4"><span class='ocrx_word' id='word_1_278' title='bbox 926 498 1124 530; x_wconf 83' lang='lat' dir='ltr'><strong>utebantur.</strong></span> <span class='ocrx_word' id='word_1_279' title='bbox 1168 498 1346 530; x_wconf 84' lang='lat' dir='ltr'><strong>Turnebus</strong></span> <span class='ocrx_word' id='word_1_280' title='bbox 1377 507 1413 530; x_wconf 88' lang='lat' dir='ltr'><strong>x.</strong></span> <span class='ocrx_word' id='word_1_281' title='bbox 1447 502 1499 531; x_wconf 86' lang='grc'><strong>22.</strong></span> <span class='ocrx_word' id='word_1_282' title='bbox 1543 501 1629 532; x_wconf 82' lang='lat' dir='ltr'><strong>Salis</strong></span> 
     </span>
     <span class='ocr_line' id='line_1_56' title="bbox 925 548 1630 591; baseline 0.007 -13"><span class='ocrx_word' id='word_1_283' title='bbox 925 557 1006 589; x_wconf 83' lang='lat' dir='ltr'><strong>ergo</strong></span> <span class='ocrx_word' id='word_1_284' title='bbox 1022 549 1158 581; x_wconf 90' lang='lat' dir='ltr'><strong>nomine</strong></span> <span class='ocrx_word' id='word_1_285' title='bbox 1174 548 1341 591; x_wconf 84' lang='lat' dir='ltr'><strong>frugalem</strong></span> <span class='ocrx_word' id='word_1_286' title='bbox 1361 550 1486 582; x_wconf 82' lang='lat' dir='ltr'><strong>victum</strong></span> <span class='ocrx_word' id='word_1_287' title='bbox 1508 550 1630 584; x_wconf 81' lang='lat' dir='ltr'><strong>innuit.</strong></span> 
     </span>
     <span class='ocr_line' id='line_1_57' title="bbox 927 598 1072 631; baseline 0.014 -2"><span class='ocrx_word' id='word_1_288' title='bbox 927 598 1072 631; x_wconf 77' lang='lat' dir='ltr'><strong>Terreni.</strong></span> 
     </span>
    </p>

    <p class='ocr_par' dir='ltr' id='par_1_10' title="bbox 922 649 1629 782">
     <span class='ocr_line' id='line_1_58' title="bbox 967 649 1629 693; baseline 0.005 -13"><span class='ocrx_word' id='word_1_289' title='bbox 967 652 1006 680; x_wconf 87' lang='grc'><strong>15</strong></span> <span class='ocrx_word' id='word_1_290' title='bbox 1045 650 1163 689; x_wconf 81' lang='lat' dir='ltr'><strong>Timor,</strong></span> <span class='ocrx_word' id='word_1_291' title='bbox 1191 649 1262 690; x_wconf 73' lang='lat' dir='ltr'><strong>aue]</strong></span> <span class='ocrx_word' id='word_1_292' title='bbox 1302 651 1418 682; x_wconf 84' lang='lat' dir='ltr'><strong>Metus</strong></span> <span class='ocrx_word' id='word_1_293' title='bbox 1450 651 1629 693; x_wconf 88' lang='lat' dir='ltr'><strong>perdendi,</strong></span> 
     </span>
     <span class='ocr_line' id='line_1_59' title="bbox 924 699 1629 742; baseline 0.004 -12"><span class='ocrx_word' id='word_1_294' title='bbox 924 704 982 730; x_wconf 85' lang='lat' dir='ltr'><strong>aut</strong></span> <span class='ocrx_word' id='word_1_295' title='bbox 1007 699 1146 731; x_wconf 86' lang='lat' dir='ltr'><strong>sordida</strong></span> <span class='ocrx_word' id='word_1_296' title='bbox 1172 700 1345 741; x_wconf 85' lang='lat' dir='ltr'><strong>cupiditas</strong></span> <span class='ocrx_word' id='word_1_297' title='bbox 1371 706 1522 742; x_wconf 81' lang='lat' dir='ltr'><strong>quaestus</strong></span> <span class='ocrx_word' id='word_1_298' title='bbox 1545 700 1629 733; x_wconf 86' lang='lat' dir='ltr'><strong>faci-</strong></span> 
     </span>
     <span class='ocr_line' id='line_1_60' title="bbox 922 749 1013 782; baseline 0.022 -2"><span class='ocrx_word' id='word_1_299' title='bbox 922 749 1013 782; x_wconf 91' lang='lat' dir='ltr'><strong>endi.</strong></span> 
     </span>
    </p>

    <p class='ocr_par' dir='ltr' id='par_1_11' title="bbox 919 800 1630 1396">
     <span class='ocr_line' id='line_1_61' title="bbox 966 800 1629 843; baseline 0.005 -12"><span class='ocrx_word' id='word_1_300' title='bbox 966 803 1006 831; x_wconf 90' lang='grc'><strong>17</strong></span> <span class='ocrx_word' id='word_1_301' title='bbox 1032 800 1117 837; x_wconf 80' lang='lat' dir='ltr'><strong>Quid</strong></span> <span class='ocrx_word' id='word_1_302' title='bbox 1131 800 1216 833; x_wconf 77' lang='lat' dir='ltr'><strong>brevi</strong></span> <span class='ocrx_word' id='word_1_303' title='bbox 1223 800 1344 843; x_wconf 77' lang='lat' dir='ltr'><strong>fortes]</strong></span> <span class='ocrx_word' id='word_1_304' title='bbox 1366 802 1453 834; x_wconf 86' lang='lat' dir='ltr'><strong>Tale</strong></span> <span class='ocrx_word' id='word_1_305' title='bbox 1467 801 1547 833; x_wconf 89' lang='lat' dir='ltr'><strong>illud</strong></span> <span class='ocrx_word' id='word_1_306' title='bbox 1559 802 1629 835; x_wconf 83' lang='lat' dir='ltr'><strong>fer-</strong></span> 
     </span>
     <span class='ocr_line' id='line_1_62' title="bbox 923 851 1627 894; baseline 0.006 -12"><span class='ocrx_word' id='word_1_307' title='bbox 923 860 977 882; x_wconf 90' lang='lat' dir='ltr'><strong>me</strong></span> <span class='ocrx_word' id='word_1_308' title='bbox 993 860 1019 883; x_wconf 82' lang='lat'><strong>1.</strong></span> <span class='ocrx_word' id='word_1_309' title='bbox 1037 851 1105 884; x_wconf 89' lang='lat' dir='ltr'><strong>Od.</strong></span> <span class='ocrx_word' id='word_1_310' title='bbox 1122 854 1174 883; x_wconf 86' lang='lat' dir='ltr'><strong>ll.</strong></span> <span class='ocrx_word' id='word_1_311' title='bbox 1198 853 1208 870; x_wconf 81' lang='lat'><strong>⁴</strong></span> <span class='ocrx_word' id='word_1_312' title='bbox 1223 853 1269 884; x_wconf 90' lang='lat' dir='ltr'><strong>Et</strong></span> <span class='ocrx_word' id='word_1_313' title='bbox 1281 853 1395 893; x_wconf 80' lang='lat' dir='ltr'><strong>spatio</strong></span> <span class='ocrx_word' id='word_1_314' title='bbox 1411 853 1508 889; x_wconf 70' lang='lat' dir='ltr'><strong>brevi</strong></span> <span class='ocrx_word' id='word_1_315' title='bbox 1525 853 1627 894; x_wconf 84' lang='lat' dir='ltr'><strong>Spem</strong></span> 
     </span>
     <span class='ocr_line' id='line_1_63' title="bbox 925 901 1629 942; baseline 0.007 -11"><span class='ocrx_word' id='word_1_316' title='bbox 925 901 1061 942; x_wconf 89' lang='lat' dir='ltr'><strong>longam</strong></span> <span class='ocrx_word' id='word_1_317' title='bbox 1078 902 1235 935; x_wconf 86' lang='lat' dir='ltr'><strong>reseces.’</strong></span> <span class='ocrx_word' id='word_1_318' title='bbox 1279 903 1388 936; x_wconf 87' lang='lat' dir='ltr'><strong>Vetat</strong></span> <span class='ocrx_word' id='word_1_319' title='bbox 1405 904 1494 935; x_wconf 89' lang='lat' dir='ltr'><strong>enim</strong></span> <span class='ocrx_word' id='word_1_320' title='bbox 1517 904 1629 936; x_wconf 76' lang='lat' dir='ltr'><strong>Poeta</strong></span> 
     </span>
     <span class='ocr_line' id='line_1_64' title="bbox 926 953 1629 993; baseline 0.004 -11"><span class='ocrx_word' id='word_1_321' title='bbox 926 955 996 983; x_wconf 86' lang='lat' dir='ltr'><strong>tam</strong></span> <span class='ocrx_word' id='word_1_322' title='bbox 1020 957 1164 993; x_wconf 85' lang='lat' dir='ltr'><strong>angusto</strong></span> <span class='ocrx_word' id='word_1_323' title='bbox 1186 953 1365 985; x_wconf 90' lang='lat' dir='ltr'><strong>conclusos</strong></span> <span class='ocrx_word' id='word_1_324' title='bbox 1390 953 1540 986; x_wconf 89' lang='lat' dir='ltr'><strong>melioris</strong></span> <span class='ocrx_word' id='word_1_325' title='bbox 1564 955 1629 986; x_wconf 83' lang='lat' dir='ltr'><strong>aevi</strong></span> 
     </span>
     <span class='ocr_line' id='line_1_65' title="bbox 925 1003 1628 1047; baseline 0.004 -14"><span class='ocrx_word' id='word_1_326' title='bbox 925 1003 1036 1044; x_wconf 86' lang='lat' dir='ltr'><strong>spatio</strong></span> <span class='ocrx_word' id='word_1_327' title='bbox 1054 1004 1161 1035; x_wconf 88' lang='lat' dir='ltr'><strong>multa</strong></span> <span class='ocrx_word' id='word_1_328' title='bbox 1175 1010 1355 1046; x_wconf 88' lang='lat' dir='ltr'><strong>appetere,</strong></span> <span class='ocrx_word' id='word_1_329' title='bbox 1366 1014 1443 1047; x_wconf 84' lang='lat' dir='ltr'><strong>quae</strong></span> <span class='ocrx_word' id='word_1_330' title='bbox 1457 1003 1628 1036; x_wconf 86' lang='lat' dir='ltr'><strong>feliciores</strong></span> 
     </span>
     <span class='ocr_line' id='line_1_66' title="bbox 923 1053 1629 1096; baseline 0.004 -12"><span class='ocrx_word' id='word_1_331' title='bbox 923 1062 985 1085; x_wconf 88' lang='lat' dir='ltr'><strong>nos</strong></span> <span class='ocrx_word' id='word_1_332' title='bbox 1001 1053 1138 1086; x_wconf 86' lang='lat' dir='ltr'><strong>efficere</strong></span> <span class='ocrx_word' id='word_1_333' title='bbox 1155 1060 1340 1096; x_wconf 88' lang='lat' dir='ltr'><strong>nequeant.</strong></span> <span class='ocrx_word' id='word_1_334' title='bbox 1384 1056 1531 1087; x_wconf 79' lang='lat' dir='ltr'><strong>Jaculari</strong></span> <span class='ocrx_word' id='word_1_335' title='bbox 1546 1065 1629 1096; x_wconf 85' lang='lat' dir='ltr'><strong>ergo</strong></span> 
     </span>
     <span class='ocr_line' id='line_1_67' title="bbox 924 1106 1629 1147; baseline 0.001 -11"><span class='ocrx_word' id='word_1_336' title='bbox 924 1107 1151 1145; x_wconf 78' lang='grc' dir='ltr'>μεταφορικῶς,</span> <span class='ocrx_word' id='word_1_337' title='bbox 1168 1115 1230 1146; x_wconf 87' lang='lat' dir='ltr'><strong>pro</strong></span> <span class='ocrx_word' id='word_1_338' title='bbox 1251 1106 1385 1137; x_wconf 91' lang='lat' dir='ltr'><strong>intento</strong></span> <span class='ocrx_word' id='word_1_339' title='bbox 1404 1106 1531 1147; x_wconf 87' lang='lat' dir='ltr'><strong>aliquid</strong></span> <span class='ocrx_word' id='word_1_340' title='bbox 1557 1107 1629 1137; x_wconf 86' lang='lat' dir='ltr'><strong>ani-</strong></span> 
     </span>
     <span class='ocr_line' id='line_1_68' title="bbox 925 1155 1629 1198; baseline 0.003 -13"><span class='ocrx_word' id='word_1_341' title='bbox 925 1163 980 1185; x_wconf 91' lang='lat' dir='ltr'><strong>mo</strong></span> <span class='ocrx_word' id='word_1_342' title='bbox 991 1160 1123 1195; x_wconf 85' lang='lat' dir='ltr'><strong>petere.</strong></span> <span class='ocrx_word' id='word_1_343' title='bbox 1143 1155 1285 1186; x_wconf 70' lang='lat' dir='ltr'><strong>Torreat.</strong></span> <span class='ocrx_word' id='word_1_344' title='bbox 1318 1155 1404 1191; x_wconf 81' lang='lat' dir='ltr'><strong>Quid</strong></span> <span class='ocrx_word' id='word_1_345' title='bbox 1415 1155 1629 1198; x_wconf 74' lang='lat' dir='ltr'><strong>brevifortes]</strong></span> 
     </span>
     <span class='ocr_line' id='line_1_69' title="bbox 926 1205 1630 1246; baseline 0 -8"><span class='ocrx_word' id='word_1_346' title='bbox 926 1205 1095 1238; x_wconf 80' lang='lat' dir='ltr'><strong>Quorsum</strong></span> <span class='ocrx_word' id='word_1_347' title='bbox 1111 1215 1171 1237; x_wconf 90' lang='lat' dir='ltr'><strong>nos</strong></span> <span class='ocrx_word' id='word_1_348' title='bbox 1194 1206 1317 1246; x_wconf 82' lang='lat' dir='ltr'><strong>exiguo</strong></span> <span class='ocrx_word' id='word_1_349' title='bbox 1333 1210 1489 1246; x_wconf 88' lang='lat' dir='ltr'><strong>tempore</strong></span> <span class='ocrx_word' id='word_1_350' title='bbox 1507 1206 1630 1238; x_wconf 84' lang='lat' dir='ltr'><strong>victuri</strong></span> 
     </span>
     <span class='ocr_line' id='line_1_70' title="bbox 926 1255 1630 1296; baseline 0.003 -10"><span class='ocrx_word' id='word_1_351' title='bbox 926 1255 1033 1287; x_wconf 78' lang='lat' dir='ltr'><strong>multa</strong></span> <span class='ocrx_word' id='word_1_352' title='bbox 1048 1255 1303 1287; x_wconf 84' lang='lat' dir='ltr'><strong>desideramus?</strong></span> <span class='ocrx_word' id='word_1_353' title='bbox 1335 1255 1536 1296; x_wconf 78' lang='lat' dir='ltr'><strong>Jaculamur]</strong></span> <span class='ocrx_word' id='word_1_354' title='bbox 1559 1256 1630 1288; x_wconf 91' lang='lat' dir='ltr'><strong>Cur</strong></span> 
     </span>
     <span class='ocr_line' id='line_1_71' title="bbox 919 1305 1628 1346; baseline 0.001 -10"><span class='ocrx_word' id='word_1_355' title='bbox 919 1305 1125 1346; x_wconf 88' lang='lat' dir='ltr'><strong>jaculamur,</strong></span> <span class='ocrx_word' id='word_1_356' title='bbox 1155 1309 1192 1337; x_wconf 88' lang='lat' dir='ltr'><strong>et</strong></span> <span class='ocrx_word' id='word_1_357' title='bbox 1215 1305 1357 1346; x_wconf 84' lang='lat' dir='ltr'><strong>sagittas</strong></span> <span class='ocrx_word' id='word_1_358' title='bbox 1387 1305 1563 1346; x_wconf 84' lang='lat' dir='ltr'><strong>dirigimus</strong></span> <span class='ocrx_word' id='word_1_359' title='bbox 1586 1307 1628 1338; x_wconf 89' lang='lat' dir='ltr'><strong>ad</strong></span> 
     </span>
     <span class='ocr_line' id='line_1_72' title="bbox 924 1355 1564 1396; baseline 0.003 -11"><span class='ocrx_word' id='word_1_360' title='bbox 924 1355 1044 1393; x_wconf 86' lang='lat' dir='ltr'><strong>multa,</strong></span> <span class='ocrx_word' id='word_1_361' title='bbox 1061 1355 1095 1386; x_wconf 90' lang='lat' dir='ltr'><strong>id</strong></span> <span class='ocrx_word' id='word_1_362' title='bbox 1110 1359 1177 1394; x_wconf 85' lang='lat' dir='ltr'><strong>est,</strong></span> <span class='ocrx_word' id='word_1_363' title='bbox 1192 1364 1254 1386; x_wconf 83' lang='lat' dir='ltr'><strong>cur</strong></span> <span class='ocrx_word' id='word_1_364' title='bbox 1269 1355 1376 1386; x_wconf 84' lang='lat' dir='ltr'><strong>multa</strong></span> <span class='ocrx_word' id='word_1_365' title='bbox 1391 1355 1564 1396; x_wconf 85' lang='lat' dir='ltr'><strong>petimus?</strong></span> 
     </span>
    </p>

    <p class='ocr_par' dir='ltr' id='par_1_12' title="bbox 925 1404 1629 1689">
     <span class='ocr_line' id='line_1_73' title="bbox 969 1404 1628 1446; baseline 0.005 -12"><span class='ocrx_word' id='word_1_366' title='bbox 969 1406 1010 1435; x_wconf 92' lang='lat'><strong>18</strong></span> <span class='ocrx_word' id='word_1_367' title='bbox 1034 1404 1120 1439; x_wconf 85' lang='lat' dir='ltr'><strong>Quid</strong></span> <span class='ocrx_word' id='word_1_368' title='bbox 1141 1405 1260 1446; x_wconf 73' lang='lat' dir='ltr'><strong>terras]</strong></span> <span class='ocrx_word' id='word_1_369' title='bbox 1288 1405 1457 1437; x_wconf 74' lang='lat' dir='ltr'><strong>Quorsum</strong></span> <span class='ocrx_word' id='word_1_370' title='bbox 1475 1405 1628 1446; x_wconf 87' lang='lat' dir='ltr'><strong>proficis-</strong></span> 
     </span>
     <span class='ocr_line' id='line_1_74' title="bbox 925 1455 1629 1496; baseline 0.001 -10"><span class='ocrx_word' id='word_1_371' title='bbox 925 1455 1034 1486; x_wconf 87' lang='lat' dir='ltr'><strong>cimur</strong></span> <span class='ocrx_word' id='word_1_372' title='bbox 1049 1455 1082 1486; x_wconf 91' lang='lat' dir='ltr'><strong>in</strong></span> <span class='ocrx_word' id='word_1_373' title='bbox 1095 1459 1205 1486; x_wconf 88' lang='lat' dir='ltr'><strong>terras</strong></span> <span class='ocrx_word' id='word_1_374' title='bbox 1221 1455 1435 1496; x_wconf 84' lang='lat' dir='ltr'><strong>longinquas,</strong></span> <span class='ocrx_word' id='word_1_375' title='bbox 1449 1456 1561 1496; x_wconf 81' lang='lat' dir='ltr'><strong>patria</strong></span> <span class='ocrx_word' id='word_1_376' title='bbox 1578 1465 1629 1487; x_wconf 89' lang='lat' dir='ltr'><strong>re-</strong></span> 
     </span>
     <span class='ocr_line' id='line_1_75' title="bbox 925 1505 1629 1546; baseline 0.001 -9"><span class='ocrx_word' id='word_1_377' title='bbox 925 1506 1029 1538; x_wconf 88' lang='lat' dir='ltr'><strong>licta?</strong></span> <span class='ocrx_word' id='word_1_378' title='bbox 1077 1506 1190 1538; x_wconf 75' lang='lat' dir='ltr'><strong>Terras</strong></span> <span class='ocrx_word' id='word_1_379' title='bbox 1208 1506 1270 1537; x_wconf 82' lang='lat' dir='ltr'><strong>ulio</strong></span> <span class='ocrx_word' id='word_1_380' title='bbox 1292 1507 1427 1537; x_wconf 77' lang='lat' dir='ltr'><strong>calentes</strong></span> <span class='ocrx_word' id='word_1_381' title='bbox 1442 1505 1529 1546; x_wconf 85' lang='lat' dir='ltr'><strong>Sole]</strong></span> <span class='ocrx_word' id='word_1_382' title='bbox 1560 1507 1629 1538; x_wconf 84' lang='lat' dir='ltr'><strong>Ex-</strong></span> 
     </span>
     <span class='ocr_line' id='line_1_76' title="bbox 925 1556 1629 1597; baseline 0 -9"><span class='ocrx_word' id='word_1_383' title='bbox 925 1556 1092 1597; x_wconf 86' lang='lat' dir='ltr'><strong>pressisse</strong></span> <span class='ocrx_word' id='word_1_384' title='bbox 1110 1556 1246 1588; x_wconf 88' lang='lat' dir='ltr'><strong>videtur</strong></span> <span class='ocrx_word' id='word_1_385' title='bbox 1267 1556 1468 1587; x_wconf 82' lang='lat' dir='ltr'><strong>Graecorum</strong></span> <span class='ocrx_word' id='word_1_386' title='bbox 1489 1565 1629 1596; x_wconf 86' lang='lat' dir='ltr'><strong>prover-</strong></span> 
     </span>
     <span class='ocr_line' id='line_1_77' title="bbox 925 1604 1629 1647; baseline -0.001 -9"><span class='ocrx_word' id='word_1_387' title='bbox 925 1606 1030 1647; x_wconf 83' lang='lat' dir='ltr'><strong>bium,</strong></span> <span class='ocrx_word' id='word_1_388' title='bbox 1044 1607 1106 1646; x_wconf 83' lang='grc' dir='ltr'><strong>-γῆν</strong></span> <span class='ocrx_word' id='word_1_389' title='bbox 1120 1605 1180 1646; x_wconf 74' lang='grc' dir='ltr'><strong>πρὸ</strong></span> <span class='ocrx_word' id='word_1_390' title='bbox 1191 1606 1252 1646; x_wconf 76' lang='grc' dir='ltr'><strong><em>’γῆς</em></strong></span> <span class='ocrx_word' id='word_1_391' title='bbox 1264 1604 1444 1645; x_wconf 81' lang='grc' dir='ltr'>ἐλαύνομαι.</span> <span class='ocrx_word' id='word_1_392' title='bbox 1478 1606 1629 1638; x_wconf 78' lang='lat' dir='ltr'><strong>Erasmus</strong></span> 
     </span>
     <span class='ocr_line' id='line_1_78' title="bbox 927 1657 1064 1689; baseline 0.007 -1"><span class='ocrx_word' id='word_1_393' title='bbox 927 1657 1064 1689; x_wconf 69' lang='lat' dir='ltr'><strong>Chiliad.</strong></span> 
     </span>
    </p>

    <p class='ocr_par' dir='ltr' id='par_1_13' title="bbox 921 1705 1630 2390">
     <span class='ocr_line' id='line_1_79' title="bbox 967 1705 1628 1747; baseline -0.003 -8"><span class='ocrx_word' id='word_1_394' title='bbox 967 1710 1010 1739; x_wconf 82' lang='lat'><strong>19</strong></span> <span class='ocrx_word' id='word_1_395' title='bbox 1042 1707 1168 1738; x_wconf 80' lang='lat' dir='ltr'><strong>Patrioe</strong></span> <span class='ocrx_word' id='word_1_396' title='bbox 1204 1707 1274 1747; x_wconf 81' lang='lat' dir='ltr'><strong>quis</strong></span> <span class='ocrx_word' id='word_1_397' title='bbox 1307 1705 1394 1745; x_wconf 82' lang='lat' dir='ltr'><strong>exul]</strong></span> <span class='ocrx_word' id='word_1_398' title='bbox 1440 1705 1628 1737; x_wconf 77' lang='lat' dir='ltr'><strong>venustius</strong></span> 
     </span>
     <span class='ocr_line' id='line_1_80' title="bbox 927 1754 1628 1798; baseline -0.003 -10"><span class='ocrx_word' id='word_1_399' title='bbox 927 1757 1075 1798; x_wconf 87' lang='lat' dir='ltr'><strong>quidem,</strong></span> <span class='ocrx_word' id='word_1_400' title='bbox 1091 1757 1134 1788; x_wconf 91' lang='lat' dir='ltr'><strong>ob</strong></span> <span class='ocrx_word' id='word_1_401' title='bbox 1149 1754 1391 1796; x_wconf 79' lang='grc' dir='ltr'>παρονομασίαν,</span> <span class='ocrx_word' id='word_1_402' title='bbox 1414 1754 1538 1785; x_wconf 85' lang='lat' dir='ltr'><strong>Graece</strong></span> <span class='ocrx_word' id='word_1_403' title='bbox 1563 1755 1628 1786; x_wconf 84' lang='lat' dir='ltr'><strong>hoc</strong></span> 
     </span>
     <span class='ocr_line' id='line_1_81' title="bbox 926 1803 1630 1847; baseline -0.001 -10"><span class='ocrx_word' id='word_1_404' title='bbox 926 1806 1148 1847; x_wconf 85' lang='lat' dir='ltr'><strong>exprimitur:</strong></span> <span class='ocrx_word' id='word_1_405' title='bbox 1182 1804 1235 1836; x_wconf 78' lang='grc' dir='ltr'><strong>Τίς</strong></span> <span class='ocrx_word' id='word_1_406' title='bbox 1248 1805 1395 1845; x_wconf 80' lang='grc' dir='ltr'><strong><em>πατρίδος</em></strong></span> <span class='ocrx_word' id='word_1_407' title='bbox 1405 1803 1509 1844; x_wconf 75' lang='grc' dir='ltr'><strong><em>φυγὰς</em></strong></span> <span class='ocrx_word' id='word_1_408' title='bbox 1523 1803 1566 1834; x_wconf 72' lang='grc' dir='ltr'><strong>ὢν</strong></span> <span class='ocrx_word' id='word_1_409' title='bbox 1578 1804 1630 1836; x_wconf 77' lang='grc' dir='ltr'><strong>καὶ</strong></span> 
     </span>
     <span class='ocr_line' id='line_1_82' title="bbox 926 1855 1628 1896; baseline 0 -10"><span class='ocrx_word' id='word_1_410' title='bbox 926 1855 1043 1887; x_wconf 81' lang='grc' dir='ltr'>σαυτὸν</span> <span class='ocrx_word' id='word_1_411' title='bbox 1073 1855 1194 1896; x_wconf 80' lang='grc' dir='ltr'><strong>ἔφινγε;</strong></span> <span class='ocrx_word' id='word_1_412' title='bbox 1229 1856 1288 1887; x_wconf 86' lang='lat' dir='ltr'><strong>sed</strong></span> <span class='ocrx_word' id='word_1_413' title='bbox 1317 1861 1431 1886; x_wconf 85' lang='lat' dir='ltr'><strong>tamen</strong></span> <span class='ocrx_word' id='word_1_414' title='bbox 1456 1861 1491 1886; x_wconf 87' lang='lat' dir='ltr'><strong>et</strong></span> <span class='ocrx_word' id='word_1_415' title='bbox 1514 1856 1628 1887; x_wconf 87' lang='lat' dir='ltr'><strong>Latini</strong></span> 
     </span>
     <span class='ocr_line' id='line_1_83' title="bbox 924 1905 1628 1947; baseline -0.001 -9"><span class='ocrx_word' id='word_1_416' title='bbox 924 1905 1089 1947; x_wconf 87' lang='lat' dir='ltr'><strong>‘fugere&#39;</strong></span> <span class='ocrx_word' id='word_1_417' title='bbox 1113 1915 1176 1947; x_wconf 91' lang='lat' dir='ltr'><strong>pro</strong></span> <span class='ocrx_word' id='word_1_418' title='bbox 1201 1905 1235 1936; x_wconf 93' lang='lat' dir='ltr'><strong>in</strong></span> <span class='ocrx_word' id='word_1_419' title='bbox 1256 1905 1395 1936; x_wconf 86' lang='lat' dir='ltr'><strong>exilium</strong></span> <span class='ocrx_word' id='word_1_420' title='bbox 1412 1905 1473 1943; x_wconf 79' lang='lat' dir='ltr'><strong>ire,</strong></span> <span class='ocrx_word' id='word_1_421' title='bbox 1496 1909 1532 1936; x_wconf 90' lang='lat' dir='ltr'><strong>et</strong></span> <span class='ocrx_word' id='word_1_422' title='bbox 1554 1905 1628 1937; x_wconf 86' lang='lat' dir='ltr'><strong>‘fu-</strong></span> 
     </span>
     <span class='ocr_line' id='line_1_84' title="bbox 925 1955 1627 1998; baseline 0 -10"><span class='ocrx_word' id='word_1_423' title='bbox 925 1955 1022 1998; x_wconf 85' lang='lat' dir='ltr'><strong>gam&#39;</strong></span> <span class='ocrx_word' id='word_1_424' title='bbox 1052 1965 1116 1997; x_wconf 89' lang='lat' dir='ltr'><strong>pro</strong></span> <span class='ocrx_word' id='word_1_425' title='bbox 1138 1955 1239 1988; x_wconf 84' lang='lat' dir='ltr'><strong>exilio</strong></span> <span class='ocrx_word' id='word_1_426' title='bbox 1262 1955 1393 1986; x_wconf 86' lang='lat' dir='ltr'><strong>dixere.</strong></span> <span class='ocrx_word' id='word_1_427' title='bbox 1439 1955 1484 1986; x_wconf 89' lang='lat' dir='ltr'><strong>Et</strong></span> <span class='ocrx_word' id='word_1_428' title='bbox 1507 1956 1627 1996; x_wconf 86' lang='lat' dir='ltr'><strong>pulcre</strong></span> 
     </span>
     <span class='ocr_line' id='line_1_85' title="bbox 922 2004 1627 2046; baseline -0.001 -8"><span class='ocrx_word' id='word_1_429' title='bbox 922 2006 1057 2038; x_wconf 81' lang='lat' dir='ltr'><strong>Seneca</strong></span> <span class='ocrx_word' id='word_1_430' title='bbox 1086 2006 1128 2037; x_wconf 90' lang='lat' dir='ltr'><strong>de</strong></span> <span class='ocrx_word' id='word_1_431' title='bbox 1157 2006 1287 2046; x_wconf 83' lang='lat' dir='ltr'><strong>Tranq.</strong></span> <span class='ocrx_word' id='word_1_432' title='bbox 1320 2005 1422 2036; x_wconf 81' lang='lat' dir='ltr'><strong>vitae:</strong></span> <span class='ocrx_word' id='word_1_433' title='bbox 1460 2005 1470 2022; x_wconf 86' lang='lat'>‘</span> <span class='ocrx_word' id='word_1_434' title='bbox 1488 2004 1564 2037; x_wconf 87' lang='lat' dir='ltr'><strong>Hoc</strong></span> <span class='ocrx_word' id='word_1_435' title='bbox 1592 2015 1627 2037; x_wconf 85' lang='lat' dir='ltr'><strong>se</strong></span> 
     </span>
     <span class='ocr_line' id='line_1_86' title="bbox 921 2054 1627 2098; baseline 0.001 -11"><span class='ocrx_word' id='word_1_436' title='bbox 921 2057 1066 2098; x_wconf 90' lang='lat' dir='ltr'><strong>quisque</strong></span> <span class='ocrx_word' id='word_1_437' title='bbox 1104 2055 1205 2087; x_wconf 91' lang='lat' dir='ltr'><strong>modo</strong></span> <span class='ocrx_word' id='word_1_438' title='bbox 1240 2064 1378 2096; x_wconf 89' lang='lat' dir='ltr'><strong>semper</strong></span> <span class='ocrx_word' id='word_1_439' title='bbox 1411 2054 1514 2096; x_wconf 80' lang='lat' dir='ltr'><strong>fugit.</strong></span> <span class='ocrx_word' id='word_1_440' title='bbox 1559 2057 1627 2088; x_wconf 89' lang='lat' dir='ltr'><strong>Sed</strong></span> 
     </span>
     <span class='ocr_line' id='line_1_87' title="bbox 924 2102 1628 2149; baseline -0.006 -10"><span class='ocrx_word' id='word_1_441' title='bbox 924 2107 1006 2149; x_wconf 91' lang='lat' dir='ltr'><strong>quid</strong></span> <span class='ocrx_word' id='word_1_442' title='bbox 1021 2106 1173 2147; x_wconf 72' lang='lat' dir='ltr'><strong>prodest,</strong></span> <span class='ocrx_word' id='word_1_443' title='bbox 1191 2105 1220 2136; x_wconf 83' lang='lat' dir='ltr'><strong>si</strong></span> <span class='ocrx_word' id='word_1_444' title='bbox 1243 2114 1311 2136; x_wconf 91' lang='lat' dir='ltr'><strong>non</strong></span> <span class='ocrx_word' id='word_1_445' title='bbox 1337 2102 1477 2144; x_wconf 84' lang='lat' dir='ltr'><strong>effugit?</strong></span> <span class='ocrx_word' id='word_1_446' title='bbox 1507 2105 1628 2146; x_wconf 88' lang='lat' dir='ltr'><strong>Sequi-</strong></span> 
     </span>
     <span class='ocr_line' id='line_1_88' title="bbox 923 2154 1626 2197; baseline -0.001 -9"><span class='ocrx_word' id='word_1_447' title='bbox 923 2161 980 2188; x_wconf 91' lang='lat' dir='ltr'><strong>tur</strong></span> <span class='ocrx_word' id='word_1_448' title='bbox 1005 2156 1194 2197; x_wconf 56' lang='lat' dir='ltr'><strong>sea-ipsum,</strong></span> <span class='ocrx_word' id='word_1_449' title='bbox 1219 2159 1255 2186; x_wconf 90' lang='lat' dir='ltr'><strong>et</strong></span> <span class='ocrx_word' id='word_1_450' title='bbox 1283 2159 1383 2195; x_wconf 83' lang='lat' dir='ltr'><strong>urget</strong></span> <span class='ocrx_word' id='word_1_451' title='bbox 1406 2154 1626 2194; x_wconf 88' lang='lat' dir='ltr'><strong>gravissimus</strong></span> 
     </span>
     <span class='ocr_line' id='line_1_89' title="bbox 922 2204 1626 2245; baseline -0.006 -6"><span class='ocrx_word' id='word_1_452' title='bbox 922 2205 1058 2238; x_wconf 88' lang='lat' dir='ltr'><strong>comes.’</strong></span> <span class='ocrx_word' id='word_1_453' title='bbox 1097 2206 1239 2237; x_wconf 78' lang='lat' dir='ltr'><strong>Torrent.</strong></span> <span class='ocrx_word' id='word_1_454' title='bbox 1297 2204 1422 2236; x_wconf 79' lang='lat' dir='ltr'><strong>Patriae</strong></span> <span class='ocrx_word' id='word_1_455' title='bbox 1446 2204 1517 2245; x_wconf 79' lang='lat' dir='ltr'><strong>quis</strong></span> <span class='ocrx_word' id='word_1_456' title='bbox 1537 2204 1626 2244; x_wconf 80' lang='lat' dir='ltr'><strong>exul]</strong></span> 
     </span>
     <span class='ocr_line' id='line_1_90' title="bbox 923 2254 1625 2297; baseline -0.003 -10"><span class='ocrx_word' id='word_1_457' title='bbox 923 2256 1008 2291; x_wconf 82' lang='lat' dir='ltr'><strong>Quis</strong></span> <span class='ocrx_word' id='word_1_458' title='bbox 1021 2255 1142 2297; x_wconf 71' lang='lat' dir='ltr'><strong>patrias</strong></span> <span class='ocrx_word' id='word_1_459' title='bbox 1156 2254 1387 2290; x_wconf 89' lang='lat' dir='ltr'><strong>dulcedinem,</strong></span> <span class='ocrx_word' id='word_1_460' title='bbox 1402 2259 1439 2286; x_wconf 88' lang='lat' dir='ltr'><strong>et</strong></span> <span class='ocrx_word' id='word_1_461' title='bbox 1450 2264 1500 2294; x_wconf 87' lang='lat' dir='ltr'><strong>se,</strong></span> <span class='ocrx_word' id='word_1_462' title='bbox 1515 2254 1549 2285; x_wconf 94' lang='lat' dir='ltr'><strong>id</strong></span> <span class='ocrx_word' id='word_1_463' title='bbox 1560 2260 1625 2295; x_wconf 86' lang='lat' dir='ltr'><strong>est,</strong></span> 
     </span>
     <span class='ocr_line' id='line_1_91' title="bbox 923 2305 1626 2346; baseline -0.003 -8"><span class='ocrx_word' id='word_1_464' title='bbox 923 2316 1001 2339; x_wconf 85' lang='lat' dir='ltr'><strong>suos</strong></span> <span class='ocrx_word' id='word_1_465' title='bbox 1014 2305 1158 2338; x_wconf 86' lang='lat' dir='ltr'><strong>affectus</strong></span> <span class='ocrx_word' id='word_1_466' title='bbox 1168 2310 1203 2337; x_wconf 85' lang='lat' dir='ltr'><strong>et</strong></span> <span class='ocrx_word' id='word_1_467' title='bbox 1214 2310 1342 2337; x_wconf 79' lang='lat' dir='ltr'><strong>naturae</strong></span> <span class='ocrx_word' id='word_1_468' title='bbox 1352 2305 1626 2346; x_wconf 80' lang='lat' dir='ltr'><strong>propensionem,</strong></span> 
     </span>
     <span class='ocr_line' id='line_1_92' title="bbox 922 2358 1162 2390; baseline -0.008 0"><span class='ocrx_word' id='word_1_469' title='bbox 922 2358 1162 2390; x_wconf 86' lang='lat' dir='ltr'><strong>obliviscitur?</strong></span> 
     </span>
    </p>

    <p class='ocr_par' dir='ltr' id='par_1_14' title="bbox 924 2405 1625 2490">
     <span class='ocr_line' id='line_1_93' title="bbox 965 2405 1625 2446; baseline -0.003 -7"><span class='ocrx_word' id='word_1_470' title='bbox 965 2411 1006 2440; x_wconf 82' lang='lat'><strong>21</strong></span> <span class='ocrx_word' id='word_1_471' title='bbox 1031 2409 1164 2439; x_wconf 80' lang='lat' dir='ltr'><strong>AEratus</strong></span> <span class='ocrx_word' id='word_1_472' title='bbox 1177 2405 1306 2446; x_wconf 82' lang='lat' dir='ltr'><strong>vitiosa]</strong></span> <span class='ocrx_word' id='word_1_473' title='bbox 1332 2406 1448 2438; x_wconf 87' lang='lat' dir='ltr'><strong>Naves</strong></span> <span class='ocrx_word' id='word_1_474' title='bbox 1464 2410 1625 2438; x_wconf 86' lang='lat' dir='ltr'><strong>rostratas</strong></span> 
     </span>
     <span class='ocr_line' id='line_1_94' title="bbox 924 2458 1146 2490; baseline -0.009 0"><span class='ocrx_word' id='word_1_475' title='bbox 924 2462 961 2490; x_wconf 86' lang='lat' dir='ltr'><strong>et</strong></span> <span class='ocrx_word' id='word_1_476' title='bbox 978 2458 1146 2489; x_wconf 88' lang='lat' dir='ltr'><strong>robustas.</strong></span> 
     </span>
    </p>

    <p class='ocr_par' dir='ltr' id='par_1_15' title="bbox 924 2504 1627 2736">
     <span class='ocr_line' id='line_1_95' title="bbox 968 2504 1626 2547; baseline -0.005 -9"><span class='ocrx_word' id='word_1_477' title='bbox 968 2509 1010 2538; x_wconf 81' lang='grc'><strong>23</strong></span> <span class='ocrx_word' id='word_1_478' title='bbox 1036 2507 1141 2547; x_wconf 83' lang='lat' dir='ltr'><strong>Ocyor</strong></span> <span class='ocrx_word' id='word_1_479' title='bbox 1154 2507 1265 2542; x_wconf 76' lang='lat' dir='ltr'><strong>cervis,</strong></span> <span class='ocrx_word' id='word_1_480' title='bbox 1279 2509 1311 2536; x_wconf 81' lang='lat' dir='ltr'><strong>et</strong></span> <span class='ocrx_word' id='word_1_481' title='bbox 1321 2504 1448 2544; x_wconf 78' lang='lat' dir='ltr'><strong>agente]</strong></span> <span class='ocrx_word' id='word_1_482' title='bbox 1472 2505 1555 2536; x_wconf 89' lang='lat' dir='ltr'><strong>Cum</strong></span> <span class='ocrx_word' id='word_1_483' title='bbox 1573 2509 1626 2536; x_wconf 88' lang='lat' dir='ltr'><strong>est</strong></span> 
     </span>
     <span class='ocr_line' id='line_1_96' title="bbox 926 2554 1627 2596; baseline -0.007 -8"><span class='ocrx_word' id='word_1_484' title='bbox 926 2557 1076 2588; x_wconf 85' lang='lat' dir='ltr'><strong>velocior</strong></span> <span class='ocrx_word' id='word_1_485' title='bbox 1098 2557 1222 2596; x_wconf 86' lang='lat' dir='ltr'><strong>cervis,</strong></span> <span class='ocrx_word' id='word_1_486' title='bbox 1246 2560 1282 2586; x_wconf 94' lang='lat' dir='ltr'><strong>et</strong></span> <span class='ocrx_word' id='word_1_487' title='bbox 1311 2555 1394 2595; x_wconf 84' lang='lat' dir='ltr'><strong>ipsis</strong></span> <span class='ocrx_word' id='word_1_488' title='bbox 1420 2554 1543 2594; x_wconf 86' lang='lat' dir='ltr'><strong>ventis,</strong></span> <span class='ocrx_word' id='word_1_489' title='bbox 1570 2554 1627 2594; x_wconf 90' lang='lat' dir='ltr'><strong>qui</strong></span> 
     </span>
     <span class='ocr_line' id='line_1_97' title="bbox 926 2603 1626 2643; baseline -0.003 -7"><span class='ocrx_word' id='word_1_490' title='bbox 926 2606 1056 2636; x_wconf 87' lang='lat' dir='ltr'><strong>nimbos</strong></span> <span class='ocrx_word' id='word_1_491' title='bbox 1067 2605 1214 2643; x_wconf 86' lang='lat' dir='ltr'><strong>agitant:</strong></span> <span class='ocrx_word' id='word_1_492' title='bbox 1238 2613 1305 2634; x_wconf 91' lang='lat' dir='ltr'><strong>non</strong></span> <span class='ocrx_word' id='word_1_493' title='bbox 1322 2608 1420 2643; x_wconf 89' lang='lat' dir='ltr'><strong>potes</strong></span> <span class='ocrx_word' id='word_1_494' title='bbox 1433 2603 1536 2642; x_wconf 85' lang='lat' dir='ltr'><strong>igitur</strong></span> <span class='ocrx_word' id='word_1_495' title='bbox 1550 2612 1626 2634; x_wconf 88' lang='lat' dir='ltr'><strong>eam</strong></span> 
     </span>
     <span class='ocr_line' id='line_1_98' title="bbox 926 2653 1626 2697; baseline -0.003 -11"><span class='ocrx_word' id='word_1_496' title='bbox 926 2654 1060 2697; x_wconf 85' lang='lat' dir='ltr'><strong>fugere,</strong></span> <span class='ocrx_word' id='word_1_497' title='bbox 1075 2655 1145 2686; x_wconf 87' lang='lat' dir='ltr'><strong>sive</strong></span> <span class='ocrx_word' id='word_1_498' title='bbox 1171 2654 1295 2692; x_wconf 81' lang='lat' dir='ltr'><strong>navim,</strong></span> <span class='ocrx_word' id='word_1_499' title='bbox 1319 2653 1391 2684; x_wconf 88' lang='lat' dir='ltr'><strong>sive</strong></span> <span class='ocrx_word' id='word_1_500' title='bbox 1405 2661 1527 2693; x_wconf 87' lang='lat' dir='ltr'><strong>equum</strong></span> <span class='ocrx_word' id='word_1_501' title='bbox 1544 2662 1626 2684; x_wconf 92' lang='lat' dir='ltr'><strong>con-</strong></span> 
     </span>
     <span class='ocr_line' id='line_1_99' title="bbox 924 2705 1112 2736; baseline -0.005 0"><span class='ocrx_word' id='word_1_502' title='bbox 924 2705 1112 2736; x_wconf 89' lang='lat' dir='ltr'><strong>scenderis.</strong></span> 
     </span>
    </p>

    <p class='ocr_par' dir='ltr' id='par_1_16' title="bbox 926 2751 1622 2837">
     <span class='ocr_line' id='line_1_100' title="bbox 966 2751 1622 2794; baseline -0.005 -7"><span class='ocrx_word' id='word_1_503' title='bbox 966 2758 1007 2788; x_wconf 83' lang='grc'><strong>24</strong></span> <span class='ocrx_word' id='word_1_504' title='bbox 1034 2753 1136 2794; x_wconf 84' lang='lat' dir='ltr'><strong>Euro]</strong></span> <span class='ocrx_word' id='word_1_505' title='bbox 1174 2754 1283 2784; x_wconf 87' lang='lat' dir='ltr'><strong>Eurus</strong></span> <span class='ocrx_word' id='word_1_506' title='bbox 1309 2756 1362 2784; x_wconf 87' lang='lat' dir='ltr'><strong>est</strong></span> <span class='ocrx_word' id='word_1_507' title='bbox 1388 2756 1508 2785; x_wconf 85' lang='lat' dir='ltr'><strong>ventus</strong></span> <span class='ocrx_word' id='word_1_508' title='bbox 1538 2751 1622 2784; x_wconf 85' lang='lat' dir='ltr'><strong>flans</strong></span> 
     </span>
     <span class='ocr_line' id='line_1_101' title="bbox 926 2805 1144 2837; baseline -0.009 0"><span class='ocrx_word' id='word_1_509' title='bbox 926 2805 969 2837; x_wconf 86' lang='lat' dir='ltr'><strong>ab</strong></span> <span class='ocrx_word' id='word_1_510' title='bbox 985 2805 1144 2837; x_wconf 86' lang='lat' dir='ltr'><strong>Oriente.</strong></span> 
     </span>
    </p>

    <p class='ocr_par' dir='ltr' id='par_1_17' title="bbox 967 2851 1623 2895">
     <span class='ocr_line' id='line_1_102' title="bbox 967 2851 1623 2895; baseline -0.003 -9"><span class='ocrx_word' id='word_1_511' title='bbox 967 2858 1007 2886; x_wconf 83' lang='grc'><strong>25</strong></span> <span class='ocrx_word' id='word_1_512' title='bbox 1032 2854 1140 2886; x_wconf 76' lang='lat' dir='ltr'><strong>Loetus</strong></span> <span class='ocrx_word' id='word_1_513' title='bbox 1162 2854 1197 2885; x_wconf 78' lang='lat' dir='ltr'><strong>in</strong></span> <span class='ocrx_word' id='word_1_514' title='bbox 1220 2851 1370 2895; x_wconf 71' lang='lat' dir='ltr'><strong>proeeerw]</strong></span> <span class='ocrx_word' id='word_1_515' title='bbox 1398 2852 1504 2885; x_wconf 89' lang='lat' dir='ltr'><strong>Stulti</strong></span> <span class='ocrx_word' id='word_1_516' title='bbox 1534 2853 1623 2884; x_wconf 78' lang='lat' dir='ltr'><strong>enirn</strong></span> 
     </span>
    </p>
   </div>
  </div>
 </body>
</html>
