1930 3204
374 286 393 325 1
403 284 485 326 548

375 394 454 417 nem
467 386 581 417 mortis
596 395 711 418 caussa
727 386 851 417 (latam.
878 386 966 418 Hinc
980 390 988 405 ‘
1001 397 1057 428 po-

375 434 522 466 tionatus
533 434 542 448 ⁵
569 435 680 465 uxoris
710 443 813 474 opera
843 435 943 466 Caius
971 438 1059 476 prin-

373 491 454 523 ceps
470 482 557 523 apud
573 483 667 514 Suet.
682 484 844 515 amatorio
858 484 1004 524 quidem,
1023 489 1061 516 ut

375 530 434 571 ait,
451 531 707 572 medicamento,
726 532 785 563 sed
810 533 898 573 quod
922 534 954 564 in
970 534 1060 565 furo-

372 588 446 610 -rem
461 580 611 610 verterit.

417 631 458 659 74
485 630 513 659 Ο
528 630 622 660 multa
627 629 777 670 fleturum
790 632 896 672 caput]
914 631 944 662 Ο
958 636 1062 671 caput

375 677 516 708 multum
539 676 708 717 fleturum,
736 679 770 710 id
795 685 857 719 est,
883 681 937 711 cui
958 681 1063 712 multa

375 726 572 766 impendent
607 728 706 758 mala.
751 728 995 769 [Schoenborn.
1030 732 1062 760 2.

379 775 408 805 0
419 775 718 817 multaflecturum]

373 844 378 847 -
418 825 459 854 75
484 823 551 854 Nec
576 829 684 856 vocata
705 835 788 857 mens
807 829 874 863 tua,
896 826 963 866 ξω]
986 827 1064 858 Νοη

376 876 411 902 te
426 873 541 903 Marsa
556 874 675 912 naenia,
690 884 754 905 nec
771 876 928 906 cautione
945 876 986 906 ad
1012 885 1064 906 me

375 921 554 961 revocabo,
569 931 632 953 nec
643 932 736 953 mens
752 927 810 954 tua
820 924 897 954 mihi
910 925 1064 955 restitue—

377 974 432 1000 tur
444 970 579 1008 Magico
591 972 757 1002 carmine:
780 972 837 1003 sed
851 973 958 1012 majus
967 973 1063 1013 quid-

377 1016 454 1046 dam
484 1018 622 1057 parabo,
652 1025 689 1050 et
716 1029 759 1051 ex
791 1021 943 1052 humanis
977 1022 1065 1052 extis

379 1066 543 1096 amatorio
558 1071 760 1108 temperato,
774 1079 839 1100 non
861 1070 984 1100 usitata
1009 1079 1067 1109 po-

380 1114 472 1145 tione
490 1119 524 1145 te
543 1115 690 1146 insanum
707 1126 819 1148 aniore
835 1118 901 1148 mei
917 1118 1067 1149 reddam.

378 1162 456 1193 Vid.
467 1163 615 1195 Turneb.
631 1173 709 1196 xxv.
725 1168 758 1196 9.
784 1166 852 1197 Nec
867 1170 972 1197 vocata
987 1176 1069 1198 mens

378 1211 447 1251 tua]
470 1212 544 1244 Nec
560 1223 655 1244 mens
670 1219 739 1250 tua,
751 1213 843 1246 facta
857 1216 960 1247 semel
977 1225 996 1246 a
1015 1226 1068 1248 me

379 1261 511 1301 insana,
525 1263 566 1294 ad
583 1263 762 1295 sanitatem
791 1270 982 1296 revertetur
997 1275 1068 1296 car-

380 1310 523 1342 minibus
549 1313 805 1351 potentissimis,
826 1314 936 1354 qualia
961 1315 1070 1346 sciunt

381 1358 499 1396 Marsi,
524 1359 659 1399 Apuliae
685 1362 813 1401 populi,
841 1363 899 1403 qui
926 1373 944 1394 a
972 1364 1069 1395 Circe

381 1406 532 1438 venefica
557 1408 759 1440 didicerunt.
805 1411 872 1451 [Ad
893 1421 939 1442 me
967 1422 1068 1443 recur-

378 1465 450 1487 rens
465 1456 692 1489 Schoenborn.
709 1461 739 1489 2.
771 1469 830 1489 non
847 1464 954 1491 vocata
971 1461 1070 1491 Bam-

384 1505 496 1546 berg]

423 1559 465 1587 76
488 1557 607 1588 Marsis
630 1558 766 1599 vocibus]
789 1559 892 1590 Marsi
922 1560 1009 1591 enim
1036 1561 1070 1591 in

383 1605 494 1644 Italia,
510 1606 597 1646 quod
612 1606 644 1636 in
667 1607 803 1638 Graecia
817 1607 986 1647 Thessali;
1009 1618 1071 1639 nec

383 1654 490 1683 minus
506 1654 676 1685 celebrata
700 1656 798 1686 Circe
820 1665 919 1695 quam
938 1657 1072 1688 Medea.

383 1700 513 1730 Plinius
529 1709 614 1731 xxv.
631 1704 683 1731 11.
718 1703 826 1732 Recte
842 1703 943 1742 igitur
965 1708 999 1734 et
1020 1704 1074 1734 Ti-

386 1749 497 1779 bullus
539 1759 596 1780 eas
638 1750 815 1789 conjunxit
853 1751 916 1782 hoc
956 1761 1074 1783 versu:

384 1802 394 1816 ‘
417 1798 588 1839 Quidquid
626 1799 728 1830 habet
765 1799 877 1838 Circe,
913 1800 1074 1841 quidquid

385 1847 511 1879 Medea
526 1849 667 1879 veneni.’
705 1849 814 1880 Porro
830 1859 851 1880 a
864 1850 992 1890 Marso,
1005 1851 1076 1882 Cir·

387 1906 444 1928 ces
468 1897 552 1938 filio,
577 1902 652 1929 orta
675 1899 863 1930 Marsorum
887 1909 980 1939 gens.
1026 1901 1077 1932 De

386 1956 525 1987 quorum
549 1946 582 1977 in
613 1947 748 1978 venenis
773 1950 971 1987 praestantia
996 1949 1077 1980 Gel-

386 1995 449 2026 lius
466 2004 542 2026 xvr.
557 1998 608 2026 11.

430 2047 471 2075 78
494 2045 684 2076 Fastidienti
705 2047 862 2087 poculum]
882 2046 957 2077 Tibi
983 2045 1077 2078 fasti—

389 2091 496 2122 dienti
512 2098 547 2124 et
564 2094 758 2132 aspernanti
774 2104 839 2125 me.

430 2144 472 2172 79
493 2141 583 2172 Sidet
611 2142 743 2179 inferius
767 2141 860 2180 mari]
883 2142 983 2172 Prius
1011 2151 1076 2173 coe-

389 2191 458 2222 lum
474 2190 658 2221 subsidebit
672 2190 766 2230 mari,
780 2200 890 2230 quam,
905 2193 968 2221 &c.
1009 2192 1076 2222 Na-

389 2245 464 2271 tura
471 2239 667 2271 mutabitur.
684 2239 879 2280 Hyperbole
889 2243 952 2270 est.
967 2239 1078 2280 [Non-

391 2290 472 2321 nulli
503 2288 602 2321 codd.
628 2297 683 2328 ap.
704 2288 824 2325 Jaeck,
845 2290 929 2320 sedet
951 2289 1080 2327 inferius

391 2339 506 2379 mara]

434 2391 475 2419 80
501 2387 632 2427 Tellure]
653 2387 787 2417 Tellure
802 2386 1003 2426 superjecta.

434 2440 476 2468 82
498 2436 661 2476 Bitumen]
684 2436 867 2475 Naphtam,
880 2434 922 2466 de
934 2445 998 2476 qua
1012 2445 1080 2467 mo-

392 2485 436 2517 do
449 2485 532 2526 dixi,
553 2485 645 2516 circa
668 2484 886 2524 Babyloniam
903 2484 1018 2524 liquidi
1034 2485 1081 2516 bi·

393 2534 530 2567 tuminis
545 2533 642 2565 modo
667 2532 773 2564 fluere
798 2533 902 2564 tradit
927 2533 1080 2572 Plinius3

393 2590 430 2617 et
444 2585 569 2626 alioqui
585 2585 727 2615 bitumem
738 2593 848 2622 onme,
864 2584 971 2623 igneae
987 2587 1081 2614 natu-

396 2643 455 2672 rae,
471 2634 586 2665 Graeci
609 2633 768 2673 ἄσφαλτον
784 2634 967 2673 appellant.
990 2631 1083 2663 Ati-is

395 2682 532 2722 ignibus]
569 2683 669 2723 Ignes
695 2692 738 2714 ex
771 2682 930 2713 bitumine
958 2679 1080 2722 nigres-

397 2734 488 2761 cunm

442 2781 482 2809 83
504 2778 567 2809 Sub
591 2779 654 2810 hoec
666 2778 757 2820 puer]
779 2778 885 2811 Paulo
908 2783 1082 2820 postquam

834 295 969 324 NOTAE
1005 295 1259 326 VARmRUM
1297 296 1343 325 lN

1108 389 1178 419 liaec
1205 389 1316 418 locuta
1355 392 1407 418 est
1437 388 1585 420 Canidia.
1631 388 1711 428 [Sub
1737 390 1790 421 hoc

1107 437 1187 469 Vat.
1202 437 1296 468 Rom.
1311 441 1344 468 5.
1361 446 1415 477 ap.
1430 437 1546 476 Feam,
1560 436 1681 478 aliique
1697 438 1794 468 codd.

1108 495 1162 525 ap.
1199 485 1319 521 Jaeck,
1354 495 1429 525 puer
1457 495 1517 517 non
1552 489 1598 523 ut,
1628 486 1699 517 sine
1713 484 1794 526 ja‘m,

1107 534 1335 566 Schoenborn.
1352 536 1400 575 2.]

1153 584 1193 613 84
1216 582 1342 624 Lenire]
1368 582 1522 614 Lenibat.

1105 664 1107 666 a
1151 634 1191 662 85
1220 632 1308 662 Unde
1333 631 1500 671 rumperet]
1533 631 1664 663 Dubius
1689 641 1710 663 a
1733 641 1798 674 qua

1110 689 1146 710 re
1159 681 1328 711 exordium
1340 681 1497 721 loquendi
1513 685 1673 712 sumeret.

1152 731 1194 760 86
1218 730 1382 770 Thyesteas
1393 730 1512 770 preces]
1527 731 1574 761 Ut
1584 730 1672 762 enim
1685 731 1798 762 Groeci

1111 777 1195 818 ἆρὰς.
1213 780 1261 809 sie
1279 779 1386 809 Latini
1406 788 1521 818 preces,
1539 784 1607 810 tam
1624 789 1686 820 pro
1701 778 1799 810 obse-

1113 827 1330 867 crationibus,
1346 837 1442 868 (lunam
1460 837 1520 868 pro
1529 829 1799 859 execrationibus

1112 881 1288 915 usurpant,
1311 877 1498 916 praesertim
1519 877 1660 908 Flaccus
1675 882 1801 908 noster.

1115 924 1279 964 Thyesteas
1290 925 1407 964 preces]
1432 925 1550 956 Emisit
1564 926 1653 956 diras
1663 934 1802 956 execra-

1114 974 1233 1012 tiones,
1247 973 1402 1014 qualibus
1415 973 1577 1012 Thyestes
1599 974 1634 1004 in
1658 973 1797 1005 fratrem

1116 1021 1255 1052 Atreum
1271 1030 1350 1051 usus
1365 1026 1429 1052 est.
1715 1035 1718 1037 ·

1156 1073 1197 1101 87
1225 1070 1348 1101 Venena
1384 1079 1530 1109 magnum
1554 1070 1611 1107 sas
1644 1069 1802 1110 nefasque]

1120 1119 1273 1153 Venenum
1290 1119 1427 1159 Latinis,
1441 1124 1479 1150 ut
1491 1117 1650 1160 φάρμακον
1661 1118 1806 1158 Graecis,

1116 1168 1204 1199 inter
1219 1177 1259 1198 ea
1275 1168 1440 1199 vocabula
1456 1173 1520 1205 est,
1537 1178 1611 1209 quae
1626 1168 1804 1200 Gramma—

1117 1216 1175 1247 tici
1191 1215 1272 1255 μέσα
1297 1217 1366 1248 sive
1392 1218 1494 1250 media
1518 1222 1651 1258 vocant,
1675 1222 1712 1249 et
1735 1221 1804 1249 tam

1118 1265 1254 1305 bonum,
1270 1275 1368 1306 quam
1391 1265 1512 1297 malum
1538 1266 1742 1307 significant,
1757 1266 1808 1297 uti

1118 1318 1152 1344 et
1166 1315 1175 1331 ⁶
1189 1314 1281 1345 virus
1293 1314 1302 1327 ’
1317 1315 1424 1355 (teste
1439 1315 1555 1346 Servio
1570 1316 1602 1347 in
1617 1316 1698 1347 illud
1714 1315 1808 1355 Virg-

1118 1362 1242 1402 Georg.
1263 1372 1288 1394 1.
1326 1363 1336 1380 ‘
1353 1364 1415 1394 Ille
1443 1365 1564 1396 malum
1590 1366 1704 1404 virns,’
1725 1365 1806 1404 otc.)

1118 1411 1239 1452 Itaque
1275 1414 1284 1430 ‘
1301 1414 1418 1443 veneni
1452 1414 1583 1444 nomine
1618 1413 1807 1445 continetur

1117 1470 1227 1498 omne,
1242 1461 1329 1501 quod
1353 1462 1551 1501 adhibitum,
1577 1462 1648 1501 ejus
1673 1461 1734 1501 rei,
1750 1461 1806 1492 cui

1118 1509 1303 1540 adhibitum
1329 1515 1395 1548 est,
1420 1515 1573 1541 naturam
1597 1515 1720 1549 mutat,
1735 1511 1806 1541 sive

1119 1558 1160 1589 ad
1174 1559 1354 1588 sanandum
1370 1558 1439 1589 sive
1455 1558 1497 1588 ad
1511 1558 1730 1590 occidendum
1747 1568 1806 1599 pa-

1119 1611 1227 1637 ratum
1251 1606 1326 1637 est!
1363 1606 1477 1637 Verba
1501 1611 1578 1637 suut
1603 1606 1676 1637 Caii
1697 1607 1808 1639 Juris-

1120 1664 1212 1685 cons.
1237 1654 1294 1685 lib.
1323 1662 1494 1685 ccxxxvi.
1544 1656 1601 1686 De
1629 1655 1807 1686 verborum

1121 1702 1376 1741 significatione.
1399 1703 1492 1733 Puer
1506 1703 1620 1742 igitur,
1637 1704 1694 1743 qui
1709 1704 1809 1735 Cani·

1123 1751 1210 1781 diam
1227 1756 1293 1782 tam
1311 1760 1431 1791 magna
1449 1746 1667 1791 pollicentem
1676 1753 1811 1792 jactan-

1123 1807 1258 1840 temque
1270 1799 1428 1830 audiebat
1442 1809 1452 1837 ;
1475 1799 1532 1839 At,
1547 1800 1666 1841 inquit,
1682 1809 1812 1831 venena

1124 1849 1188 1880 ista
1203 1853 1328 1886 vestra,
1341 1851 1645 1889 quantumcumque
1655 1849 1812 1889 ponderis

1123 1908 1163 1929 ac
1179 1898 1340 1929 momenti
1351 1897 1508 1935 habeant,
1521 1898 1590 1929 sive
1605 1898 1653 1929 fas
1668 1898 1739 1929 sive
1755 1908 1811 1929 ne-

1123 1945 1175 1977 fas
1191 1950 1322 1985 tenent,
1345 1954 1411 1976 non
1436 1946 1550 1977 valent
1566 1951 1676 1978 tamen
1691 1955 1812 1978 conver-

1125 1999 1190 2027 tere
1203 1996 1365 2026 humanam
1379 1995 1474 2026 vicem
1483 2005 1497 2030 ,·
1520 1995 1663 2036 hocest,
1678 1993 1812 2027 efficere

1125 2047 1309 2085 nequeunt,
1323 2043 1413 2083 quin,
1429 2044 1516 2084 quod
1532 2044 1566 2074 in
1586 2045 1685 2075 rebus
1698 2045 1812 2074 humu-

1123 2093 1176 2122 nis
1206 2096 1369 2131 perpetuo
1399 2091 1576 2130 cernimus,
1604 2091 1698 2122 malis
1727 2091 1812 2121 male

1125 2140 1181 2178 sit,
1207 2144 1243 2170 et
1267 2148 1349 2179 quas
1375 2148 1526 2169 meruere
1547 2148 1674 2179 poenas,
1699 2139 1812 2171 luant:

1124 2188 1173 2218 sic
1202 2187 1292 2218 enim
1319 2188 1329 2205 ⁸
1347 2187 1429 2218 vicis
1441 2186 1448 2199 ’
1480 2188 1641 2218 vocabulo
1670 2192 1813 2219 utuntur

1126 2240 1269 2267 veteres.
1328 2237 1454 2267 Brutus
1500 2236 1542 2267 ad
1588 2236 1785 2268 Ciceronem
1803 2247 1813 2268 ι

1126 2287 1136 2305 ‘
1155 2286 1264 2316 Valde
1288 2290 1324 2316 et
1345 2294 1450 2316 meam
1473 2290 1509 2316 et
1535 2290 1684 2317 vestram
1707 2287 1813 2318 vicem

1129 2335 1263 2366 timeam
1278 2344 1416 2366 necesse
1437 2334 1510 2374 est‚'
1524 2334 1586 2365 hoc
1601 2340 1663 2372 est,
1678 2344 1719 2366 ea
1739 2345 1814 2377 quae

1128 2384 1267 2415 adversa
1282 2383 1392 2422 nobis,
1418 2384 1488 2414 sive
1505 2384 1722 2423 merentibus,
1745 2385 1815 2416 sive

1129 2435 1396 2474 immerentibus,
1421 2434 1588 2465 evenient.
1633 2435 1706 2466 Nec
1731 2436 1816 2467 male

1129 2483 1340 2524 Porphyrion
1355 2493 1363 2514 z
1386 2484 1395 2501 ‘
1411 2482 1535 2519 vices?
1545 2483 1665 2524 inquit,
1678 2487 1687 2502 ⁸
1701 2485 1816 2525 appel-

1129 2533 1241 2563 lantur
1257 2542 1377 2572 poenae,
1393 2542 1468 2573 quae
1491 2533 1524 2563 in
1545 2533 1648 2563 malos
1662 2542 1816 2572 regerun-

1131 2581 1206 2612 tur!
1252 2581 1374 2612 Venena
1399 2591 1542 2620 magnum
1561 2581 1630 2620 sas,
1659 2581 1817 2622 nefasque]

1131 2630 1195 2660 Vel
1221 2629 1269 2660 sic
1296 2629 1610 2669 interpretabimur:
1651 2630 1692 2661 In
1720 2639 1818 2661 vene·

1132 2679 1217 2710 ficiis
1234 2683 1288 2711 est
1311 2676 1449 2720 quidem'
1462 2689 1581 2721 magna
1599 2681 1659 2720 vis,
1671 2680 1727 2711 sed
1743 2684 1815 2710 tnn-

1133 2734 1202 2760 tum
1220 2728 1375 2769 profecto
1389 2738 1453 2760 non
1469 2734 1608 2770 possunt
1619 2730 1676 2760 illa
1690 2736 1749 2768 pro
1758 2727 1814 2757 ho-

1135 2778 1278 2810 minibus
1299 2777 1444 2819 efficere,
1471 2783 1508 2810 ut
1533 2782 1648 2810 natura
1671 2775 1756 2818 aequl
1780 2780 1814 2807 et
