1904 3216
360 267 469 309 1640
482 305 484 309 ,

359 368 445 400 tolus
457 368 611 410 Sigonius
627 367 675 398 uti
692 370 700 385 ‘
711 366 845 398 Scaevas
858 367 866 380 '
882 371 918 399 et
931 367 940 385 ‘
950 367 1039 399 Scae-

358 418 476 458 volas,'
502 418 549 448 sic
577 415 771 446 ‘Laevinos’
801 424 934 457 qnoque
963 415 1040 447 iude

358 466 464 498 dictos
500 465 629 504 maluit,
657 464 746 506 quod
777 465 910 496 sinistra
938 465 1040 506 magis

355 525 456 546 mauu
471 524 568 555 quam
585 514 705 545 dextra
721 518 909 546 uterentur.
936 513 1040 545 Sinis-

355 567 441 594 tram
459 562 544 593 enim
558 562 671 593 Graeci
686 561 807 601 σκαίαν,
818 562 929 594 Latini
939 562 1038 593 etiam

355 613 462 642 laevam
477 615 608 642 vocant.
656 611 760 642 Valeri
771 612 883 652 genus]
913 611 1039 642 Valerii

355 659 541 691 Publicolae
558 661 671 692 filium.
717 662 804 692 Unde
816 661 974 701 superbus]
1005 660 1038 692 A

356 716 434 747 quo,
448 718 523 739 cum
538 709 642 740 Junio
656 710 776 741 Bruto.

396 759 436 788 14
458 758 612 798 Licuisse]
646 759 782 789 Festive
796 763 962 799 tamquam
977 758 1037 790 sub

355 806 508 836 auctione
522 807 671 837 venalem
695 807 866 847 proponit,
880 807 1038 848 quemad-

353 853 488 884 modum
502 853 598 886 famae
611 864 676 886 non
691 855 827 886 nimium
839 856 934 886 bonae
948 856 1040 896 puel·

353 903 419 933 lam
445 903 621 942 quamdam
648 903 753 934 Mart.
778 912 828 934 vr.
851 906 903 934 66.
928 905 1038 935 locum

353 950 443 980 vide.
469 951 610 981 Torreat.
653 951 807 990 Licuisse]
831 951 1038 982 AEstimatum

354 1008 438 1030 esse.
483 999 635 1039 Notunte]
657 999 788 1040 Populo
797 999 984 1039 judicante.

396 1049 436 1077 16
475 1048 573 1082 Quem
601 1047 697 1087 nosti]
732 1047 827 1079 Libri
855 1057 981 1088 omnes,
1006 1049 1040 1079 in

354 1104 436 1135 quos
463 1105 607 1136 unquam
637 1096 824 1136 inciderim,
854 1097 922 1131 Quo
950 1098 1040 1128 nosti.

354 1143 538 1184 Eleganter
553 1154 644 1185 sane,
665 1145 693 1175 si
716 1149 792 1185 post
816 1145 883 1180 Quo
899 1146 1040 1176 interro-

354 1193 498 1232 gationis
513 1198 595 1225 nota
610 1194 795 1226 inseratur:
830 1198 888 1225 aut
902 1194 963 1225 hoc
977 1195 1040 1225 sal·

353 1245 422 1271 tem
439 1241 537 1273 modo
555 1242 742 1273 scribatur:
762 1243 896 1274 Notaule
906 1243 1039 1280 Judice‚·

353 1299 424 1329 quo,
437 1290 520 1322 nosti
531 1289 547 1322 ί)
574 1291 640 1322 Sed
657 1291 739 1322 illud
754 1291 878 1322 malim.
897 1292 1037 1323 Torreat.

356 1338 420 1373 Qui
446 1340 572 1380 stultus]
607 1340 735 1371 Stultus
771 1341 913 1381 populns
947 1341 1038 1371 nullo

354 1387 493 1418 consilio
509 1387 644 1420 ductus.

396 1437 438 1466 16
459 1436 582 1477 Famae]
613 1437 717 1468 Vanae
735 1437 883 1478 opinioni
900 1438 973 1478 plns
988 1439 1037 1469 in-

355 1483 484 1523 dulget,
514 1494 611 1524 quam
639 1485 738 1516 rebus
768 1487 861 1526 ipsis,
884 1486 1038 1517 addictus

354 1532 475 1564 statuis
505 1535 579 1573 plus
609 1543 706 1575 quam
735 1534 854 1565 virtuti
883 1539 918 1565 et
946 1539 1037 1566 recte

353 1580 465 1613 factis.
490 1582 585 1622 Cruq.
629 1582 735 1612 Fumoe
753 1581 864 1622 seruit]
896 1582 1037 1614 Generis

353 1629 533 1668 splendori.

396 1679 435 1706 17
471 1675 679 1716 Imaginibus]
715 1676 881 1716 Majorum
909 1677 1041 1717 statuis,

355 1724 568 1764 antiquitatis
601 1724 753 1756 testibus.
807 1724 890 1760 Quid
923 1729 1040 1765 oportet

353 1772 534 1813 nossacere]
561 1773 628 1806 Qui
644 1773 768 1814 populo
784 1783 896 1806 sumus
910 1775 1041 1815 sapien·

353 1822 481 1853 tiores?

397 1872 437 1900 18
459 1870 565 1909 Longe
579 1871 713 1912 lateque]
747 1871 874 1903 Omnes
894 1870 1040 1908 codices,

354 1929 421 1950 uno
437 1923 538 1960 atque
563 1921 671 1952 altero
698 1921 848 1962 dempto,
868 1922 957 1960 longe
976 1922 1040 1952 lon-

351 1978 447 2009 geque
474 1969 614 2008 legunt:
653 1979 751 2011 quam
777 1969 955 2002 lectionem
981 1979 1041 2002 cur

354 2019 502 2058 vulgatoe
521 2027 587 2049 non
603 2019 792 2059 praetulerit
814 2020 928 2050 Lamb.
948 2019 1039 2059 igno·

354 2074 414 2103 ro;
436 2074 510 2096 nam
527 2067 728 2098 sententiam
740 2067 870 2105 Poetae,
881 2076 956 2098 eum
969 2068 1040 2107 phi-

354 2113 500 2153 losophis
526 2114 676 2144 omnibus
702 2124 921 2150 communem,
941 2124 1039 2155 quam

353 2161 545 2201 longissime
569 2171 588 2192 a
610 2163 734 2202 populo
749 2162 924 2193 discedere
939 2162 1039 2193 debe-

355 2219 393 2241 re
420 2210 477 2251 qui
501 2209 544 2241 ad
572 2210 728 2242 virtutem
755 2210 907 2249 accedat,
934 2211 1039 2242 multo

356 2259 526 2291 efficacius
556 2259 727 2299 exprimit.
761 2260 901 2290 Tor-rent.
960 2259 1040 2298 [Vos

346 2309 454 2347 facere
483 2308 597 2339 Bentl.
625 2316 668 2338 ex
694 2307 849 2347 ingenio;
889 2306 1040 2339 refutant

355 2358 457 2390 Baxt.
472 2361 508 2388 et
523 2357 643 2397 Gesn.]

398 2409 438 2438 19
460 2406 600 2445 Namque
612 2404 689 2444 esto]
709 2405 777 2436 Per
791 2405 1039 2437 concessionem

354 2455 418 2486 hoc
433 2455 504 2494 agit
519 2454 694 2493 Horatius,
705 2458 742 2485 ut
757 2463 829 2494 quae
846 2454 953 2486 minus
969 2464 1038 2486 rec-

356 2509 391 2536 te
407 2513 426 2534 a
442 2503 566 2544 populo
581 2502 665 2534 fiunt
678 2503 713 2533 in
727 2503 923 2534 mandandis
936 2504 1037 2535 hono·

355 2554 460 2591 ribus,
486 2563 527 2584 ea
552 2553 635 2584 velit
658 2553 858 2593 corrigenda
878 2558 914 2585 et
938 2555 1038 2585 casti-

357 2603 466 2642 ganda
480 2612 552 2634 esse
569 2602 646 2633 viris
667 2602 874 2642 gravioribus
898 2606 934 2634 et
951 2602 1036 2643 sapi-

357 2652 560 2690 entioribus;
594 2653 700 2693 qualis
716 2651 781 2683 snit
795 2651 925 2692 Appius
949 2652 1035 2684 Cen-

356 2708 424 2738 sor,
438 2701 492 2740 qui
508 2701 635 2732 nobiles
649 2701 782 2742 quidem
798 2701 919 2732 debitis
934 2701 1035 2732 hono-

355 2748 445 2780 ribus
461 2747 636 2786 afficiebat,
650 2749 787 2790 rejectis
798 2749 954 2790 indignis,
969 2751 1034 2782 ἅτε.

804 275 945 306 NO'I'AE
976 274 1035 305 vA
1045 275 1237 306 RIORUM

1270 276 1322 306 IN

1091 369 1184 408 Cruq.
1230 368 1370 408 Namque
1389 368 1467 408 esto]
1501 367 1623 398 Parum
1640 367 1764 400 referre

1087 418 1148 459 ait,
1163 418 1240 459 quid
1257 419 1396 459 populus
1411 422 1558 450 censeat.
1599 417 1768 449 Subintel-

1085 466 1254 506 ligendum
1270 467 1357 498 enim
1373 477 1439 499 non
1462 467 1538 498 ideo
1559 466 1666 497 minus
1689 474 1767 497 con-

1087 520 1175 547 stare
1196 517 1368 555 virtutem‚
1387 526 1460 557 quae
1482 521 1533 547 est
1553 523 1632 546 vera
1651 514 1769 546 nobili-

1086 571 1149 596 tas.
1184 566 1321 597 Torrent.
1366 567 1504 605 Namque
1527 563 1606 603 esto]
1637 564 1767 594 Demus

1086 612 1175 653 quod
1201 615 1340 654 populus
1359 614 1487 653 mallet,
1508 614 1572 644 διο.
1626 610 1768 651 Loevivw]

1086 661 1221 692 Homini
1235 662 1448 693 nobilissimo.

1127 711 1168 740 20
1206 710 1309 750 Novo]
1346 709 1489 750 Ignobili
1523 707 1649 740 familia
1676 710 1768 738 usto.

1089 759 1258 799 censorque
1272 763 1403 790 moveret
1417 758 1551 798 Appius]
1573 757 1652 788 Non
1666 759 1769 787 teme-

1086 815 1123 837 re
1140 806 1284 847 Appium
1302 808 1472 839 nominat:
1505 810 1587 837 nota
1607 809 1658 836 est
1679 804 1768 835 enim

1087 855 1153 895 Ap.
1170 857 1298 887 Claudii
1312 858 1473 895 Censura,
1485 861 1587 897 atque
1599 864 1639 886 eo
1651 854 1685 885 in
1698 863 1768 885 ma·

1088 903 1229 942 gistratu
1244 905 1416 936 severitas.
1446 906 1667 943 Quamquam,
1680 902 1769 943 quod

1086 952 1315 983 libertinorum
1335 952 1420 983 filios
1441 953 1475 982 in
1497 953 1656 983 Senatum
1677 952 1770 990 lege-

1088 1000 1145 1039 rit,
1171 1000 1256 1031 male
1282 999 1398 1031 audiit.
1431 999 1571 1031 Torreat.
1614 998 1770 1037 Μοῦσα]

1088 1048 1119 1078 Α
1144 1048 1290 1088 petendo
1312 1048 1510 1088 magistratu
1526 1057 1579 1079 me
1603 1051 1643 1079 ut
1663 1047 1772 1087 indig-

1088 1106 1165 1127 num
1179 1100 1414 1130 summoveret.

1129 1148 1170 1176 22
1197 1146 1254 1177 Vel
1267 1145 1390 1185 merito]
1413 1145 1524 1186 Atque
1540 1145 1576 1176 id
1591 1144 1688 1176 valde
1701 1153 1770 1176 me-

1087 1193 1163 1226 rito.
1207 1195 1292 1225 Pelle
1306 1194 1468 1234 quiessem]
1497 1194 1538 1224 In
1554 1193 1691 1234 proprio
1704 1196 1771 1225 sta-

1087 1250 1123 1274 tu
1139 1254 1147 1274 :
1170 1242 1274 1275 ducta
1288 1242 1440 1283 Metaph.
1455 1242 1496 1274 ab
1511 1243 1600 1274 asino
1612 1242 1772 1282 Cumano,

1085 1292 1208 1332 pellem
1222 1293 1327 1323 leonis
1342 1292 1515 1323 induente.

1128 1343 1168 1372 23
1191 1340 1414 1381 Sedsulgente]
1437 1340 1548 1381 Objici
1561 1340 1625 1371 hoc
1637 1339 1698 1371 sibi
1709 1338 1772 1370 fln-

1088 1390 1137 1430 git
1152 1390 1273 1428 Poe'ta,
1289 1400 1332 1422 ex
1352 1399 1393 1421 eo
1414 1390 1502 1432 quod
1522 1389 1656 1421 nimiam
1669 1389 1772 1420 liono-

1087 1449 1159 1470 rum
1175 1440 1394 1480 cupiditatem
1419 1434 1646 1478 damnaverat,
1670 1442 1771 1478 atque

1087 1497 1355 1528 unumquemque
1381 1488 1415 1518 in
1439 1497 1498 1518 sua
1517 1495 1653 1518 manere
1671 1485 1772 1526 pelle,

1086 1535 1149 1566 hoc
1164 1539 1230 1575 est,
1244 1535 1334 1567 intra
1349 1535 1518 1567 fortunam
1541 1544 1645 1574 suam,
1658 1535 1771 1566 horte·

1089 1588 1140 1615 tus
1155 1583 1276 1615 fuerat.
1319 1585 1441 1626 Neque
1456 1588 1560 1625 negat
1581 1583 1669 1624 quod
1684 1584 1770 1624 obji-

1088 1633 1190 1672 citur,
1213 1633 1271 1663 sed
1295 1633 1338 1664 ob
1360 1633 1519 1664 invidiam
1548 1633 1651 1664 tutius
1680 1632 1770 1664 futu-

1089 1690 1160 1711 rum
1175 1681 1332 1720 ostendit,
1345 1681 1514 1712 abstinere
1534 1681 1700 1713 hominem
1713 1691 1773 1713 no·

1089 1738 1165 1759 vum
1195 1738 1215 1759 a
1241 1729 1448 1769 capessendo
1467 1729 1673 1769 magistratu.
1727 1730 1773 1762 Et

1091 1778 1262 1817 eleganter
1282 1778 1419 1818 gloriam
1446 1777 1489 1809 de
1515 1777 1695 1809 ambitiosis
1713 1778 1771 1809 ho-

1090 1826 1232 1858 minibus
1256 1827 1361 1858 veluti
1386 1826 1644 1867 triumphantem
1667 1825 1773 1858 addu-

1088 1875 1154 1914 cit;
1175 1880 1214 1907 ut
1228 1875 1271 1906 de
1285 1876 1416 1907 miseris
1435 1875 1622 1906 amantibus
1636 1875 1774 1916 Cupidi-

1087 1934 1174 1955 nem.
1219 1925 1309 1956 Hinc
1325 1925 1428 1965 igitur
1448 1925 1504 1956 ‘in
1528 1924 1664 1965 propria
1685 1925 1773 1965 pelle

1089 1974 1260 2014 quiescere
1275 1983 1314 2005 ac
1329 1972 1486 2013 manere,'
1502 1983 1563 2013 pro
1577 1982 1637 2005 suo
1652 1982 1689 2004 se
1702 1982 1771 2004 mo-

1089 2021 1169 2053 dulo
1184 2031 1311 2063 suoque
1326 2021 1411 2062 pede
1431 2021 1553 2060 metiri,
1567 2030 1676 2062 neque
1691 2031 1771 2062 pen-

1089 2079 1148 2100 nas
1177 2069 1256 2100 nido
1287 2070 1431 2110 majores
1460 2070 1656 2101 extendere.
1693 2069 1771 2100 Vid.

1087 2117 1234 2148 Turneb.
1250 2126 1300 2148 1v.
1314 2120 1344 2149 9.
1363 2118 1500 2148 Torrent.
1541 2117 1604 2148 Sed
1609 2116 1769 2156 fulgente]

1088 2165 1218 2196 Aurato
1233 2174 1330 2196 curru
1346 2166 1441 2205 quasi
1462 2165 1603 2196 vinctos.
1648 2165 1770 2204 Gloria,

1087 2211 1157 2253 Spu]
1180 2212 1307 2244 Gloriae
1323 2212 1501 2252 cupiditas.

1129 2264 1171 2292 24
1195 2262 1268 2292 Non
1281 2262 1391 2299 miuus,
1406 2261 1476 2301 ξω]
1493 2261 1660 2300 Ignobiles
1672 2271 1769 2303 aeque

1089 2319 1128 2340 ac
1153 2310 1292 2342 nobiles.
1337 2310 1406 2345 Quo
1435 2310 1494 2340 tibi
1519 2309 1615 2351 Tulli]
1639 2310 1690 2342 Ex
1712 2312 1771 2343 ab·

1088 2363 1187 2398 rupto
1197 2358 1339 2388 Tullium
1353 2357 1482 2397 arripit,
1493 2358 1644 2398 exemplo
1654 2352 1770 2391 melius

1088 2416 1185 2448 quam
1201 2406 1312 2438 verbis
1335 2405 1631 2448 demonstraturus,
1644 2412 1772 2449 quanto

1088 2455 1193 2486 tutius
1219 2455 1262 2485 sit
1283 2463 1342 2486 sua
1365 2454 1554 2486 conditione
1575 2459 1771 2488 contentum

1087 2505 1214 2536 vivere.
1257 2505 1340 2538 Quis
1362 2513 1439 2535 vero
1454 2505 1507 2535 hic
1520 2505 1644 2536 Tullius
1658 2504 1770 2542 fuerit,

1086 2554 1210 2585 nescio.
1255 2554 1338 2584 Mss.
1352 2553 1427 2584 libri
1441 2563 1554 2585 omnes
1571 2554 1694 2587 Tillium
1715 2565 1772 2586 vo-

1086 2608 1175 2634 cant.
1226 2602 1394 2643 Antiquus
1429 2607 1671 2635 commentator
1698 2604 1770 2635 Tul·

1085 2653 1159 2683 lium
1173 2652 1346 2693 quemdam
1362 2661 1382 2682 a
1397 2651 1543 2690 Caesare,
1566 2652 1653 2693 quod
1669 2652 1768 2684 Pom-

1086 2702 1224 2741 peianus
1247 2705 1348 2741 esset,
1364 2705 1488 2732 motum
1511 2700 1610 2732 fuisse
1632 2701 1767 2739 Senatu,

1085 2750 1215 2792 scribit,
1249 2750 1456 2791 eundemque
1492 2750 1602 2782 occiso
1637 2750 1767 2782 came
