1916 3262
453 265 662 299 nonaru
693 264 969 297 canumum
1002 265 1100 297 mu.
1131 263 1202 296 ιιι.
1230 254 1301 296 24.

146 363 275 403 Jugem,
289 363 350 394 illa
364 361 439 404 agri
453 361 578 403 spatia,
588 367 665 401 quae
678 357 744 390 sibi
759 357 852 399 qnis-

152 421 220 454 que
248 421 316 445 nou
342 411 447 444 certis
473 419 551 443 cum
574 407 688 440 vicino
710 405 851 447 finibus,

148 461 210 495 sed
225 471 287 504 pro
300 459 556 494 necessitatibus
575 461 678 500 atque
693 456 850 498 indigen·

149 513 211 546 tiss
226 512 341 552 modo,
355 522 397 544 eo
410 510 503 544 forte
515 518 604 543 anno
628 507 774 541 colenda
788 507 848 539 de-

130 563 361 605 sumpsisset.
401 561 544 593 mene.
587 558 755 590 Immetatu
779 556 850 598 qui-

145 613 204 645 bus
219 611 354 654 jugem]
376 611 508 646 Quibus
527 610 652 652 ¹iugera
666 607 766 640 nullis
781 617 851 639 me-

146 663 192 695 tis
206 663 371 696 distincta
395 662 511 703 fruges
535 657 685 693 efferunt
706 658 847 698 liberas,

146 713 182 745 id
198 718 267 754 est,
280 722 348 745 non
364 713 461 744 nnius
473 710 640 754 proprias,
663 709 725 742 sed
739 709 847 742 omni-

144 761 211 794 bus
223 770 435 795 communes.

187 813 228 843 14
252 811 321 843 Nee
343 809 482 851 cultum]
506 809 581 842 Nec
611 810 690 851 plus
717 808 845 850 ferunt,

140 871 243 904 quam
256 861 300 894 ad
313 871 438 895 annum
454 861 613 894 sufficiat.

184 915 224 945 1⁵
248 910 503 954 Defunctumque
521 911 692 952 laboribus]
717 911 772 943 Ad
787 920 843 943 co-

99 967 109 979 ·
138 961 278 995 lendum
300 971 418 1004 agrum
441 963 583 1004 singulis
609 961 707 994 annis
725 970 843 993 succe·

139 1012 193 1044 dit
207 1012 294 1044 alius
317 1013 388 1049 alii,
404 1014 493 1045 sicut
516 1021 593 1044 eum
613 1010 692 1053 (qui
717 1019 842 1042 annum

138 1061 324 1102 laboravit,
347 1063 485 1104 suisque
507 1061 682 1094 laboribus
707 1065 762 1093 est
781 1060 841 1092 de-

139 1109 296 1151 functus)
314 1110 462 1143 vicarius
484 1115 620 1143 recreat
635 1110 756 1152 aequali
771 1119 843 1142 sor-

138 1164 187 1201 te,
215 1160 249 1192 id
279 1166 348 1202 est,
374 1160 475 1192 simili
498 1161 638 1200 labore;
662 1169 740 1191 nam
768 1160 842 1201 ipse

136 1221 272 1254 quoque
288 1221 436 1244 annuum
452 1211 604 1244 laborem
625 1212 756 1253 explet.

179 1264 222 1294 16
246 1262 378 1303 AEquoli
401 1266 522 1294 recreat
541 1263 640 1304 sorte]
661 1261 726 1293 Ille
748 1260 838 1293 enim

134 1312 281 1344 cultui·-
309 1312 409 1343 labor
437 1312 472 1343 iu
499 1311 666 1343 circulum
694 1310 841 1349 redibat,

133 1369 209 1394 sese
233 1364 352 1392 mutuo
374 1359 644 1398 sublevantibus,
667 1364 771 1400 atque
790 1360 838 1390 al-

131 1409 296 1442 ternatim
309 1409 586 1451 quiescentibns3
612 1417 689 1440 nam
706 1408 764 1450 qui
786 1408 835 1440 vi-

130 1467 190 1492 ces
213 1458 356 1491 alterius
391 1459 496 1500 gerit,
533 1458 674 1500 proprie
699 1457 835 1490 vicar-im

128 1508 271 1542 dicitur.
294 1508 440 1541 Tor-rent.

172 1561 214 1591 17
237 1558 310 1591 illic
337 1557 455 1599 matre]
479 1558 558 1591 Illic
587 1565 736 1590 noverca
763 1566 833 1590 nou

128 1609 230 1641 sevit
245 1609 281 1641 in
292 1608 485 1650 ›privignos-

170 1660 214 1690 18
236 1657 419 1700 Privignis]
444 1657 536 1691 Satis
563 1657 688 1690 fuisset
711 1657 833 1698 mdvig*

125 1706 180 1739 nis
192 1706 332 1741 dixisse.
375 1708 525 1740 Iteratio
540 1707 643 1748 igitur
664 1712 719 1739 est
732 1719 742 1738 :
765 1707 830 1738 nisi

128 1756 219 1788 enim
230 1761 339 1789 matre
351 1761 485 1797 careat,
498 1756 673 1798 privignus
686 1765 752 1787 non
762 1761 829 1787 est.

130 1805 274 1838 'bns-ent.
328 1806 506 1847 Temperat]
549 1806 659 1838 Parat
695 1805 829 1847 pocula.

127 1855 221 1888 Nam
240 1862 281 1888 et
293 1855 442 1888 ovidius
461 1855 506 1887 de
530 1865 590 1888 suo
617 1864 829 1897 conquerens

127 1909 295 1946 tempore,
310 1905 361 1937 ait
373 1915 384 1938 ε
405 1905 416 1925 ⁴
430 1904 559 1937 Lurida
567 1904 738 1937 terribiles
750 1905 829 1937 mis-

126 1961 210 1988 cent
228 1956 364 1989 aconita
387 1956 572 1989 novercae!
615 1957 703 1990 Quae
723 1965 827 1997 expo-

125 2006 207 2038 sitio
221 2005 366 2039 Acronis
388 2011 424 2039 et
445 2007 610 2039 Glareani
625 2011 692 2039 est.
739 2007 826 2038 Tem-

119 2059 215 2096 perat
228 2056 390 2098 macena]
414 2057 549 2096 Parcit,
564 2057 654 2088 mitis
670 2060 707 2088 et
722 2056 825 2088 bene-

119 2104 186 2138 fiet
199 2107 302 2139 estin
317 2107 506 2149 privignos.
528 2106 778 2148 [Schoeuborn.
793 2109 826 2138 2.

122 2155 301 2197 temperem]

163 2209 207 2239 19
228 2206 298 2240 Nec
321 2208 430 2239 dotata
451 2206 539 2247 regit
558 2205 678 2247 virum]
701 2207 822 2240 Qualis

121 2257 158 2288 in
172 2256 290 2290 Plauti
311 2257 471 2290 Asinaria
486 2256 676 2289 Artemona
690 2267 698 2287 :
723 2258 822 2298 cujus

120 2307 265 2339 maritus
309 2307 536 2339 Demaenetus
571 2311 688 2339 notum
724 2302 820 2338 illum

120 2356 276 2388 omnibns
298 2356 503 2388 versiculum
525 2355 696 2396 protulit:
729 2355 819 2388 ‘Ar-

121 2409 260 2445 gentum
273 2405 408 2445 accepi,
432 2404 515 2436 dote
540 2404 717 2445 imperium
738 2413 819 2437 ven·

119 2452 218 2485 didi:
260 2453 350 2484 Tum
364 2452 447 2484 alibi
459 2452 687 2493 Megadorus:
706 2454 818 2486 ‘Nam

119 2511 196 2544 quae
211 2501 371 2535 indotata
384 2502 495 2538 est‚in
510 2507 688 2543 potestate
702 2508 756 2535 est
768 2504 817 2535 vi·

119 2553 149 2585 ri
163 2563 171 2584 :
195 2553 336 2585 Dotatae
351 2556 506 2584 mactant
521 2555 557 2583 et
571 2551 660 2583 malo
676 2556 712 2584 et
726 2551 820 2584 dam-

117 2611 163 2634 no
177 2602 292 2635 viros?
316 2602 462 2634 Tenent.
491 2600 590 2640 Reg-it
601 2600 717 2642 virum]
741 2602 819 2635 Nec

119 2652 269 2693 imperat
299 2652 385 2693 viro,
413 2654 474 2683 aut
503 2650 642 2683 domina
669 2655 725 2683 est
749 2660 818 2684 ma-

117 2702 190 2735 riti.

159 2747 204 2776 20
227 2744 333 2786 Fida]
369 2743 437 2778 Qui
466 2742 629 2775 adversus
659 2743 751 2785 leges
779 2747 817 2776 et

115 2795 288 2833 maritum.
311 2794 502 2827 adulteram
528 2792 703 2826 defendat.
727 2794 816 2828 Torr.

1490 258 1608 300 1479

905 357 976 389 Nec
989 357 1092 389 nimio
1098 355 1176 401 fidit
1186 354 1345 395 adultero]
1362 355 1393 387 N
1397 364 1438 388 ec
1447 355 1483 388 in
1494 360 1607 398 splen.

902 405 999 446 dido,
1019 410 1171 447 compto,
1191 410 1229 437 et
1250 406 1432 446 unguentis
1453 406 1607 443 delibuto

900 455 1058 488 adultero
1074 455 1171 498 ponit
1186 454 1360 487 fiduciam.
1404 455 1534 496 [codd.
1550 466 1605 499 ap.

897 505 1022 545 Jaeck‚
1035 515 1093 539 nec
1106 506 1217 538 timido
1225 505 1258 545 f.
1272 505 1443 547 adenem]

941 559 983 588 21
1006 557 1076 588 Dos
1089 559 1139 588 eut
1153 565 1270 595 magna
1290 555 1470 597 parentium
1491 555 1609 598 virtus]

899 607 911 626 ⁸
923 607 1126 640 Parentium
1142 607 1306 638 virtutem
1317 605 1328 623 ’
1349 606 1450 647 dicit,
1466 615 1532 639 non
1548 616 1608 648 ge-

899 665 964 688 nus
990 661 1051 689 aut
1077 656 1313 688 nobilitatemz
1339 655 1507 697 siquidem
1537 666 1607 688 non

896 706 1010 738 minor
1024 705 1176 738 timenda
1191 706 1276 743 viro,
1294 705 1353 747 qui
1370 706 1469 738 uxori
1495 706 1606 747 impar

898 756 956 796 sit,
970 765 990 788 a
1005 757 1140 798 generis
1151 765 1252 798 quam
1265 755 1356 788 dotis
1369 756 1605 797 exprobratio·

895 816 952 844 ne,
965 807 1124 839 molestia
1139 812 1205 839 est.
1249 807 1360 839 Recte
1371 806 1461 838 enim
1474 806 1603 848 Satyri-

896 866 977 890 cus:
994 860 1003 876 ⁸
1013 857 1110 889 Malo
1122 856 1344 895 Venusinam,
1356 865 1456 898 quam
1470 860 1506 887 te
1519 855 1602 887 Cor-

893 907 986 940 nelia
1013 912 1126 939 mater
1150 906 1397 946 Gracchorum,
1413 905 1546 946 magnis
1573 906 1602 937 si

893 967 971 989 cum
986 955 1170 989 virtutibus
1193 955 1307 988 adfers
1324 955 1467 988 Grande
1482 964 1600 996 super-

892 1009 1024 1048 cilium,
1050 1012 1089 1040 et
1116 1017 1275 1040 numeras
1305 1009 1339 1039 in
1370 1006 1451 1038 dote
1481 1006 1599 1038 trium-

892 1059 1048 1140 phg-Et
1070 1106 1228 1147 metuens]
1249 1106 1295 1138 Et
1320 1104 1464 1138 castitas
1479 1104 1598 1137 nolens

892 1158 936 1190 ab
951 1158 1017 1190 alio
1033 1157 1107 1189 viro
1123 1157 1230 1197 tangi.

932 1211 975 1240 23
1012 1208 1109 1239 cmo
1130 1206 1253 1246 foedere
1278 1204 1426 1247 castitas]
1463 1204 1598 1246 Copula

890 1258 1076 1300 conjugali,
1099 1257 1132 1289 in
1159 1267 1227 1298 qua
1252 1255 1364 1287 foedns
1386 1255 1508 1288 initum
1530 1260 1598 1296 est,

890 1313 929 1339 ut
945 1307 1034 1339 alter
1049 1307 1150 1338 alteri
1166 1305 1269 1337 fidem
1283 1309 1409 1337 servet.

931 1358 975 1387 24
999 1356 1046 1387 Et
1069 1365 1198 1396 peceare
1224 1355 1326 1392 ndns,
1346 1354 1418 1394 aut]
1442 1355 1486 1386 Et
1501 1354 1594 1396 apud

889 1414 949 1437 eos
963 1405 1169 1437 matrimonii
1184 1404 1287 1436 fidem
1307 1404 1436 1436 violare
1463 1409 1518 1436 cst
1532 1413 1592 1436 ne-

887 1455 954 1496 fas,
967 1455 1002 1487 id
1017 1460 1071 1487 est
1090 1465 1159 1488 nou
1181 1455 1285 1487 licet:
1309 1460 1369 1487 aut
1394 1455 1423 1487 si
1451 1455 1591 1495 violent,

887 1514 991 1548 poena
1006 1505 1167 1537 adulterii
1181 1514 1272 1537 mors
1287 1509 1355 1537 est.

928 1558 970 1588 25
997 1556 1027 1587 0
1041 1555 1196 1597 quisquis]
1217 1554 1320 1596 Εὐχή.
1353 1554 1466 1596 Optat
1477 1554 1591 1588 Hora-

884 1605 955 1638 tius
970 1604 1037 1638 aibi
1051 1606 1126 1638 dari
1141 1605 1252 1637 virum
1266 1604 1405 1646 fortem,
1421 1606 1480 1647 qui
1496 1615 1588 1638 com-

884 1659 1007 1697 pescat
1029 1656 1183 1688 insanam
1206 1654 1440 1697 effrenemque
1464 1655 1589 1687 civium

883 1704 1070 1745 licentiam,
1096 1705 1370 1747 Scytharumque
1396 1705 1431 1736 iu
1458 1714 1587 1737 morem

883 1758 1069 1795 componat
1091 1754 1269 1795 politicum
1291 1757 1430 1794 statum,
1445 1763 1512 1795 quo
1527 1763 1587 1795 pa-

883 1805 938 1834 ter
954 1802 1077 1843 patriae
1101 1812 1172 1834 suae
1197 1807 1322 1835 statuae
1345 1803 1495 1839 inscribi,
1511 1813 1589 1844 pos-

883 1852 1037 1895 terisque
1049 1852 1250 1885 immortalis
1265 1862 1340 1885 esse
1355 1853 1474 1894 possit.
1489 1854 1588 1894 cruq.

885 1903 915 1934 0
927 1903 1079 1945 quisquis]
1094 1905 1146 1936 Ex
1157 1903 1327 1945 peccandi
1340 1904 1483 1936 licentia
1494 1913 1584 1936 ema-

882 1958 968 1985 nant
989 1952 1167 1994 maleficia,
1185 1962 1263 1995 quas
1286 1963 1308 1986 a
1322 1953 1412 1985 bono
1427 1954 1585 1995 principe

881 2003 1014 2044 legibus
1029 2003 1254 2035 severissimis
1268 2009 1349 2036 sunt
1361 2003 1562 2036 coemenda.

922 2055 966 2085 26
990 2053 1147 2094 Ciuicam]
1170 2053 1312 2085 Civilem
1330 2053 1548 2086 seditionem.

922 2105 964 2135 27
987 2102 1025 2135 Si
1038 2103 1171 2145 queret]
1191 2102 1230 2135 Si
1249 2103 1368 2144 cupiet
1391 2103 1457 2136 hoc
1479 2104 1584 2145 hypo-

878 2161 1029 2194 gramma
1044 2163 1116 2185 suae
1130 2156 1255 2185 statuae
1269 2153 1412 2195 opponi,
1428 2158 1468 2185 ut
1481 2159 1581 2195 pater

877 2204 998 2246 patriae
1027 2203 1231 2246 appelletur.
1257 2204 1455 2238 Juvenalis:
1490 2205 1579 2237 ‘Ro-

875 2263 932 2286 ma
945 2259 1080 2296 patrem
1107 2254 1229 2296 patriae
1245 2254 1446 2286 Ciceronem
1469 2253 1579 2286 libera

874 2304 984 2337 dixit.’
1028 2305 1131 2337 Pater
1152 2304 1294 2345 urbium]
1317 2305 1396 2338 Quo
1417 2304 1519 2336 titulo
1535 2313 1577 2336 ne

873 2354 968 2395 apud
989 2353 1164 2386 Romanos
1190 2354 1328 2395 quidem
1343 2354 1520 2396 quicquam
1536 2354 1576 2385 il-

872 2403 1034 2436 lustrius:
1055 2412 1168 2446 neque
1193 2409 1274 2435 aute
1289 2404 1462 2436 Cassarum
1491 2410 1576 2436 tem-

872 2465 957 2496 pora
971 2455 1032 2487 ulli
1048 2455 1120 2496 alii,
1141 2465 1243 2496 qnam
1256 2455 1402 2488 Camillo
1423 2460 1460 2486 et
1475 2454 1574 2486 Cice-

870 2504 946 2536 roni
967 2504 1126 2545 contigit,
1137 2509 1177 2535 ut
1196 2506 1208 2522 ⁴
1221 2504 1331 2536 Pater
1346 2503 1468 2544 patriae
1481 2503 1490 2516 ’
1513 2512 1572 2543 ap-

872 2554 1071 2594 pellaretur.
1100 2553 1182 2594 Ipse
1198 2557 1294 2584 certe
1309 2552 1486 2593 Augustus
1497 2553 1574 2584 nul-

870 2604 903 2635 lo
918 2612 1066 2645 unquam
1079 2602 1207 2634 bonore
1222 2601 1330 2642 magis
1351 2603 1487 2633 laetatus
1507 2605 1572 2638 est,

869 2663 971 2695 quam
987 2662 1063 2684 cum
1076 2652 1223 2684 Senatus
1244 2651 1356 2692 ipsum
1371 2659 1448 2682 cum
1463 2659 1570 2692 popu-

866 2704 902 2735 lo
925 2703 1080 2735 Romano
1106 2701 1323 2733 consentiens
1343 2700 1568 2733 consalutavit

869 2754 879 2770 ⁴
892 2753 1022 2786 Patriae
1039 2750 1198 2794 patrem!
1238 2751 1378 2783 Sueten.
1393 2759 1424 2783 c.
1439 2754 1472 2783 Β.
1490 2749 1566 2782 Tor-

866 2807 947 2836 rent.
