1916 3262
623 293 687 325 nn
718 293 852 323 ARTE
885 293 1112 324 POETch.
1485 284 1598 331 1319

141 390 214 432 Ne
235 391 398 445 spissae
417 391 552 432 risum
573 388 729 429 tollant
748 389 928 442 impune
948 400 1156 429 coronae:

138 457 232 509 Qui
252 458 409 508 nescit,
428 468 581 499 versus
601 461 747 496 tamen
768 455 904 497 audet
921 454 1085 508 fingere
1104 455 1113 496 !
1172 453 1208 503 ἹῙ
1232 453 1403 505 Quidni
1420 456 1439 496 ‘l

140 525 273 567 Liber
291 529 333 566 et
346 526 572 578 ingenuus,
593 523 840 576 praesertim
861 534 1022 564 census
1041 526 1292 577 equestrem

141 591 366 633 Summam
385 602 665 639 nummorum,
688 590 886 644 vitioque
908 595 1104 631 remotus
1125 590 1182 630 ab
1203 590 1336 630 omni.

140 659 177 709 ῚῘ
189 659 258 702 Tu
279 659 386 700 nihil
403 658 545 700 iuvita
564 657 688 699 dices
706 658 904 699 faciesve
927 657 1156 709 Minerva3
1511 660 1598 701 385

141 726 197 768 Id
218 726 298 767 tibi
310 725 527 779 judicium
547 729 630 774 est,
649 738 703 766 ea
723 737 848 765 mens
866 737 876 766 :
907 724 945 765 si
967 724 1075 778 quid
1099 730 1247 766 tamen
1270 725 1375 766 olim

138 792 390 846 Scripseris‚
407 794 451 834 in
473 793 604 834 Metii
627 792 871 833 descendat
884 792 1054 847 judicis
1075 805 1220 842 aures,

139 859 199 901 Et
215 860 371 913 patris,
391 864 435 902 el:
453 863 641 910 nostras,
662 872 916 913 nonumque
939 864 1158 914 prematur
1177 860 1224 901 in
1243 872 1422 910 annum,

137 975 205 1008 eaaee
219 977 346 1010 minime
362 982 500 1016 tractam
523 989 562 1011 ne
573 979 759 1020 frequentes
773 979 1010 1012 circumstantes
1022 980 1190 1012 cachinnos
1202 979 1302 1022 effuse
1315 981 1436 1012 solvunt
1447 991 1458 1012 .·
1481 984 1515 1012 at
1531 990 1599 1012 car-

139 1019 257 1051 minum
280 1022 370 1052 rudis
392 1031 430 1054 ea
449 1022 650 1053 nihilominus
668 1023 760 1053 audet
783 1022 899 1054 moliri.
946 1023 1012 1055 Cur
1034 1032 1094 1054 nou
1103 1021 1119 1054 ?
1141 1023 1220 1055 liber
1245 1026 1292 1055 est
1316 1027 1409 1064 atque
1433 1024 1600 1063 ingenuus,

139 1062 232 1094 immo
247 1063 281 1094 in
294 1073 387 1095 cenea
400 1069 541 1104 repertus
561 1064 721 1105 possidere
735 1074 805 1105 opes
819 1067 860 1096 ad
873 1069 1044 1106 equestrem
1059 1066 1249 1104 dignitatem
1274 1067 1484 1107 sufficientem
1506 1070 1600 1106 atque

139 1104 360 1146 ormi-§expers
373 1107 526 1138 criminis.
573 1107 621 1138 Tu
635 1116 708 1138 vero
723 1107 802 1138 nihil
814 1108 929 1139 scribes
944 1111 999 1139 aut
1014 1118 1088 1147 agen
1109 1109 1255 1140 Minerva
1273 1112 1482 1148 repugnante.
1527 1109 1600 1144 Hoc

141 1145 201 1177 tibi
213 1149 261 1179 eet
275 1147 435 1187 ingenium
450 1153 481 1180 et
495 1149 662 1188 judicium.
686 1150 734 1180 At
746 1151 774 1180 si
788 1150 948 1191 quidpiam
963 1150 1127 1191 aliquando
1137 1151 1268 1191 ser-ibas,
1278 1150 1436 1182 committe
1450 1151 1527 1182 illud
1543 1161 1600 1182 aa·

140 1187 226 1220 ribus
239 1193 269 1221 et
284 1191 424 1223 examini
441 1192 564 1233 Tarpae,
577 1192 738 1233 patrisque
753 1193 814 1232 lui,
828 1196 860 1224 et
876 1196 992 1224 nostro.
1026 1193 1112 1229 Quin
1126 1196 1157 1225 et
1172 1195 1300 1225 reconde
1315 1194 1355 1225 ad
1369 1203 1465 1226 anuos
1478 1204 1598 1225 novem.

748 1276 864 1288 “00‘'
869 1276 986 1288 ‘eece‘

139 1345 182 1369 11.
195 1337 263 1370 613
286 1339 364 1370 Fea.
399 1341 440 1371 ad
463 1349 560 1372 unum
583 1339 740 1380 Angelic.
758 1342 896 1372 1.-382
918 1341 1000 1372 Vat.
1018 1342 1067 1372 18.
1084 1350 1215 1372 versum.
1253 1341 1353 1373 Harl.
1369 1344 1401 1373 7.
1416 1343 1510 1373 audet
1523 1342 1600 1374 scri-

139 1379 219 1412 bere.
255 1381 387 1412 Heller.
401 1381 488 1416 Quid
509 1382 545 1412 m'
567 1385 614 1412 est
625 1381 748 1413 ’.Λ-385
772 1383 851 1413 Vat-
865 1385 896 1414 9.
919 1383 999 1414 Vat.
1018 1382 1186 1414 ottobon.
1203 1385 1235 1413 2.
1258 1388 1295 1414 et
1315 1384 1472 1416 Vallicel.
1491 1387 1520 1414 1.
1544 1385 1603 1422 sa·

137 1421 203 1453 eiu
214 1422 368 1463 dicesque.
403 1423 664 1463 Cuning.sacz'es
675 1424 810 1456 dicme.
843 1424 913 1455 Alii
941 1434 996 1464 ap.
1016 1425 1132 1463 Feam,
1153 1425 1234 1456 dices
1253 1425 1537 1467 faciesque.—386
1561 1427 1602 1458 Id

136 1463 236 1503 iibij.
249 1467 317 1496 esto
332 1466 481 1497 nonnulli
494 1465 595 1497 codd.
614 1475 669 1506 ap.
685 1467 800 1497 Fearn.
837 1467 948 1507 siquod
974 1471 1077 1498 tamen
1090 1467 1330 1500 Hellen—38⁷
1352 1470 1363 1486 ‘
1378 1468 1465 1501 Meci
1479 1469 1599 1501 Lamb-

138 1511 174 1538 et
189 1507 295 1549 Crnq.
341 1508 438 1539 Moeci
454 1508 568 1540 Bentl.
583 1518 625 1540 ex
640 1509 708 1540 Ms.
726 1513 803 1549 post
817 1509 1048 1550 Pithopoeum.
1095 1510 1194 1541 Metii
1209 1515 1399 1550 agnoscunt
1414 1516 1450 1543 et
1464 1511 1548 1543 Mss.
1566 1516 1603 1543 et

139 1548 268 1588 Acron,
284 1560 360 1581 cnm
376 1551 654 1583 Commentatore
670 1551 866 1592 Cruquiano
881 1562 890 1591 3
915 1552 972 1593 qui
989 1557 1102 1584 tamen
1117 1559 1222 1591 errat,
1239 1563 1314 1584 cum
1331 1554 1463 1593 scribit,
1484 1554 1599 1593 legen-

139 1591 218 1627 dum
231 1602 307 1624 esse
329 1593 414 1625 Meti
430 1603 492 1634 pro
508 1593 617 1625 Meni.
663 1594 781 1625 Prima
794 1595 884 1626 enim
901 1595 1032 1636 syllaba
1050 1595 1162 1627 brevis
1179 1600 1233 1627 est
1258 1596 1363 1627 etiam
1390 1596 1482 1638 apud
1499 1597 1598 1638 Virg.

140 1642 224 1666 vlu.
240 1633 316 1666 AEn.
331 1638 408 1668 642.
432 1635 593 1678 quicquid
617 1635 666 1667 ibi
691 1637 783 1668 dicat
808 1637 944 1668 Pierius
967 1638 1175 1670 Valerianus
1197 1638 1240 1669 de
1268 1639 1369 1670 variis
1385 1639 1600 1671 lectionibus.

139 1675 213 1709 Jos.
228 1677 380 1710 Castalio
394 1678 543 1710 Observ.
555 1678 630 1710 dec.
647 1688 681 1711 v.
695 1682 728 1710 4.
750 1680 923 1719 observat,
936 1681 1137 1712 Lambinnm
1154 1686 1190 1712 et
1207 1681 1395 1722 Cruquium
1411 1691 1528 1713 vocem
1543 1691 1604 1722 per

139 1718 387 1760 diphthongum
413 1721 566 1752 scribere
593 1721 751 1752 debuisse
768 1722 885 1758 Mam-1⁸5
907 1723 997 1763 quod
1022 1728 1143 1763 postea
1173 1725 1307 1754 notavit
1334 1733 1468 1765 quoque
1497 1724 1605 1755 Bent-

139 1761 238 1792 leius.
280 1763 390 1802 Metii,
411 1768 450 1795 ut
476 1768 512 1794 et
535 1763 661 1800 Meuii,
683 1763 886 1804 frequentes
910 1765 944 1795 in
967 1765 1192 1796 marmoribus
1219 1767 1379 1807 scriptis;
1405 1772 1440 1797 et
1461 1766 1602 1797 secundi

141 1803 246 1835 etiam
271 1804 305 1835 iu
330 1805 484 1836 nummis.
529 1805 788 1837 commentator
812 1807 1023 1847 Crnqnianus
1045 1807 1107 1848 ait,
1132 1812 1285 1838 nostrum
1313 1809 1469 1840 criticum
1496 1808 1604 1840 fuisse

142 1845 302 1917 {parium
318 1847 466 1878 Metium
481 1847 641 1887 Tarpam,
657 1847 700 1878 de
717 1857 784 1887 qno
811 1857 834 1879 1.
857 1849 932 1880 Sat.
957 1851 1009 1880 10.
1033 1851 1087 1881 38.
1122 1850 1222 1880 Mutii
1236 1850 1303 1882 Ms.
1321 1850 1463 1882 Achillis
1478 1851 1604 1884 Statii!

175 1897 191 1918 e
212 1911 221 1920 .
265 1889 374 1919 Mechi
389 1889 522 1920 Heller.
561 1889 669 1920 Moetii
684 1899 770 1921 unus
785 1900 838 1930 ap.
854 1891 975 1923 Jaeck.
1008 1892 1144 1923 discedat
1162 1893 1242 1923 Vnt.
1260 1893 1373 1924 Palat.
1387 1896 1420 1925 4.
1438 1894 1517 1925 Vat.
1537 1894 1600 1925 Ot-

144 1929 262 1962 tobon.
274 1933 307 1962 2.
331 1931 449 1964 Zarot.
465 1932 606 1963 Venett.
623 1934 719 1964 1481.
739 1934 834 1964 1483.
852 1935 947 1965 1486.
966 1936 1062 1966 1490.
1077 1936 1174 1966 1495.
1190 1939 1227 1967 et
1249 1935 1400 1967 Florent.
1417 1939 1511 1968 1482.
1549 1936 1602 1968 Cf.

796 2027 939 2060 NOTAE

142 2094 178 2121 et
194 2091 269 2120 169.
293 2089 483 2122 ‘Garrulus
508 2091 541 2122 in
567 2091 644 2122 laxo
660 2101 722 2122 cur
738 2101 844 2122 annn-
940 2093 1050 2124 Invita
1065 2094 1230 2135 Minerva]
1254 2095 1462 2128 Reluotante
1488 2102 1526 2128 et
1552 2098 1603 2128 in-

141 2140 195 2170 lus
217 2138 302 2171 orbe
325 2141 491 2181 vagatur?
535 2141 646 2173 Cedat
663 2145 699 2173 ut
713 2142 843 2183 argutis
897 2141 990 2175 festa
1010 2144 1073 2175 hac
1100 2145 1176 2176 Dea
1200 2146 1324 2177 artium
1350 2147 1496 2179 omnium
1514 2158 1602 2188 prae-

141 2188 243 2221 obvia
256 2189 356 2221 turba
371 2189 524 2223 trochin.¹
897 2193 993 2234 side;
1023 2194 1096 2226 sine
1127 2195 1225 2235 cujus
1250 2206 1316 2236 ope
1346 2197 1429 2228 nihil
1454 2197 1602 2230 feliciter

183 2231 248 2272 382
272 2240 408 2282 Quidni]
429 2241 618 2283 Prolepsis.
642 2242 748 2275 Quasi
762 2253 843 2274 vero
897 2244 1074 2286 quisquam
1105 2246 1216 2277 moliri
1247 2248 1351 2279 valet.
1398 2248 1499 2279 Unde
1525 2259 1601 2289 pro·

141 2290 199 2336 illa
213 2295 329 2324 essent
346 2291 389 2323 ad
407 2291 534 2333 poe'sim
548 2291 757 2333 adjumenta,
766 2304 844 2335 pro·
898 2294 994 2327 verb.
1010 2295 1045 2326 in
1061 2305 1119 2326 eos
1135 2296 1193 2337 qui
1205 2296 1288 2327 illud
1302 2301 1440 2329 tentant
1452 2298 1494 2328 ad
1511 2298 1602 2339 qnod

142 2340 244 2380 bitus,
257 2341 429 2380 nobilitas,
445 2351 538 2384 opes.
898 2354 918 2376 a
947 2350 1071 2377 natura
1103 2346 1242 2378 minime
1278 2349 1468 2388 comparati
1498 2354 1577 2379 sunt
1591 2359 1601 2386 3

187 2393 252 2422 888
274 2391 384 2432 Liber]
406 2392 506 2424 Licet
526 2403 590 2434 ego
605 2393 722 2426 facere
737 2395 844 2437 quod·
897 2395 1055 2437 quodque
1082 2401 1270 2437 propterea
1301 2406 1473 2439 nunquam
1504 2402 1602 2429 recte

146 2450 291 2482 cumque
305 2441 403 2474 libet.
897 2451 1127 2486 exequuntur.

190 2492 310 2524 Census
322 2493 506 2534 equestrem]
539 2494 594 2526 De
610 2494 668 2526 illo
682 2495 716 2527 iu
732 2496 846 2537 Epod.
939 2497 1003 2526 387
1027 2495 1139 2535 Metii]
1164 2495 1222 2536 Sp.
1245 2495 1374 2527 Metius
1398 2496 1515 2537 Tarpa
1537 2497 1601 2527 cri·

146 2553 196 2575 lv.
241 2537 540 2583 Ite1n1.Episi.l.
897 2544 988 2575 ricus
1014 2545 1188 2584 optimus:
1213 2545 1258 2576 de
1284 2554 1352 2586 quo
1371 2545 1444 2585 jam
1467 2550 1548 2576 aute
1575 2555 1599 2577 ι.

188 2592 250 2624 385
276 2592 324 2623 Tu
346 2591 426 2623 nihil
449 2593 560 2632 invita,
581 2593 650 2633 δῖα]
682 2594 843 2626 Pisonum
896 2594 971 2625 Sat.
988 2594 1041 2623 10.

140 2643 304 2684 juvenum
321 2641 484 2682 majorem
502 2643 694 2683 alloquitur.
709 2644 759 2674 Tu
771 2645 843 2684 qui-
941 2644 1005 2673 388
1029 2642 1153 2682 Patris]
1191 2642 1261 2673 Hic
1287 2643 1376 2673 enim
1401 2647 1476 2676 erat
1501 2645 1600 2678 valde

145 2691 222 2723 dem
251 2701 328 2723 cum
351 2691 440 2722 bona
461 2690 587 2727 indole,
611 2701 692 2723 sana
717 2698 846 2731 mente,
899 2702 1016 2734 sagax,
1030 2692 1239 2733 ingeniosus,
1255 2692 1477 2735 eruditusque
1494 2695 1600 2736 inpri-

145 2742 215 2774 εει-ἱ
228 2741 362 2782 judicio
378 2741 521 2782 polleas,
539 2741 620 2772 nibil
637 2742 846 2782 aggredieris
899 2744 973 2774 mis.
1407 2772 1410 2774 .

145 2801 348 2835 perperam:
373 2791 612 2833 intelligesque
631 2791 708 2834 quid
727 2793 845 2833 possis,
943 2793 984 2823 Et
1017 2791 1156 2836 nostrus]
1181 2791 1309 2824 Amice(
1328 2793 1399 2835 agit
1425 2803 1466 2826 ac
1493 2795 1599 2827 fideli-

147 2849 187 2875 ut
201 2843 312 2875 omnia
328 2843 393 2874 rite
411 2847 566 2883 praestes.
900 2848 964 2874 ter.
