1916 3262
379 267 488 309 1288
839 281 880 316 Q.
913 278 1116 307 nonATu
1150 279 1317 310 rimcci

375 372 390 392 ‘
408 369 641 410 Fortunam
664 370 822 410 Priami
843 370 1028 409 cantabo
1049 373 1092 409 et
1111 371 1254 411 nobile
1275 371 1465 412 bellum.’

379 434 498 484 Quid
519 435 694 486 dignum
713 439 830 474 tanto
850 434 958 474 feret
975 434 1045 474 hic
1066 436 1302 486 promissor
1318 438 1472 477 hiatu?

376 499 629 540 Parturiunt
648 503 837 551 montes;
866 503 1065 540 nascetur
1083 500 1289 542 ridiculus
1309 515 1418 542 mus.

378 564 558 614 Quanto
577 566 735 605 rectius
755 566 839 614 hic,
860 567 934 618 qui
953 566 1011 606 nil
1029 566 1199 606 molitur
1219 567 1387 619 inepte!

377 633 390 650 ‘
410 630 493 671 Dio
515 631 632 680 mihi,
653 631 797 680 Musa,
816 632 967 680 virum,
988 637 1129 684 captae
1151 636 1251 684 post
1270 638 1462 686 tempora
1481 631 1642 683 Trojae,

1706 567 1788 607 140

375 762 447 792 olim
460 764 549 802 poeta
564 764 722 803 cyclicus:
743 764 913 794 Fortunam
929 763 1046 793 Priami
1059 762 1184 792 cantabo
1197 766 1227 793 et
1245 763 1340 794 nobile
1351 764 1467 795 bellum.
1510 763 1630 804 Ecquid
1643 763 1702 793 iste
1718 769 1790 800 pro-

375 804 485 834 missor
504 805 584 836 dicet
599 810 661 836 tam
682 806 744 836 alto
757 806 883 843 dignum
894 805 1041 835 exordio?
1083 805 1207 834 Montes
1221 805 1309 835 edent
1322 809 1456 844 portum,
1479 806 1594 836 orietur
1617 814 1681 835 mus
1695 804 1790 833 risum

375 846 524 878 excitans.
565 847 687 882 Quanto
709 847 816 878 melius
837 847 864 877 is
877 847 930 886 qui
943 846 1022 876 nihil
1040 855 1196 884 perperam
1208 847 1296 884 agit.-
1318 847 1512 890 Resermihi,
1525 857 1542 877 o
1566 847 1669 884 Musa,
1692 844 1792 876 virum

970 947 1199 959 eecemoem

372 1008 496 1045 Cfflon.
514 1015 607 1042 1611.
651 1011 704 1043 ΑΙ.
723 1013 977 1052 Cyanam—137
995 1013 1075 1043 Exc.
1091 1013 1168 1043 Sax.
1192 1016 1222 1044 et
1235 1013 1332 1044 nobile
1346 1014 1590 1052 regnum—138
1607 1012 1692 1047 Quid
1706 1014 1792 1042 lanto

368 1053 452 1090 seret
469 1053 517 1083 hia:
531 1054 658 1092 dignum
676 1053 828 1093 professor
842 1054 928 1084 hiatu
944 1055 1020 1084 Vat.
1035 1057 1067 1085 9.
1091 1058 1177 1085 tanto
1191 1055 1320 1092 dignum
1341 1055 1419 1086 Vat.
1436 1055 1530 1085 Rom.
1545 1056 1576 1085 3.
1590 1057 1622 1084 6.
1646 1053 1792 1083 Chisian.

376 1096 408 1123 6.
425 1098 459 1124 et
472 1095 625 1125 Vallicel.
640 1097 669 1124 1.
693 1095 777 1129 Quid
790 1096 875 1132 feret
900 1095 948 1125 hic
973 1096 1100 1134 dignum
1125 1098 1211 1126 tanto
1226 1095 1448 1126 Zarot.—139
1470 1095 1480 1113 ‘
1498 1095 1686 1126 parturiunt
1700 1094 1794 1124 Vatt.

377 1134 474 1165 Rom.
489 1138 519 1165 2.
533 1138 564 1166 8.
586 1135 652 1166 duo
668 1136 767 1166 codd.
784 1136 973 1173 Pulmanni,
989 1147 1068 1167 unus
1085 1147 1138 1176 ap.
1153 1138 1281 1167 Valart.
1297 1147 1379 1167 tinus
1395 1137 1474 1168 item
1491 1136 1647 1172 Bentleii,
1669 1135 1727 1175 qni
1750 1144 1793 1165 ex

376 1175 451 1215 hoc,
475 1181 510 1206 et
532 1177 611 1216 quia
634 1178 666 1206 S.
680 1177 903 1217 Hieronymus
926 1184 1045 1208 contra
1062 1179 1228 1210 Joviuian.
1245 1179 1301 1210 lib.
1318 1187 1341 1208 ι.
1356 1179 1462 1217 princ.
1478 1179 1525 1208 ita
1541 1177 1671 1216 scribit,
1685 1176 1795 1207 intulit

376 1217 409 1246 iu
434 1222 572 1248 textum.
616 1218 831 1249 Levissimum
851 1228 929 1249 sane
955 1224 1184 1259 argumentum
1213 1220 1254 1250 ab
1277 1220 1338 1250 hoc
1351 1220 1384 1250 S.
1402 1219 1597 1259 Hieronymi
1621 1219 1694 1249 loco
1709 1218 1795 1257 petit

377 1258 591 1297 emendator}
613 1262 677 1290 non
704 1259 818 1290 videns
843 1261 876 1290 S.
892 1261 1075 1291 Doctorem
1091 1263 1249 1292 sermonis
1274 1262 1323 1292 sui
1345 1261 1518 1292 contextui
1533 1269 1646 1290 vocem
1663 1263 1795 1299 aptasse

377 1301 538 1340 praesenti
554 1305 717 1340 ternpore,
734 1311 798 1341 quo
813 1302 1024 1341 loquebatur,
1046 1303 1054 1319 ‘
1073 1303 1148 1333 Non
1165 1308 1216 1333 est
1232 1307 1407 1333 contentus
1425 1299 1654 1343 (Jovinianus)
1669 1305 1794 1339 nostro,

376 1341 410 1370 id
432 1345 498 1379 est,
520 1342 662 1372 humano
687 1351 777 1372 more
803 1343 913 1382 loqui3
935 1343 1033 1373 altius
1050 1343 1205 1383 quiddam
1231 1344 1445 1383 aggreditur:
1471 1343 1656 1373 Parturiunt
1668 1345 1795 1376 montes,

377 1385 519 1412 nascetur
531 1383 681 1414 ridiculus
696 1386 782 1414 mus!
812 1383 1023 1413 Credendum
1040 1385 1150 1421 potius
1165 1383 1303 1420 Acroni,
1316 1384 1452 1414 Valerio
1466 1383 1579 1414 Probo
1593 1383 1690 1414 cath.
1705 1382 1794 1422 apud

377 1423 516 1461 Putsch.
532 1432 561 1453 c.
577 1427 669 1455 1468.
686 1430 720 1454 et
735 1424 851 1454 Servio
867 1423 908 1454 ad
924 1425 1015 1461 Virg-
1029 1424 1103 1455 AEn.
1126 1433 1206 1455 vni.
1223 1427 1274 1455 83.
1308 1424 1556 1462 Grammaticis,
1572 1424 1627 1463 qui
1643 1425 1795 1454 consulto

379 1473 493 1495 vocem
511 1464 672 1496 referunt.
710 1465 764 1496 lta
775 1466 875 1496 etiam
891 1465 1025 1504 exigere
1041 1470 1233 1496 contextum
1250 1466 1322 1505 quis
1337 1475 1401 1496 non
1418 1465 1591 1503 intelligit?
1620 1464 1797 1501 Quidseret

377 1505 449 1537 hic?
470 1506 596 1546 inquit:
621 1507 764 1544 eveniet,
779 1507 866 1547 qnod
885 1512 938 1537 est
957 1507 989 1536 in
1016 1507 1205 1547 proverbio,
1226 1507 1411 1538 Parturient
1425 1510 1552 1546 montes,
1565 1509 1707 1537 nascetur
1719 1506 1795 1535 ridi-

377 1548 463 1577 culus
477 1557 553 1578 mus.
598 1548 719 1579 Omnia
735 1547 847 1579 futuro
863 1553 1024 1587 tempore.
1068 1548 1109 1578 In
1133 1549 1206 1588 ipso
1232 1549 1407 1588 proverbio
1423 1547 1545 1578 Graeco
1560 1547 1646 1588 apud
1665 1547 1794 1577 Erasm.

378 1587 489 1628 Adag.
517 1598 591 1628 pag.
617 1592 690 1620 270.
712 1589 794 1620 edit.
819 1593 910 1620 1617.
934 1595 996 1628 est,
1016 1590 1116 1620 ὤδινεν
1137 1588 1232 1630 οὖρος,
1254 1590 1444 1628 parturiebat
1465 1599 1560 1620 mons.
1604 1589 1795 1628 Sequuntur

378 1630 569 1660 Bentleium
597 1631 736 1669 pedibus
761 1640 940 1670 anonymus
960 1631 1049 1670 Traj.
1073 1632 1114 1661 ad
1136 1632 1240 1661 Rhen.
1259 1634 1349 1662 1713.
1374 1631 1458 1662 Cun.
1475 1631 1576 1661 Baxt.
1591 1630 1668 1660 San.
1684 1630 1794 1660 Merv.

379 1670 481 1701 Gesn.
495 1671 642 1711 sandby,
665 1673 739 1702 Val.
762 1673 846 1703 Dor.
862 1672 977 1702 Oberl.
993 1673 1131 1710 Combe,
1147 1671 1278 1703 Wakef.
1295 1673 1406 1703 Wetz.
1421 1672 1526 1703 Zeun.
1541 1670 1695 1702 Schelle!
1721 1671 1792 1702 Fea.

378 1714 480 1742 -141
505 1712 657 1752 Angelic.
673 1716 702 1743 l.
720 1723 738 1743 a
754 1722 795 1744 m.
811 1723 878 1744 sec.
894 1713 1049 1744 Vallicel.
1064 1716 1094 1744 l.
1111 1723 1193 1744 uinus
1209 1712 1329 1744 Achill.
1347 1714 1460 1752 Statii,
1474 1721 1557 1744 unus
1572 1713 1699 1753 Vatari,
1711 1721 1794 1743 unus

1018 1819 1048 1849 N
1055 1818 1155 1849 OTAE

379 1889 489 1910 rerum
505 1890 543 1910 eo
560 1889 702 1920 corpore
723 1880 1058 1920 comprehensarum:

377 1930 465 1969 quod
482 1929 590 1965 valde,
603 1930 757 1970 congruit
768 1931 816 1960 illi
827 1930 962 1960 Horatii
976 1930 1060 1968 loco,

377 1980 434 2009 ubi
446 1978 641 2018 ineptiarum
654 1979 833 2010 arcessitur
847 1979 874 2008 is
886 1989 983 2019 quem
997 1980 1060 2019 Cy—

1114 1881 1123 1897 ‘
1140 1880 1216 1911 Hoc
1238 1879 1400 1919 scriptum
1424 1885 1475 1910 est
1495 1878 1569 1918 tibi,
1592 1878 1658 1911 Qui
1675 1887 1796 1918 magna

1114 1938 1188 1959 cnm
1214 1928 1360 1966 minaris,
1387 1928 1529 1958 extricas
1553 1927 1653 1958 uit-it)
1695 1927 1797 1957 Usur-

1115 1982 1215 2016 patui·
1237 1986 1357 2016 nempe
1381 1977 1435 2006 illa
1459 1976 1562 2007 dictio
1579 1974 1793 2014 proverbialis

377 2027 498 2058 clicum
514 2029 672 2058 nominat.
697 2027 782 2058 Haec
797 2028 906 2058 omnia
917 2027 1059 2057 casaub.

378 2076 436 2106 cit.

422 2125 482 2154 137
497 2123 666 2153 Fortunam
681 2122 820 2162 Priami]
843 2122 1003 2153 Carminis
1019 2120 1061 2151 de

379 2173 516 2203 Priamo
536 2173 643 2212 deque
659 2172 747 2202 bello
763 2172 908 2211 Trojano
931 2171 1060 2202 initium

378 2226 431 2252 est
446 2221 542 2251 nimis
556 2219 717 2251 inflatum.

421 2273 482 2301 138
505 2269 621 2308 Hiatu]
646 2270 780 2300 Persius
799 2269 933 2300 Horatii
955 2269 1062 2299 locum

377 2319 465 2349 hunc
482 2320 655 2350 revolvens
676 2319 724 2350 ita
743 2319 878 2358 scripsit
898 2319 967 2350 Sat.
984 2326 1017 2348 v.
1033 2320 1063 2348 2.

375 2370 384 2385 ‘
403 2369 530 2399 Fabula
552 2377 611 2398 seu
633 2374 750 2398 moesto
775 2371 918 2408 ponatur
940 2366 1063 2397 hianda

378 2418 554 2458 tragoedo..
571 2423 666 2449 ..aut
681 2422 819 2458 quantas
843 2416 970 2448 robusti
991 2425 1063 2448 car-

378 2467 474 2498 minis
500 2465 581 2497 offas
609 2466 751 2506 Ingeris,
773 2469 837 2498 &c.
879 2467 929 2497 Tu
954 2475 1063 2506 neque

379 2517 559 2554 anhelanti,
575 2516 732 2556 coquitur
747 2515 824 2546 dum
841 2525 948 2546 massa
963 2515 1064 2546 cami-

379 2576 435 2605 no,
461 2566 553 2597 Folle
578 2565 702 2606 premis
730 2570 861 2605 ventos,
883 2568 946 2597 &c.
989 2565 1063 2596 Nec

378 2616 512 2655 stloppo
550 2615 692 2647 tumidas
727 2615 871 2646 intendis
910 2623 1064 2655 rumpere

378 2663 521 2694 buccas!

421 2713 482 2742 139
505 2712 693 2744 Parturiunt
717 2713 848 2753 montes]
877 2713 929 2744 Ex
950 2713 1063 2753 AEsopi

380 2759 460 2793 Fab.
477 2759 639 2791 Phaedrus
656 2770 726 2792 rem
741 2762 911 2802 explicans
928 2762 976 2794 sic
992 2762 1061 2794 ait:

1112 2025 1146 2055 in
1165 2035 1220 2056 eos
1237 2026 1292 2065 qui
1316 2034 1434 2064 magna
1456 2028 1626 2055 ostentant
1641 2033 1681 2054 ac
1702 2023 1797 2062 polli-

1113 2079 1252 2112 centur;
1289 2073 1423 2103 minima
1458 2082 1547 2111 vero,
1574 2077 1612 2102 ut
1645 2072 1716 2102 fere
1745 2071 1797 2111 fit,

1114 2127 1288 2162 praestant.
1309 2121 1464 2161 Improbe
1482 2126 1592 2152 autem
1609 2121 1690 2152 etin
1703 2130 1796 2151 suam

1114 2171 1297 2211 perniciem
1329 2171 1394 2200 tale
1420 2170 1594 2201 dicterium
1619 2170 1796 2210 aliquando

1102 2220 1278 2260 jactarunt
1293 2218 1440 2258 AEgyptii
1462 2228 1536 2248 cum
1560 2227 1619 2249 suo
1635 2227 1714 2258 rege
1734 2219 1797 2249 Ta-

1111 2269 1184 2299 cha.
1221 2266 1488 2298 Lacedaemonios
1503 2266 1715 2297 auxiliatores
1729 2267 1798 2306 pri-

1111 2317 1186 2348 dem
1202 2317 1250 2347 illi
1265 2321 1505 2356 expectarant:
1535 2315 1591 2346 ubi
1609 2315 1798 2355 Agesilaum

1111 2376 1223 2406 regem
1243 2366 1375 2396 demum
1391 2365 1574 2395 adventare
1590 2369 1721 2396 statura
1741 2374 1799 2404 pu-

1111 2417 1221 2447 sillum
1244 2418 1457 2454 aspexerunt,
1472 2423 1536 2444 non
1559 2414 1632 2444 sine
1653 2414 1799 2445 ludibrio

1112 2465 1250 2496 dixere:
1268 2463 1389 2494 Ὤδινεν
1411 2465 1490 2502 ὄρος,
1511 2463 1582 2495 Ζεὺς
1597 2464 1620 2494 δ’
1644 2464 1798 2503 ἐφοβεῖτο·

1115 2513 1151 2545 τὸ
1166 2514 1189 2544 δ’
1203 2513 1306 2544 ἔτεκεν
1318 2513 1387 2550 μῦν.
1410 2512 1610 2543 parturiebat
1625 2522 1720 2551 mons,
1726 2512 1798 2551 for-

1116 2564 1251 2594 midabat
1272 2563 1416 2602 Jupiter.-
1447 2562 1498 2593 ille
1523 2571 1593 2592 vero
1616 2571 1798 2602 mur-empe-

1112 2613 1206 2652 perit.
1261 2612 1336 2644 Quo
1363 2610 1513 2642 alienatis
1535 2610 1797 2642 Lacedaemoniis

1114 2661 1264 2702 AEgyptii
1285 2658 1453 2701 profligati
1469 2659 1691 2700 arrogantiam
1706 2668 1796 2691 uuam

1115 2712 1261 2742 luerunt.
1535 2733 1539 2739 .
1767 2727 1770 2730 -

1157 2763 1215 2792 141
1239 2760 1301 2792 Dic
1324 2759 1412 2800 milii,
1434 2758 1541 2798 Musa,
1554 2755 1667 2796 virum]
1690 2756 1794 2789 Exor-
