1916 3262
349 264 461 306 1404

350 362 497 395 moribus
517 366 554 394 et
579 363 656 394 vitae
681 373 817 403 genere,
837 365 958 397 Strabo
975 367 1031 398 lib.

350 418 406 441 ιιι.
427 410 483 440 De
495 410 634 441 victoria
642 411 781 442 Caesaris
792 413 824 443 in
836 414 1034 453 Cantabros,

350 459 576 498 Astures‚&c.
607 460 726 492 Florus
753 470 802 493 tv.
823 465 873 494 12.
917 464 1031 494 canta-

349 508 436 539 brum
458 508 628 548 indoctum]
661 510 826 549 Populum
858 511 1031 551 Hispaniae

346 555 596 592 ferocissimum,
608 556 663 596 qui
678 557 823 588 nondum
835 558 954 589 didicit
967 560 1032 590 Ro-

347 613 444 636 mano
459 605 606 644 Imperio
622 605 768 636 obedire.

390 656 409 683 3
432 654 591 684 Borboros
605 654 730 693 Syrtes]
749 654 867 694 Syrtes
886 654 1032 694 inhospi-

348 702 446 732 tales.
488 701 575 732 Vide
595 710 621 732 1.
640 701 707 733 Od.
726 704 780 734 22.
827 703 889 733 Ubi
903 701 1033 740 Maura]

347 751 415 781 Ubi
446 750 537 781 unda
567 749 731 781 Africana
761 751 866 781 veluti
897 750 1031 781 fervens

348 799 509 830 exundat.
551 799 665 841 Maura
679 798 774 838 undu]
791 799 956 838 Crnquius
972 798 1034 828 du·-

347 847 447 884 bitat,
468 856 509 877 au
532 856 596 877 non
615 847 791 886 legendum
808 848 927 882 Malva,
945 847 1032 886 qnod

347 894 470 926 flumen
487 904 560 926 esse
574 895 658 926 dicit
672 897 847 926 maximum
861 896 903 926 ab
913 896 1033 927 Orien-

350 948 385 974 te
405 944 447 974 ad
463 944 702 975 Mauritaniam
721 944 946 984 Tingitanum,
960 953 1032 985 quae

348 991 474 1023 Africae
490 996 544 1023 est
559 993 687 1022 ultima.
711 991 849 1022 Orosius
865 1001 889 1022 ι.
906 995 935 1024 2.

390 1044 408 1070 5
437 1041 532 1071 Tibur
546 1041 666 1079 Argeo]
689 1041 763 1071 Duo
778 1040 962 1071 fidelissimi
978 1050 1034 1072 co-

349 1087 439 1118 dices
454 1088 586 1126 Argivo.
631 1089 774 1118 Positum
792 1088 909 1127 colono]
930 1090 1034 1119 Tibur

348 1135 519 1166 conditum
534 1145 554 1166 a
567 1136 714 1167 Tiburno
729 1137 848 1167 colono
865 1136 1002 1176 Argivo.

390 1183 426 1223 [6
447 1184 673 1216 Schoenborn.
688 1187 719 1215 2.
735 1185 847 1215 iterum
861 1185 1014 1224 πωπω]

390 1235 409 1262 7
426 1232 479 1262 Sit
492 1233 613 1272 modus]
633 1233 770 1264 Utinam
786 1233 891 1264 Tibur
905 1234 948 1264 sit
961 1233 1035 1265 finis

347 1282 440 1321 mihi,
465 1283 746 1323 navigationibus,
783 1284 971 1323 itineribus,
999 1287 1035 1314 et

349 1331 469 1361 militia
484 1331 680 1370 defatigato.

391 1381 412 1408 9
438 1378 536 1413 Unde,
550 1379 578 1409 si
591 1379 716 1419 Porcae]
740 1378 770 1410 A
788 1388 852 1418 qno
867 1378 993 1409 Tibure
1006 1379 1033 1409 si

349 1426 478 1463 Parcae,
502 1426 534 1457 id
561 1431 624 1464 est,
648 1433 715 1457 tres
738 1437 866 1458 sorores
892 1427 1032 1458 lanificae

350 1473 480 1513 (Erebi,
508 1478 543 1504 et
572 1474 691 1505 Noctis
717 1474 812 1515 fitiae)
842 1484 893 1505 me
923 1475 1032 1514 prohi-

350 1521 442 1552 bent.

394 1572 434 1600 10
456 1570 579 1601 Ponitis
594 1570 715 1609 ovibus]
749 1572 804 1602 De
830 1571 947 1601 ovibus
973 1571 1035 1601 Ta-

350 1617 500 1655 rentinis,
529 1627 609 1657 quas
635 1626 670 1649 et
697 1619 834 1649 Graecas
861 1619 1036 1658 vocabant,

350 1665 520 1704 loquitur;
545 1676 618 1705 quae
638 1667 679 1697 ad
703 1668 863 1697 hirtarum
880 1666 1035 1698 differen-

351 1713 431 1744 tiam
447 1714 456 1730 ‘
473 1717 572 1744 tectae
586 1714 595 1727 '
617 1715 717 1745 etiam
733 1721 768 1745 et
789 1716 799 1732 ‘
815 1716 942 1754 pellitae
955 1716 964 1729 ’
987 1716 1036 1746 di-

350 1762 535 1801 cebantur3
558 1764 647 1803 quod
665 1764 805 1803 pellibus
821 1764 966 1803 desuper
982 1765 1037 1795 ad-

352 1821 467 1842 versus
482 1811 566 1843 aeris
587 1813 738 1852 injuriam
760 1813 973 1852 tegebantur,
990 1813 1038 1844 uti

351 1861 484 1891 caeteris
497 1861 678 1891 molliores.
702 1862 809 1892 Varro
824 1870 876 1892 xi.
889 1864 937 1892 lt.
947 1862 986 1893 R.
1000 1863 1038 1893 R.

353 1908 481 1940 Colum.
492 1918 559 1940 vn.
570 1912 602 1940 4.
619 1910 743 1940 Errant
754 1911 868 1950 itaque
881 1910 934 1950 qui
946 1911 955 1928 ‘
968 1911 1039 1949 pul·

351 1956 439 1986 latis'
450 1957 516 1995 legi
528 1958 650 1988 debere
662 1959 883 1989 contendunt.
899 1959 1038 1990 Torrent.

352 2005 475 2036 Pettius
487 2005 607 2044 ovibus]
639 2005 748 2036 Adibo
764 2006 924 2036 Galesum
945 2006 1038 2036 Cala-

351 2053 434 2083 briae
444 2052 882 2092 fluviumjuxta'l‘arentum,
890 2053 946 2083 ubi
959 2063 1036 2084 oves

353 2101 426 2131 aliis
450 2101 594 2140 pellibus
624 2106 846 2141 praeterqnam
871 2102 939 2132 suis
960 2107 1037 2132 sunt

353 2154 525 2189 coopertae
549 2154 687 2189 propter
710 2150 929 2180 excellentem
951 2150 1036 2180 lanae

353 2199 551 2238 bonitatem,
576 2208 618 2229 ue
644 2208 704 2229 sua
719 2199 840 2229 vellera
866 2199 1036 2239 inquinen-

355 2252 410 2278 tur
424 2248 466 2278 ad
487 2247 644 2278 tincturae
661 2252 904 2279 nocumentum.

397 2298 433 2326 11
463 2296 505 2326 Et
517 2299 646 2335 regnata
656 2295 773 2335 petam]
797 2296 842 2326 Et
857 2295 956 2326 adibo
970 2295 1036 2326 Ta-

356 2347 500 2377 rentum,
524 2343 557 2374 in
584 2352 648 2382 quo
679 2343 832 2383 regnavit
859 2343 1039 2374 Phalantus

355 2391 641 2430 Lacedaemonius,
673 2400 738 2430 quo
773 2391 859 2421 duce
889 2391 1038 2422 Lacones

355 2440 520 2480 Apollinis
533 2440 667 2471 oraculo
687 2440 866 2470 Tarentum
882 2439 1040 2470 condide-

357 2493 445 2519 runt.
489 2488 632 2526 Regnum
643 2491 744 2527 pelam
759 2487 891 2527 Laconi]
914 2488 1038 2518 Taren-

358 2541 427 2566 tum
443 2535 537 2571 dicit,
553 2545 627 2576 quae
643 2535 722 2566 urbs
740 2535 804 2566 fuit
818 2545 948 2575 magnoe
962 2536 1040 2567 olim

358 2585 500 2615 Graeciae
516 2584 711 2622 clarissima,
725 2584 789 2614 sita
801 2584 834 2614 in
846 2585 1037 2624 peninsula:

359 2631 447 2661 unde
468 2636 505 2663 et
525 2634 534 2649 ‘
553 2633 726 2672 angulum'
740 2632 890 2672 appellat
912 2631 1038 2664 Poeta:

360 2683 396 2709 et
424 2679 583 2718 originem
613 2681 747 2720 quidem
776 2690 796 2711 a.
823 2681 1040 2712 Cretensibus

360 2727 636 2768 habuit,qnorum
658 2729 735 2760 Dux
759 2730 874 2770 Taras,
889 2730 1040 2770 Neptuni

805 276 941 306 NO'rAE
976 276 1229 306 VARIORUM
1266 277 1314 306 ΙΝ

1080 367 1221 406 filius,ei
1237 377 1356 398 nomeu
1380 367 1508 398 dedisse
1527 367 1687 410 traditur3
1710 369 1759 400 id·

1079 424 1144 455 que
1167 420 1296 446 veteres
1323 415 1424 446 etiam
1451 415 1574 446 nummi
1598 420 1761 447 attestan-

1080 467 1155 501 tur3
1180 468 1297 503 postea
1313 472 1391 493 vero
1413 463 1586 494 Parthenii
1606 463 1763 494 Lacedoe'-

1079 521 1176 541 mone
1212 513 1350 542 incertis
1385 512 1534 550 patribus
1567 511 1645 550 orti,
1677 512 1763 543 duce

1079 559 1255 599 Phalanto,
1270 559 1376 590 locum
1393 563 1612 598 occuparunt,
1629 567 1670 590 ac
1685 568 1761 590 cum

1079 606 1238 646 pleraque
1261 608 1338 645 alia,
1353 611 1422 638 tum
1441 606 1564 638 flumen
1579 607 1626 638 ibi
1649 613 1763 647 reper-

1081 658 1148 683 tum
1176 655 1292 693 patriis
1321 655 1505 686 nominibus
1539 656 1763 695 appellarunt.

1079 702 1164 733 Vide
1177 702 1303 735 Justiu.
1318 704 1375 735 lib.
1392 713 1445 734 ιιι.
1470 705 1612 735 Torreat.

1122 753 1161 781 14
1186 751 1292 787 Ridet,
1307 753 1358 783 ubi
1372 754 1446 793 non]
1475 753 1624 792 Arridet,
1639 754 1763 793 placei.

1083 799 1144 829 Ubi
1157 807 1215 828 non
1228 799 1394 839 Hymetto]
1417 801 1464 831 Ut
1481 801 1568 830 inter
1582 801 1658 832 vina
1676 802 1686 818 ‘
1700 801 1762 832 Fa-

1079 845 1196 884 lerno,'
1209 847 1257 876 sic
1270 848 1358 878 inter
1369 849 1468 879 mella
1482 849 1642 890 Hymetto,
1655 850 1764 890 palma

1080 895 1157 925 olim
1188 895 1340 928 dabatur.
1384 897 1431 928 At
1461 899 1638 930 Tarentina
1666 899 1765 930 mella

1080 953 1153 974 cum
1170 943 1352 983 Hymettiis
1375 948 1577 977 contendere
1599 947 1670 978 vult
1694 946 1765 978 Ho-

1081 992 1198 1030 ratius,
1225 1001 1300 1022 cnm
1331 994 1494 1025 decedendi
1522 995 1625 1026 verbo
1648 996 1764 1026 utitur.

1082 1040 1191 1071 Nemo
1211 1041 1297 1071 enim
1323 1041 1482 1078 inferiori,
1505 1048 1563 1074 aut
1577 1043 1675 1074 etiam
1692 1045 1764 1083 pari

1082 1087 1124 1118 de
1141 1088 1194 1118 via
1214 1088 1316 1127 cedit,
1339 1091 1391 1120 vel
1416 1092 1634 1129 pretereunti
1658 1101 1766 1122 assur-

1083 1136 1142 1174 git.
1164 1136 1231 1168 Qui
1242 1137 1346 1168 honor
1358 1147 1432 1168 cum
1445 1139 1624 1178 majoribus
1638 1143 1767 1171 tantum

1083 1185 1262 1222 tribuatur,
1296 1187 1372 1217 hinc
1406 1189 1616 1228 μεταφορικῶς
1643 1193 1652 1207 ·
1668 1188 1768 1220 dece-

1083 1233 1183 1263 dere’
1212 1238 1248 1265 et
1280 1238 1289 1252 ‘
1306 1244 1479 1276 assurgere
1491 1237 1499 1250 ’
1528 1237 1678 1273 dicimus,
1704 1246 1766 1277 pro

1082 1281 1240 1320 imparem
1255 1292 1290 1314 se
1302 1283 1414 1315 fateri.
1433 1285 1573 1318 Torreat.
1601 1286 1766 1327 Hymetto]

1082 1330 1148 1361 Ubi
1163 1331 1260 1361 mella
1275 1341 1340 1362 non
1353 1333 1435 1364 dant
1447 1334 1567 1370 locum,
1582 1335 1614 1364 id
1631 1338 1695 1370 est,
1711 1335 1767 1364 ubi

1081 1379 1182 1408 mella
1203 1388 1267 1409 non
1290 1385 1368 1410 sunt
1391 1381 1558 1412 deteriora
1579 1382 1678 1412 melle
1693 1392 1767 1412 sua-

1082 1426 1228 1466 vissimo,
1247 1426 1332 1466 quod
1349 1428 1508 1467 colligunt
1529 1438 1608 1468 apes
1630 1429 1664 1459 in
1695 1429 1766 1468 Hy-

1081 1479 1188 1505 metto
1204 1474 1330 1506 Atticae
1347 1482 1472 1515 monte,
1488 1478 1610 1516 thymo,
1626 1477 1765 1516 aliisque

1081 1523 1192 1553 herbis
1209 1523 1383 1554 odoriferis
1402 1524 1605 1556 abundante.
1649 1525 1766 1565 [Scho-

1083 1571 1221 1602 enborn.
1237 1575 1267 1602 2.
1297 1573 1472 1612 Hymetto]

1125 1620 1179 1659 [15
1203 1621 1297 1651 Idem
1321 1621 1439 1658 codex,
1461 1622 1558 1652 Mella
1580 1621 1765 1661 discedam]

1128 1671 1167 1699 16
1189 1669 1292 1699 Bacca
1330 1669 1477 1708 Venafro]
1510 1670 1554 1700 Et
1587 1669 1643 1700 ubi
1679 1669 1767 1700 oliva

1086 1721 1225 1756 propter
1238 1717 1417 1747 bonitatem
1430 1718 1605 1748 contendit
1618 1727 1691 1749 cum
1707 1719 1767 1749 oli-

1086 1772 1139 1798 va,
1155 1773 1228 1802 quae
1247 1764 1354 1794 oritur
1371 1764 1405 1794 in
1420 1764 1580 1804 Venafro,
1591 1765 1716 1805 oppido
1734 1766 1767 1796 in

1088 1812 1280 1852 Campaniae
1300 1813 1415 1843 littore
1431 1813 1515 1844 sito:
1538 1815 1591 1844 vel
1611 1823 1672 1853 pro
1688 1823 1768 1854 agro

1088 1861 1119 1892 ei
1133 1861 1258 1901 oppido
1274 1862 1399 1892 vicino:
1415 1862 1590 1902 oleumque
1605 1862 1769 1895 Venafra-

1087 1919 1163 1940 num
1177 1911 1387 1942 commendat
1404 1919 1444 1942 ιι.
1459 1912 1528 1942 Sat.
1544 1914 1575 1942 2.
1589 1916 1624 1942 et
1639 1915 1670 1943 8.
1684 1950 1693 1957 .
1713 1913 1768 1943 De

1089 1966 1155 1996 quo
1169 1957 1271 1988 etiam
1285 1958 1375 1989 Plin.
1392 1967 1452 1989 xv.
1466 1961 1497 1989 2.
1512 1958 1599 1990 uude
1618 1965 1655 1990 et
1675 1959 1768 1991 Mar-

1087 2004 1176 2034 tialis
1190 2004 1356 2035 distichon
1372 2005 1454 2036 illud
1470 2006 1528 2038 lib.
1543 2014 1629 2038 xrn.
1645 2006 1768 2037 intelli-

1086 2051 1198 2089 gitur:
1233 2056 1241 2069 ‘
1257 2051 1333 2082 Hoc
1359 2052 1422 2083 tibi
1448 2053 1609 2092 Campani
1635 2052 1769 2084 sudavit

1085 2098 1188 2128 bacca
1209 2098 1370 2130 Venafri:
1394 2101 1622 2140 Unguentum,
1637 2102 1768 2142 quoties

1084 2146 1198 2185 sumis,
1214 2151 1250 2177 et
1264 2146 1352 2177 istud
1367 2147 1456 2178 olet!

1128 2197 1167 2224 18
1200 2194 1362 2234 Juppiter]
1398 2195 1477 2227 Aer.
1522 2197 1623 2229 Aulon
1654 2197 1768 2229 Fertiti

1085 2244 1223 2284 Boccho]
1264 2245 1319 2276 Sic
1360 2245 1519 2285 pleraque
1553 2247 1768 2287 exemplaria.

1086 2292 1249 2324 Cauterus
1261 2297 1371 2324 tamen
1383 2298 1419 2324 et
1430 2293 1638 2326 Passeratius
1652 2296 1768 2326 existi-

1087 2345 1176 2371 mant
1189 2341 1363 2380 legendum
1378 2350 1452 2372 esse
1468 2341 1608 2374 Fertilis.
1631 2344 1705 2383 Ego
1716 2353 1768 2374 ve-

1087 2391 1194 2418 terem
1204 2389 1380 2419 lectionem
1389 2399 1498 2424 servo,
1509 2396 1545 2421 ut
1559 2390 1669 2422 Aulon
1681 2392 1769 2424 Bac-

1088 2436 1149 2466 cho
1163 2435 1265 2467 fertili
1280 2437 1395 2468 amicus
1411 2438 1452 2469 ab
1467 2439 1611 2471 Horatio
1625 2440 1768 2476 dicatur,

1089 2485 1364 2524 quemadmodum
1388 2486 1399 2503 ‘
1413 2487 1537 2518 Bacchi
1554 2497 1636 2519 cura
1657 2489 1768 2521 Faler-

1088 2541 1148 2562 nus
1176 2533 1272 2572 ager’
1289 2534 1460 2567 aTibullo.
1504 2536 1684 2569 Possumus
1705 2539 1768 2569 eti-

1087 2590 1139 2611 am
1155 2582 1203 2612 sic
1224 2581 1454 2623 interpretari,
1472 2586 1508 2614 ut
1522 2584 1634 2615 Fer-titt
1646 2585 1768 2617 Bacch

1089 2631 1174 2660 sexti
1190 2639 1287 2661 casus
1301 2630 1344 2660 sit
1367 2640 1426 2670 per
1447 2632 1688 2673 Metonymim
1705 2642 1766 2673 pro

1089 2679 1172 2717 vite,
1195 2678 1289 2718 cujus
1311 2677 1488 2710 feracitate
1510 2680 1619 2712 Aulon
1642 2681 1765 2712 amicus

1089 2728 1131 2758 sit
1142 2727 1293 2764 dominis,
1310 2736 1427 2767 nempe
1442 2727 1484 2759 oh
1499 2727 1670 2760 commoda
1687 2735 1761 2767 quae
