1916 3262
464 318 669 352 HoRA'rn
702 317 975 349 cARMmUM
1009 308 1117 351 [AB.
1139 319 1214 351 111.
1245 310 1289 351 8·

154 413 275 455 Neque
302 413 336 445 iu
367 412 620 446 vias'deorsum
642 410 784 451 despice
807 419 852 441 ex

155 464 238 495 alto.

195 516 250 545 3⁰-
263 513 411 549 Querulae
440 509 562 552 despice
597 508 700 550 tibia]
739 509 852 541 Vocat

154 566 163 580 ‘
179 562 296 594 tibiam
321 560 518 604 querulam,'
540 569 607 592 nou
629 569 697 601 qua
723 563 853 590 amator

154 613 311 654 querelas
335 621 412 644 suas
435 609 731 651 accineret,(quid
753 609 844 640 enim

156 662 186 692 si
201 661 293 693 alind
310 659 438 702 aliquid
449 659 479 701 P)
493 659 552 692 sed
564 659 712 690 molliter
724 668 764 690 ac.
779 667 855 690 sua-

157 711 247 744 viter
282 716 471 744 sonantem.
507 711 551 742 de
574 719 640 751 quo
663 709 779 750 Epod.
801 718 856 741 xt.

157 766 167 779 ‘
181 761 383 795 Queruntur
397 761 431 792 in
447 760 551 801 sylvis
567 759 670 800 aves‚’
682 762 746 791 &e.
764 759 855 790 Torr.

155 811 303 848 Quendae
316 810 454 851 despice]
485 809 670 842 Querentis
687 818 725 841 se
740 809 855 840 imme-

154 860 223 891 rito
237 859 298 891 abs
314 865 349 891 te
369 859 556 892 contemni.

194 910 235 940 81
258 909 307 940 Et
321 913 352 941 te
365 918 448 949 soepe
461 909 603 950 vocanti]
645 907 821 949 Denique,
836 916 858 939 o

152 956 304 1000 Asterie,
319 967 418 990 mane
430 958 649 990 inexorabilis
663 958 807 998 Enipeo,
821 962 858 990 te

152 1007 299 1040 ferream
316 1015 352 1042 et
370 1019 495 1041 saevam
512 1018 605 1050 saepe
623 1009 771 1039 vocanti.

154 1057 239 1090 Onu
260 1067 344 1091 vin.
371 1058 614 1100 Ἐρωτηματική.
651 1058 710 1089 An
725 1058 857 1089 Maton-

196 1115 338 1141 uxum.
361 1111 476 1143 Quum
492 1118 632 1140 uxorem
646 1117 711 1139 non
721 1107 858 1143 habeat,

197 1157 414 1189 nihilominus
444 1158 612 1190 Calendas
636 1158 782 1189 Martias
797 1167 858 1189 cur

197 1207 365 1247 celebret,
385 1209 560 1240 Maecenas
582 1207 700 1239 mirari
716 1216 783 1239 uon
799 1207 859 1239 de-

199 1256 274 1289 bet.

199 1310 216 1339 1
242 1307 378 1339 Martiis
388 1307 515 1348 eoelebs]
555 1308 604 1340 Ut
619 1306 859 1339 Saturnalibus

156 1357 236 1396 viri,
260 1366 378 1388 meuse
403 1357 599 1397 Decembri,
621 1358 671 1388 sic
694 1356 859 1388 Kalendis

157 1406 294 1438 Martiis
309 1405 472 1445 foeminae,
491 1407 584 1437 inter
599 1415 650 1444 se,
662 1410 698 1437 et
713 1405 765 1436 hae
781 1405 860 1444 illis,

156 1459 195 1487 et
223 1455 271 1486 illi
302 1455 366 1494 his,
407 1454 606 1486 munuscula
631 1453 859 1485 missitabant.

156 1506 281 1547 Neque
296 1505 360 1537 hoe
376 1510 523 1545 tantum,
538 1505 596 1537 sed
613 1509 649 1536 et
661 1505 768 1536 servis
779 1503 859 1535 olim

152 1564 270 1588 coeuas
307 1562 390 1588 tunc
426 1556 646 1598 apponebant
684 1559 860 1594 matronae,

155 1606 248 1638 sicut'
267 1606 395 1638 domini
423 1605 686 1638 Saturnalibus:
717 1605 799 1644 illae,
820 1610 859 1636 ut

157 1654 327 1697 principio
353 1655 432 1687 anni
461 1655 504 1687 ad
536 1659 732 1696 promptum
759 1654 859 1685 obse-

156 1706 276 1748 quium
290 1707 418 1739 honore
435 1716 552 1738 servos
575 1706 763 1738 invitarent
780 1715 789 1743 3
813 1705 860 1743 hi,

156 1765 227 1797 quo
242 1757 381 1798 gratiam
409 1756 558 1797 perfecti
577 1755 691 1796 operis
707 1754 860 1785 exsolve-

157 1810 247 1837 rent.
274 1811 394 1837 auctor
416 1805 572 1837 Macrob.
593 1805 732 1836 Saturn.
755 1813 780 1834 1.
809 1806 861 1836 12.

160 1855 205 1886 Et
219 1855 309 1896 quod
334 1855 481 1886 Martias
504 1854 681 1885 Kalendas
708 1853 862 1884 celebra-

161 1904 256 1942 bant,
280 1913 434 1936 caussam
450 1903 555 1936 fuisse
572 1904 690 1935 Festus
707 1902 862 1942 tradidit,

159 1952 251 1994 quod
281 1961 323 1984 co
345 1953 402 1984 die
429 1953 531 1984 AEdes
554 1952 699 1986 sunonis
723 1952 861 1983 Lucinae

164 2002 234 2034 coli
248 2006 372 2044 eoe'pta.
401 2003 492 2034 Same
507 2002 682 2034 Kalendas
698 2011 815 2033 omnes
828 2001 861 2032 in

160 2051 304 2084 Juuouis
318 2051 448 2083 ditione
461 2051 564 2083 fuisse
578 2055 726 2083 constat.
745 2051 862 2084 Quare

159 2105 197 2133 et
211 2101 377 2133 Kalendis
393 2101 501 2133 aedem
526 2101 576 2132 illi
596 2101 792 2132 dedicatam
809 2099 861 2131 fu-

159 2153 226 2184 isse
240 2152 361 2184 mirum
385 2161 452 2184 nou
475 2156 543 2192 est,
563 2156 600 2184 et
616 2151 751 2192 quidem
767 2151 861 2182 Mar-

159 2201 231 2234 tiis.
274 2202 372 2233 Mars
400 2202 503 2242 enim,
525 2201 670 2234 Junonis
699 2199 800 2240 filius,
822 2204 863 2231 ut

159 2252 323 2297 Romanae
357 2252 469 2292 gentis
505 2257 625 2284 auctor
657 2250 861 2283 celebratur.

158 2300 257 2333 Unus
279 2301 336 2333 ille
359 2301 538 2342 scrupulus
555 2306 679 2340 restat,
694 2300 862 2342 quomodo

161 2346 343 2383 celebritas
358 2351 430 2390 illa,
445 2361 521 2392 quae
545 2350 758 2383 foeminarum
773 2355 861 2390 erat,

161 2400 206 2432 ad
235 2401 324 2432 viros
350 2401 581 2441 pertinuerit:
604 2411 682 2432 nam
713 2402 864 2442 pertinu-

161 2449 244 2489 isne,
255 2449 355 2480 modo
370 2449 510 2480 coeiibes
525 2459 590 2480 non
607 2455 735 2488 esseut,
747 2455 862 2482 osten-

164 2497 217 2530 dit
230 2497 408 2530 Horatius.
451 2498 520 2530 Sed
545 2499 599 2529 hie
626 2498 740 2530 Acron
769 2499 864 2532 nobis

167 2546 398 2587 auxiliabitur,
420 2549 478 2588 qui
502 2547 622 2579 eodem
645 2548 702 2581 die
723 2550 864 2581 maritos

167 2605 230 2638 pro
245 2597 504 2628 conservatione
514 2598 722 2629 matrimonii
736 2599 865 2640 suppli-

168 2655 250 2677 care
265 2645 382 2677 solitos
398 2645 524 2684 tradit;
547 2646 638 2687 quod
655 2655 736 2678 sane
752 2648 868 2679 verisi-

167 2696 248 2727 mile
263 2700 329 2735 est‚
343 2700 524 2737 postquam
536 2694 676 2727 foederis
692 2701 866 2737 raptarum

170 2746 418 2778 intercessione
433 2746 508 2777 initi
530 2745 724 2777 memoriam
747 2756 789 2778 eo
805 2747 867 2778 eti-

168 2807 223 2830 am
250 2798 306 2829 die
329 2796 518 2830 celebrasse
542 2797 709 2828 Romanos
734 2797 869 2828 Servius

171 2853 206 2879 et
222 2847 366 2880 Ovidius
389 2846 616 2879 tradiderunt.
642 2847 732 2878 Torr.
777 2847 869 2878 Mur-

168 2898 227 2938 tis]
251 2898 348 2931 Ordo
372 2903 447 2931 est:
470 2898 644 2931 Maecenas
671 2897 773 2931 docte
798 2907 868 2931 ser-

1491 308 1605 353 1453

903 420 1020 442 mones
1043 412 1223 453 utriusque
1246 410 1372 452 lingu'ae
1397 414 1434 442 tu
1465 412 1610 453 miraris,

903 461 983 502 quid
1015 470 1079 502 ego
1106 461 1236 493 coelebs
1268 470 1363 501 agam
1406 461 1440 492 in
1469 461 1608 494 Martiis

903 511 1054 544 Kalend.
1101 511 1235 554 Coelebs]
1261 511 1397 552 Optimi
1422 510 1547 552 quique
1572 517 1609 542 et

903 561 1128 603 antiquissimi
1158 561 1259 594 codd.
1287 561 1385 593 celebs
1421 560 1495 592 fere
1536 561 1609 593 sine

903 611 1117 652 diphthongo
1132 611 1300 643 scribunt.
1331 611 1400 643 Sed
1414 611 1536 642 Festus
1551 620 1611 642 eoe-

904 662 996 694 libem
1024 662 1105 694 inde
1134 663 1202 695 dici
1236 664 1323 703 vult,
1354 663 1444 704 quod
1475 663 1610 703 dignam

905 712 992 744 coelo
1002 713 1106 744 vitam
1120 717 1211 753 agat.
1235 713 1326 744 Tm.
1373 712 1507 753 Coelebs]
1526 713 1609 744 Sine

905 770 1023 794 uxore.
1070 763 1232 804 Calendis]
1263 763 1358 796 Quas
1382 763 1496 794 mariti
1521 763 1612 793 cele-

905 812 1065 849 brabant,
1080 818 1119 844 nt
1141 823 1265 845 uxores
1286 818 1398 845 castas
1418 818 1454 845 et
1470 813 1612 854 pudicas

905 861 1074 894 baberent
1089 862 1192 895 domi.

949 914 971 944 2
993 912 1104 944 Floree
1129 917 1160 945 et
1185 912 1310 953 acerra]
1335 912 1453 946 Simile
1483 912 1612 943 sacrifi-

909 962 997 994 cium
1013 963 1155 994 adornat
1170 963 1299 995 Veneri
1317 972 1342 995 ι.
1366 963 1436 994 od.
1454 965 1509 994 19.
1546 961 1611 993 At-

909 1012 966 1053 qui
983 1011 1108 1057 Libero
1123 1012 1316 1050 sacrificat;
1339 1012 1399 1043 sed
1421 1011 1558 1049 eodem,
1576 1016 1613 1042 ut

910 1062 1060 1103 videtur,
1078 1063 1160 1104 ritu,
1174 1072 1241 1105 quo
1263 1063 1391 1096 Junoni
1408 1071 1450 1094 eo
1466 1063 1540 1103 ipso
1556 1062 1611 1093 die

908 1116 1084 1144 matronae.
1108 1112 1198 1143 Torr.
1242 1112 1361 1143 Acerra
1383 1111 1500 1151 thuris]
1524 1110 1613 1142 Thu-

910 1161 1068 1197 ribulum,
1084 1162 1137 1192 vel
1155 1165 1275 1201 patera
1285 1160 1411 1197 fictilis,
1426 1170 1502 1201 quae
1517 1170 1613 1192 arcu·

909 1210 943 1240 la
959 1214 1012 1240 est
1026 1210 1061 1240 in
1077 1219 1144 1251 qua
1160 1210 1236 1241 thus
1249 1209 1455 1250 ponebatur.

953 1261 973 1290 3
996 1258 1183 1300 Pontusque
1207 1259 1316 1299 carbo]
1350 1258 1447 1300 Ignis
1475 1263 1614 1300 paratus

909 1316 1012 1348 super
1027 1317 1118 1339 aram
1135 1318 1178 1339 ex
1203 1308 1281 1340 vivo
1297 1309 1430 1349 cespite
1447 1313 1614 1340 erectam.

909 1357 998 1389 Vide
1013 1367 1038 1389 1.
1055 1357 1126 1390 Od.
1143 1360 1196 1390 19.

951 1409 971 1437 5
999 1407 1169 1446 Utriusque
1191 1406 1323 1446 lingue]
1356 1407 1499 1447 Linguae
1516 1406 1615 1438 Grae·

909 1464 958 1487 cae
974 1459 1011 1486 et
1027 1455 1170 1486 Latinae.

951 1508 973 1537 6
1000 1504 1151 1537 Voveram
1161 1504 1280 1545 dulces]
1295 1505 1438 1536 Privata
1449 1505 1613 1546 religione

910 1564 947 1586 se
975 1564 1054 1586 eum
1081 1554 1172 1586 diem
1210 1554 1387 1587 celebrare
1417 1554 1516 1594 dicit,
1545 1564 1613 1586 nou

911 1604 1059 1646 publica.
1094 1605 1206 1636 Album
1221 1603 1362 1645 caprum]
1385 1603 1395 1621 ‘
1409 1604 1546 1636 Baccho
1559 1613 1613 1635 ca-

910 1666 973 1697 per
1007 1655 1163 1687 omnibus
1199 1656 1266 1687 aris
1302 1654 1482 1687 Caeditur!
1525 1655 1615 1686 vide

911 1704 1000 1745 Ang.
1014 1705 1226 1736 Politiauum
1242 1705 1345 1736 Misc.
1361 1713 1437 1744 cap.
1452 1706 1506 1735 24.

953 1757 973 1786 7
997 1755 1113 1786 Libero
1129 1754 1273 1794 cuprum]
1298 1753 1373 1785 Diis
1389 1753 1521 1793 superis
1538 1753 1616 1784 alba

911 1803 1063 1840 victima,
1092 1802 1210 1834 inferis
1239 1804 1336 1844 nigra
1365 1803 1616 1834 immolabatur.

914 1853 1018 1893 Prope
1036 1853 1222 1894 fflnerutus]
1262 1853 1377 1893 Prope
1394 1852 1497 1883 morti
1514 1852 1615 1884 datus

913 1912 994 1934 casu
1019 1903 1149 1934 arboris
1171 1903 1204 1933 in
1225 1907 1331 1943 caput
1346 1912 1442 1933 suum
1460 1911 1616 1943 procum·

913 1952 1038 1984 bentis.
1082 1952 1172 1983 Vide
1191 1961 1233 1984 ιι.
1250 1951 1317 1984 Od.
1336 1954 1386 1983 13.

956 2003 977 2032 9
1001 2002 1068 2033 Hic
1081 2001 1149 2032 dies
1167 2011 1246 2033 anno
1262 2001 1425 2046 redeunte]
1450 2001 1535 2032 Dies
1551 2001 1615 2032 fes-

913 2055 969 2082 tus
994 2051 1258 2083 anniversarius.
1303 2050 1405 2082 Anno
1428 2056 1612 2083 vertente:

911 2099 1137 2142 περιπλομένου
1148 2101 1300 2133 ἐνιαυτοῦ.
1347 2101 1473 2132 Horat.
1489 2110 1528 2132 n.
1543 2101 1617 2132 Sat.

911 2153 944 2182 2.
966 2151 976 2167 ‘
993 2151 1073 2182 Sive
1090 2151 1180 2182 diem
1197 2149 1324 2182 festum
1341 2150 1476 2182 rediens
1489 2150 1616 2181 advex-

911 2200 979 2232 erit
1003 2201 1131 2232 anuus.'
1167 2200 1303 2239 Ἐτυμον
1327 2200 1445 2232 Graeci
1469 2201 1615 2231 nominis

911 2249 1059 2290 ἐνιαυτὸς,
1097 2251 1190 2291 quasi
1226 2251 1260 2282 in
1288 2251 1421 2292 seipsum
1450 2252 1617 2283 revolutus.

911 2301 1030 2333 Lamb.
1074 2300 1168 2332 Anno
1178 2300 1341 2341 redeunte]
1364 2300 1466 2332 Anno
1481 2307 1616 2331 verten-

912 2356 961 2392 te,
977 2351 1011 2382 id
1025 2355 1090 2390 est,
1106 2351 1257 2392 singulis.

957 2403 998 2431 10
1031 2400 1185 2431 Corticem
1219 2400 1421 2440 adstrictum]

915 2458 1007 2482 xxx.
1034 2453 1064 2480 6.
1117 2450 1297 2481 Βίηιουεὺίι
1326 2450 1510 2490 Amphora]
1545 2451 1615 2481 Pro

914 2499 1066 2531 movebit
1079 2498 1123 2530 de
1135 2499 1311 2540 amphora.
1323 2500 1491 2531 Palmam.
1536 2500 1614 2529 Cor-

916 2550 1008 2580 ticem
1031 2548 1232 2587 adstrictum]
1251 2549 1423 2579 Corticem
1450 2547 1527 2587 pice
1550 2547 1620 2578 illi·

917 2603 1002 2635 turn,
1027 2597 1059 2627 id
1082 2602 1149 2637 est,
1171 2597 1452 2637 superpicatum:
1474 2596 1551 2627 hinc
1567 2596 1619 2636 pi-

916 2657 996 2679 eare
1010 2656 1102 2678 vasa.
1146 2647 1290 2687 [Cortice
1304 2645 1473 2686 Guelph.]

961 2701 1000 2729 11
1026 2697 1204 2737 Instituta]
1238 2695 1412 2736 Amphora
1434 2705 1509 2737 quoe
1524 2705 1619 2737 crep-

917 2753 954 2779 ta
983 2752 1039 2779 est
1059 2747 1132 2778 fieri
1155 2745 1298 2784 fumosa,
1315 2745 1348 2776 id
1373 2749 1439 2785 est,
1464 2750 1615 2777 vetusta:

919 2797 1079 2837 intelligit
1111 2797 1225 2827 vinum
1249 2795 1347 2827 valde
1370 2800 1553 2835 vetustum,
1580 2796 1616 2827 in

918 2848 1050 2879 utribus
1078 2848 1128 2878 ita
1154 2847 1374 2885 exsiccatum,
1400 2852 1438 2878 ut
1461 2846 1615 2888 depromi

918 2907 985 2930 non
1016 2902 1142 2938 posset,
1176 2906 1284 2938 neque
1316 2896 1400 2938 bibi,
1434 2897 1498 2929 nisi
1530 2907 1616 2938 aqua

1463 2400 1614 2431 Turneb.
1676 2425 1679 2428 .
