1982 3230
592 304 947 337 nris'roLARuM
987 304 1080 334 mu.
1113 305 1146 336 1.
1177 293 1247 334 18.

1538 293 1652 334 1189

191 402 410 453 Quamvis
431 401 489 442 nil
510 403 639 442 extra
657 412 886 441 numerum
905 399 1067 441 fecisse
1087 399 1355 453 modumque

190 469 351 520 emas,
371 469 587 510 interdurn
607 468 787 521 nugaris
808 480 904 508 rure
924 470 1134 521 paterno:
1597 466 1653 508 60

192 535 384 578 Partitur
402 537 552 578 lintres
572 536 792 577 exercitus
810 549 820 587 3
853 535 986 577 Actia
1005 547 1155 588 pugna

187 603 256 645 Te
278 604 389 646 duce
410 617 488 658 per
508 615 671 658 pueros
692 603 842 645 hostili
862 615 980 644 more
1000 603 1210 654 refertur3

186 670 481 712 Adversarius
500 675 565 712 est
581 670 740 721 frater3
770 671 913 720 lacus,
933 667 1102 720 Adria;
1134 669 1275 712 donee

186 737 460 780 Alterutrum
480 739 616 780 velox
638 741 825 781 victoria
844 738 998 780 fronde
1018 743 1212 780 coronet.

187 804 447 847 Consentire
466 807 559 847 suis
580 807 743 847 studiis
767 807 843 860 qui
863 805 1098 847 crediderit
1121 812 1175 854 te,
1594 806 1651 849 65

186 872 358 914 Fautor
374 877 558 927 utroque
578 879 704 915 tuum
725 874 926 915 laudabit
948 874 1109 928 pollice
1136 873 1303 915 ludum.

185 938 394 981 Protinus
414 946 463 982 ut
481 953 681 982 moneam
703 940 767 996 (si
787 940 894 995 quid
914 941 1144 982 monitoris
1165 954 1269 994 eges
1290 939 1360 995 tu)

185 1004 322 1056 Quid,
340 1007 394 1049 de
416 1020 595 1062 quoque
618 1009 728 1058 viro,
748 1011 790 1049 et
810 1009 883 1050 cui
904 1009 1048 1058 dicas,
1069 1021 1192 1062 saepe
1214 1009 1380 1051 videto.

185 1071 546 1116 Percontatorem
567 1074 737 1128 fugito:
766 1088 867 1117 nam
889 1075 1089 1128 garrulus
1109 1075 1224 1116 idem
1247 1080 1342 1129 est3

186 1208 217 1237 et
229 1215 394 1248 perperam
407 1219 417 1240 .·
433 1210 544 1250 quippe
558 1210 592 1241 in
615 1210 691 1241 villa
713 1209 816 1250 patris
827 1209 968 1250 quoedam
983 1209 1106 1240 ludicra
1121 1208 1243 1240 moliris
1256 1219 1266 1239 .-
1289 1208 1408 1240 scilicet
1421 1207 1552 1248 partitis
1562 1206 1650 1238 navi-

184 1249 263 1279 culis
275 1254 457 1290 pugnatur.-
481 1257 512 1283 te
525 1256 652 1283 auctore
665 1257 821 1284 certamen
844 1252 1010 1283 Actiacam
1025 1251 1188 1282 exhibetur
1210 1260 1266 1292 per
1283 1252 1491 1281 adolescentes
1515 1250 1650 1281 hostium

184 1291 226 1322 ad
237 1291 339 1323 instar
353 1293 553 1326 dimicantes:
568 1294 679 1332 frater
693 1298 766 1325 tuus
779 1293 954 1325 adversar-ii
975 1303 1140 1334 personam
1158 1294 1230 1332 agit
1244 1304 1256 1330 ,·
1278 1294 1362 1324 lacus
1376 1296 1422 1324 est
1437 1293 1522 1324 velut
1538 1302 1623 1323 mare
1636 1302 1650 1329 ,⁰

183 1334 279 1364 donec
292 1336 440 1375 expedita
461 1337 597 1368 victoria
608 1338 797 1367 alterutrum
808 1335 1120 1372 coronetsrondibus.
1169 1336 1264 1365 Certe
1278 1335 1454 1372 Augustus,
1469 1336 1523 1374 qui
1537 1335 1603 1364 suia
1619 1338 1650 1365 te

183 1375 299 1408 studiis
307 1378 472 1409 convenire
485 1378 654 1416 intelliget,
665 1377 848 1417 approbabit
863 1377 1057 1407 vehementer
1071 1377 1192 1407 ludicra
1207 1377 1281 1408 ista.
1310 1377 1357 1408 Ut
1368 1377 1649 1416 autem—admonere

183 1421 216 1449 te
227 1427 368 1458 pergam,
386 1420 415 1450 ei
430 1419 556 1459 quidem
569 1420 722 1450 monitore
736 1429 813 1459 opus
837 1418 930 1449 habes
945 1428 958 1455 ;
980 1418 1153 1457 diligenter
1167 1419 1297 1450 adverte
1311 1418 1386 1459 quid
1409 1419 1447 1450 de
1468 1427 1648 1458 unoquoque

182 1461 263 1501 viro,
278 1463 310 1492 et
323 1461 373 1492 cui
385 1462 533 1502 loquaris.
578 1462 698 1494 Devita
711 1464 976 1502 percontatorem,
997 1461 1051 1501 qui
1063 1460 1204 1502 profecto
1221 1465 1265 1493 eet
1281 1462 1396 1502 loquax
1410 1471 1422 1499 ;
1445 1470 1542 1502 neque
1556 1470 1648 1492 auree

795 1567 814 1578 ο
818 1567 1038 1579 ”ooeemoo

183 1641 327 1679 eiderat,
340 1651 431 1674 nunc
447 1644 601 1686 subjicit,
613 1645 703 1687 quod
722 1645 860 1677 videtur
877 1644 1176 1686 potentissimum)
1188 1645 1372 1676 Germ—60
1385 1645 1484 1677 Cures
1498 1645 1649 1677 Schoen-

181 1683 403 1718 borma—63
416 1687 546 1718 Hadria
562 1689 596 1719 in
610 1687 811 1730 quibusdam
828 1688 929 1720 codd.
944 1692 978 1720 et
993 1687 1072 1720 edd.
1096 1688 1185 1718 Vide
1198 1688 1240 1719 ad
1258 1697 1283 1719 ι.
1302 1687 1371 1719 od.
1386 1690 1417 1719 3.
1437 1692 1489 1720 15.
1524 1688 1650 1719 Andria

181 1726 412 1760 Schoenborn.
427 1732 546 1762 3.-64
569 1730 654 1762 Bam
661 1731 754 1771 berg,
767 1732 869 1762 velox.
906 1731 988 1762 Vat.
1003 1734 1035 1763 4.
1044 1731 1164 1770 fronde
1177 1733 1406 1762 coronat.-6o
1428 1731 1544 1762 Factor
1559 1735 1647 1762 utro-

842 1827 873 1859 N
881 1827 984 1858 OTAE

225 1901 268 1930 ⁶9
291 1899 398 1931 Extra
412 1900 587 1941 numerum]
611 1901 770 1942 Metaplt.
787 1911 804 1932 a
821 1901 886 1932 sal-

182 1949 374 1981 tatoribus:
391 1950 424 1981 id
438 1955 491 1982 est
504 1951 676 1993 imperite,
691 1952 822 1992 inepte,
835 1952 885 1982 in-

184 1999 418 2038 considerate,
431 2009 625 2042 perperam.

222 2052 266 2081 60
288 2050 434 2089 Nagarin
458 2061 532 2082 rure
556 2051 703 2092 paterno]
736 2050 884 2083 Ludicra

181 2099 300 2141 praelia
326 2100 478 2132 instituis
507 2103 598 2142 apud
629 2101 742 2132 villam
769 2107 883 2143 pater-

180 2158 272 2190 nam,
287 2149 320 2180 in
335 2159 403 2191 qua
417 2149 614 2182 diversaris.

221 2202 262 2231 61
277 2199 427 2232 Partitur
440 2201 551 2232 lintres
564 2201 736 2243 exercitus]
752 2202 801 2234 Ut
814 2202 883 2235 sint

179 2247 256 2280 duae
285 2249 379 2280 velut
409 2249 613 2282 adversariae
641 2252 781 2292 classes,
808 2262 883 2294 qnae

179 2300 412 2331 naumachiam
424 2300 625 2342 exhibeant,
637 2302 786 2333 maxime
802 2312 883 2334 vero

180 2358 329 2390 pugnam
342 2350 432 2381 illam
445 2352 613 2392 navalem,
625 2362 693 2393 qua
704 2352 882 2393 Augustus

181 2397 368 2431 Antonium
399 2400 585 2433 debellavit
618 2401 885 2444 profligavitque

183 2449 449 2489 apud-Aetium.
490 2451 546 2482 De
569 2451 621 2483 bis
641 2462 667 2484 1.
684 2452 754 2485 Od.
770 2455 822 2484 37.
847 2457 884 2484 et

181 2499 293 2540 Epod.
309 2508 336 2531 1.
352 2504 387 2531 et
403 2509 455 2532 tx.

224 2551 268 2580 62
290 2548 359 2580 Per
377 2550 504 2591 pueros]
526 2551 629 2584 Dion.
644 2552 702 2584 lib.
718 2561 749 2585 1„
767 2557 885 2585 narrat

182 2609 304 2640 pueros
321 2600 438 2631 Romae
452 2602 731 2642 praesignificasse
742 2603 884 2635 Antonii

182 2649 329 2682 cladem.
389 2650 559 2681 Nimirum
590 2651 688 2683 divisi
722 2652 813 2684 inter
846 2662 883 2684 se

183 2705 400 2741 pugnarunt3
422 2709 498 2732 cum
526 2700 584 2731 alii
605 2710 642 2731 se
659 2701 884 2743 Antonianos,

181 2749 236 2782 alii
252 2750 464 2782 Cesarianos
480 2749 659 2782 dicerent:
686 2750 789 2782 biduo
805 2761 886 2783 con·

182 2799 355 2840 dixerunt,
380 2799 590 2841 tandemque
618 2800 701 2833 victi
726 2805 806 2834 sunt
828 2801 886 2844 qui

182 2850 367 2883 Antoniani
385 2850 603 2882 vocabantur.

982 1903 1023 1933 63
1047 1901 1161 1940 Lacus,
1175 1901 1294 1942 Adria]
1315 1901 1426 1933 Lacus
1444 1902 1513 1933 ruri
1531 1907 1648 1943 pater-

940 1961 984 1982 no
1005 1952 1148 1989 vicinus,
1170 1952 1279 1982 instar
1301 1955 1355 1982 est
1382 1949 1551 1983 Adriatici
1574 1962 1644 1984 ma·

939 2002 996 2032 ris.
1034 2002 1091 2032 De
1103 2002 1167 2032 hoc
1180 2010 1204 2031 ι.
1220 2001 1290 2032 Od.
1307 2003 1358 2033 16.
1370 2006 1406 2032 et
1424 2010 1465 2033 ιι.
1483 2001 1622 2034 Od.11.

981 2053 1023 2082 04
1046 2051 1261 2092 Alterutrum]
1283 2051 1346 2090 Te,
1360 2051 1415 2082 vel
1430 2050 1587 2084 fratrem.

989 2100 1087 2132 Velox
1101 2100 1250 2141 victoria]
1274 2101 1491 2138 Plutarchus,
1510 2102 1644 2144 Florus,

938 2151 1065 2192 aliique
1102 2150 1259 2183 referunt
1297 2152 1508 2183 celerrimam
1540 2151 1644 2185 fuisse

938 2200 1116 2233 Actiacam
1131 2202 1327 2235 victoriam:
1343 2202 1396 2233 vel
1409 2207 1546 2242 spectat
1559 2204 1646 2235 Poe'-

938 2256 974 2283 ta
998 2252 1150 2284 victoriae
1174 2257 1346 2292 naturam,
1362 2262 1438 2294 quae
1456 2251 1531 2284 fere
1555 2255 1645 2285 velox

937 2307 1003 2334 est.

979 2355 1023 2384 66
1047 2353 1168 2384 Fautor
1189 2356 1319 2393 utroque
1341 2356 1427 2384 tuum
1447 2353 1548 2394 laud]
1572 2353 1643 2385 An-

937 2408 1068 2444 gustus,
1082 2402 1138 2434 cui
1154 2403 1203 2434 sic
1217 2402 1398 2434 velificaris
1412 2413 1421 2434 :
1438 2404 1504 2445 vel,
1520 2410 1643 2445 poten-

938 2453 1002 2484 tior
1019 2454 1159 2485 amicus.

986 2503 1126 2545 Utroque
1137 2502 1264 2545 pollice]
1287 2503 1560 2544 Impensissime,
1575 2506 1646 2536 val-

937 2552 980 2583 de
1014 2553 1265 2595 comprobabit.
1323 2553 1456 2584 Pollice
1486 2554 1643 2586 nimirum

937 2612 1132 2644 compresso
1154 2603 1264 2644 favor,
1280 2602 1416 2633 inverso
1440 2602 1642 2635 condemna-

937 2654 986 2684 tio
1002 2653 1222 2685 indicabatur
1236 2652 1327 2683 olim.
1352 2651 1443 2682 Plin.
1461 2659 1600 2686 xxvut.
1612 2655 1646 2686 2.

937 2702 1098 2735 Juvenal.
1112 2703 1187 2734 Sat.
1202 2710 1260 2732 111.
1276 2703 1330 2732 36.

982 2755 1024 2784 69
1037 2749 1421 2791 Percontatoremsugito]
1438 2750 1643 2786 Insidioaum

940 2801 1180 2841 indagatorem
1210 2809 1323 2831 rerum
1359 2804 1396 2832 et
1427 2807 1641 2836 secretorum

941 2856 1096 2884 tuorum:
1125 2860 1227 2892 supra
1253 2849 1397 2892 monuit,
1421 2859 1475 2882 res
1493 2852 1644 2887 ‘aliorum
