1916 3262
290 291 401 334 1386

291 397 336 427 ris
365 400 401 428 et
425 396 559 437 puellis,
587 396 710 432 oculos,
735 399 770 426 et
795 394 903 427 crines
927 394 975 425 ni-

291 455 380 486 gros.

334 498 372 526 13
401 496 429 525 0
455 496 544 526 decus
577 494 696 534 Phoebi]
729 492 891 524 Barbiton
921 492 976 522 hic

292 548 383 574 recte
402 543 507 573 l’hoehi
530 544 620 573 decus
634 542 794 582 appellat.
838 541 924 572 Nam
941 545 977 571 et

291 593 464 631 cytharam
495 592 566 632 ipse
591 592 730 629 invenit,
758 594 794 621 et
823 590 927 630 lyram
957 599 976 620 a

293 641 464 671 Mercurio
500 641 655 671 donatam
691 644 848 680 tauquam
885 647 976 669 suam

293 689 479 728 usurpavit.
506 690 646 719 Torreat.

336 740 374 768 14
399 738 516 778 Grata]
542 737 573 767 Ο
602 737 742 778 cithara,
761 735 905 776 supremi
920 735 978 767 Jo-

294 785 343 816 vis
359 786 465 825 epulis
481 791 571 826 apta.

336 837 375 865 15
393 834 477 864 Mihi
489 844 614 874 cunque,
626 834 694 874 aaa]
710 834 876 864 Laborant
885 841 979 863 enar-

295 887 424 914 ratores
459 884 491 913 in
528 883 738 922 expositione
771 882 828 912 τοῦ
855 890 979 919 cunque.

295 931 459 970 Equidem
475 930 577 960 credo
602 930 758 970 παρέλκειν
773 938 864 967 esse;
894 928 980 958 sicut

296 984 332 1010 et
346 990 409 1010 πως
424 979 555 1010 Groecis
571 988 635 1008 non
652 987 726 1007 raro
745 982 797 1007 est
821 977 981 1007 inclinati-

297 1037 386 1066 vmn,
397 1032 431 1058 et
443 1028 492 1057 vel
505 1032 602 1058 ornat
613 1032 713 1066 atque
726 1026 841 1064 explet
855 1025 980 1055 solum:

295 1081 334 1107 ut
357 1077 446 1116 apud
461 1075 615 1115 Tlincyd.
638 1074 787 1110 διαλαθών
811 1085 885 1111 πως,
906 1073 982 1103 lati-

296 1130 372 1155 tans
401 1130 584 1164 utcunque.
608 1124 703 1163 Cruq.
746 1123 830 1153 Mihi
855 1121 985 1161 cunque]

295 1173 394 1204 Salve
412 1173 541 1204 cithara
557 1172 653 1202 dulce
669 1172 822 1202 solatium
847 1171 927 1201 milii
951 1176 984 1201 te

297 1231 439 1262 cunque,
454 1221 487 1251 id
505 1225 570 1260 est,
584 1225 616 1251 te
630 1220 749 1260 quovis
763 1226 912 1259 tempore
929 1229 984 1250 vo-

298 1271 403 1302 canti.
447 1270 564 1310 [Dulce
579 1271 712 1300 Ievamen
728 1269 874 1300 nonnulli
888 1267 987 1299 codd.

299 1330 354 1359 ap.
368 1320 508 1359 Jaeck.]

301 1368 383 1398 One
395 1377 506 1398 xxnr.
522 1366 734 1406 Παραινετική.
769 1366 825 1396 An
841 1366 986 1396 Amnm

342 1417 543 1448 ΤιΒυιιυΜ.
590 1416 643 1446 Ne
659 1415 730 1455 plus
746 1424 842 1454 aequo
865 1414 988 1449 doleat,

345 1465 482 1496 rivalem
511 1474 531 1495 a
561 1464 709 1504 Glycera
734 1463 869 1502 indigne
895 1467 989 1492 ante-

343 1516 434 1556 poni.

345 1577 362 1604 1
386 1571 475 1611 Albi]
499 1571 599 1602 Hunc
617 1569 750 1600 Albium
762 1568 894 1599 Tullum
909 1566 990 1598 fuis·

302 1630 354 1660 se,
368 1620 461 1660 cujus
477 1619 572 1657 Elegi
590 1627 676 1648 nunc
689 1626 821 1657 quoque
838 1620 990 1656 tantope-

304 1678 339 1700 re
356 1668 398 1698 ob
414 1675 572 1697 summam
594 1665 804 1704 elegantiam,
826 1674 864 1694 ac
882 1663 990 1695 Latini

303 1715 465 1747 sermonis
480 1713 674 1754 puritatem,
685 1722 704 1742 a
717 1712 824 1742 doctis
839 1712 991 1742 omnibus

304 1764 494 1798 laudantur,
523 1771 620 1792 nemo
648 1767 835 1800 temporum
863 1760 992 1799 peritus

303 1811 492 1852 negaverit.
536 1809 708 1849 Exemplis
721 1812 832 1839 antem
845 1808 993 1839 obtesta-

306 1866 361 1892 tur
385 1869 474 1898 eum,
503 1867 544 1889 ne
570 1858 602 1888 in
622 1867 656 1888 se
672 1857 744 1888 fieri
764 1857 889 1895 doleat,
905 1857 993 1897 quod

306 1908 428 1950 passim
445 1908 547 1939 etiam
563 1907 633 1937 aliis
650 1906 828 1945 contingit.
852 1905 993 1936 Torreat.

308 1959 358 1989 Νε
373 1957 489 1996 doleas]
512 1957 565 1987 Ne
586 1955 672 1986 forte
689 1956 802 1985 doleas
819 1955 894 1994 plns
911 1955 994 1985 mul-

307 2013 353 2038 to.
388 2005 631 2046 [Scltoenborn.
646 2007 678 2034 2.
693 2004 874 2043 immemoru]

347 2059 367 2086 2
390 2054 538 2092 Immitis]
562 2053 716 2092 Glycerae
730 2051 890 2086 crudelis,
905 2050 993 2090 quod

307 2107 474 2134 amantem
491 2110 556 2131 non
568 2100 732 2135 redamet,
744 2098 802 2128 sed
818 2097 919 2128 fidem
936 2098 994 2128 da-

307 2157 376 2182 tam
407 2149 520 2179 violet.
562 2145 774 2184 miserabiles]
798 2145 911 2176 Rebus
935 2145 996 2175 mi·

309 2197 508 2230 serabilibus
522 2203 656 2226 carmen
673 2194 866 2234 Elegiacum
882 2194 995 2234 impri-

308 2248 369 2279 mis
391 2251 466 2277 erat
482 2247 754 2283 attemperatum.

350 2300 369 2327 3
388 2296 452 2326 Cur
467 2294 523 2325 tibi
534 2293 656 2333 junior]
673 2292 751 2331 Pro,
766 2292 852 2332 qnod
871 2291 995 2331 tibiju-

309 2346 392 2376 nior.
435 2343 608 2376 Juniorem
627 2341 778 2380 intelligo
803 2350 866 2370 non
883 2345 998 2378 aetate,

310 2393 369 2423 sed
385 2392 504 2423 amoris
528 2390 699 2430 obsequio.
744 2389 883 2429 Duplici
908 2389 996 2419 enim

311 2441 442 2472 nomine
466 2439 602 2470 dolebat
618 2438 750 2476 Albius,
768 2442 804 2468 et
828 2437 916 2477 quod
939 2446 997 2468 no-

312 2499 388 2520 vum
400 2489 454 2520 illa
470 2487 688 2528 praeferebat,
704 2492 740 2518 et
749 2486 838 2527 quod
850 2485 999 2526 fregerat

311 2539 423 2570 iidem.
460 2539 470 2555 ‘
484 2537 672 2569 Praenitere
686 2536 694 2549 '
719 2545 778 2575 pro
799 2537 808 2553 ⁴
825 2535 977 2576 praeserri
989 2535 998 2549 ’

311 2589 420 2620 dixit:
444 2597 509 2629 quo
539 2587 626 2618 enim
655 2587 795 2626 quisque
817 2585 999 2622 ‘nitidior,’

313 2646 353 2667 eo
369 2637 412 2667 ob
428 2646 520 2676 spem
547 2635 632 2666 lucri
648 2635 747 2665 etiam
764 2634 902 2674 gratior.
925 2635 999 2665 Tor-

313 2688 393 2715 rent.
439 2686 503 2715 Cur
531 2684 604 2723 tibi]
627 2684 724 2716 Quod
756 2683 1001 2724 rivalis‘junior

315 2733 374 2764 tibi
391 2738 627 2773 anteponatur,
647 2738 682 2764 et
697 2733 799 2774 pluris
814 2733 872 2764 fiat
889 2742 908 2764 a
920 2733 1000 2774 Gly-

316 2791 404 2813 cera.

746 298 884 330 NOTAE
915 297 1175 328 VARIORUM
1210 296 1260 328 IN

1065 395 1084 423 4
1101 390 1375 432 Laesupraenieeat]
1392 391 1512 422 Fracta
1523 389 1601 431 fide,
1610 398 1706 432 quam

1025 442 1086 473 tibi
1103 442 1245 473 dederat
1261 442 1418 481 Glycera.

1066 495 1084 521 5
1108 491 1267 529 Insignem
1283 490 1380 527 tenui,
1393 489 1460 528 ssa]
1484 489 1647 530 Exemplo
1661 499 1713 521 os-

1027 539 1149 578 tendit,
1169 545 1294 579 quauta
1320 548 1410 578 saepe
1435 539 1467 568 in
1489 539 1610 569 amoris
1629 539 1711 578 jugo

1027 590 1073 619 sit
1089 587 1278 628 disparitas.
1302 589 1439 618 Tor-rent.
1474 587 1646 627 Insignem]
1659 587 1711 618 Ne

1027 638 1115 668 sorte
1131 637 1245 668 doleas
1263 638 1337 678 plus
1357 637 1460 676 justo,
1482 637 1546 667 hoc
1567 642 1601 668 te
1625 636 1710 668 scire

1028 687 1113 727 volo,
1145 686 1234 727 qnod
1265 687 1404 727 Lycoris
1431 687 1509 726 Cyri
1529 695 1638 717 amore
1663 687 1713 717 in-

1027 735 1194 774 cenditur,
1208 740 1244 766 at
1263 737 1370 776 Cyrus
1393 736 1518 775 spernit
1537 734 1712 775 Lycorida.

1030 784 1140 824 Tenui]
1161 785 1291 815 Tenera
1316 794 1355 815 ac
1380 784 1464 815 levi:
1491 785 1555 823 vel,
1575 788 1612 814 ut
1627 783 1714 822 aliis,

1029 842 1133 874 parva
1146 832 1268 865 fronte.

1070 885 1091 912 6
1116 882 1238 922 Torret]
1261 880 1463 912 Inflammat-

1070 934 1090 961 7
1114 930 1275 970 Declinat]
1313 931 1419 969 Cyrus
1443 939 1628 970 propensus
1661 934 1715 961 est

1030 980 1063 1011 iu
1089 988 1234 1010 amorem
1259 979 1402 1010 Pholoes
1423 988 1565 1019 asperae,
1582 983 1616 1009 et
1640 988 1716 1019 pro-

1031 1033 1148 1060 tervae.
1178 1027 1305 1068 Apulis]
1328 1028 1396 1058 Pro
1412 1027 1582 1068 quibusvis
1598 1027 1696 1067 lupis.

1074 1080 1094 1108 9
1118 1076 1233 1115 Quam]
1255 1076 1361 1108 Quam
1379 1076 1468 1116 Cyro
1483 1085 1608 1106 morem
1624 1079 1719 1115 gerat

1033 1125 1175 1158 Pholoe.
1222 1124 1316 1164 Turpi
1330 1123 1482 1163 adultero]
1502 1124 1649 1163 Turpem
1665 1132 1720 1154 vo-

1034 1179 1100 1213 cat,
1118 1183 1213 1215 quem
1229 1173 1356 1203 Pholoe
1375 1172 1514 1203 honeste
1541 1172 1720 1203 admittere
1746 1192 1749 1197 -

1034 1227 1193 1265 nequeat,
1218 1232 1292 1253 cum
1309 1222 1487 1262 Glyceram
1515 1221 1606 1252 nulla
1625 1221 1722 1262 justa

1035 1283 1152 1304 caussa
1167 1271 1417 1311 contempserit.
1448 1272 1571 1312 Cyrum
1587 1271 1720 1313 quidem

1035 1322 1216 1352 desultorie
1242 1330 1370 1351 amasse
1398 1321 1522 1352 indicio
1545 1326 1610 1361 est,
1633 1321 1720 1362 quod

1035 1371 1258 1411 Tyndaridem
1275 1379 1408 1410 quoque
1426 1370 1562 1400 Horatii
1579 1371 1718 1401 amicam

1037 1416 1271 1459 appetiverat.v
1291 1428 1392 1458 supra
1413 1418 1480 1449 Od.
1508 1421 1559 1450 1⁷.
1583 1419 1723 1450 Torrent.

1035 1468 1200 1508 Adultero]
1225 1466 1385 1498 Amatore
1401 1478 1407 1496 :
1433 1467 1480 1498 nic
1496 1466 1583 1498 infra
1597 1473 1723 1499 ainato-

1037 1525 1106 1547 rem
1122 1516 1270 1546 nominat
1287 1516 1486 1551 adulterum,
1502 1516 1570 1547 Od.
1587 1519 1638 1547 36.

1081 1567 1121 1595 10
1143 1564 1198 1595 Sic
1220 1565 1318 1594 risum
1350 1564 1476 1604 Veneri]
1501 1565 1723 1596 Quotiescun-

1038 1623 1103 1654 que
1119 1613 1204 1644 ratio
1221 1622 1285 1644 non
1304 1619 1457 1652 apparet,
1483 1614 1538 1654 Sic
1551 1614 1660 1650 tinam,
1676 1615 1724 1645 in·

1040 1663 1237 1702 tei-ponitur.
1262 1663 1394 1694 Turueb.
1410 1672 1458 1694 vr.
1472 1666 1524 1694 22.
1548 1663 1603 1694 Sic
1611 1663 1724 1702 tasum]

1039 1711 1094 1741 Sic
1111 1712 1271 1750 placitum
1289 1716 1339 1741 est
1355 1711 1479 1742 Veneri
1495 1720 1560 1742 nna
1574 1721 1647 1742 cum
1664 1722 1726 1743 sae-

1041 1768 1082 1789 vo
1101 1759 1193 1798 joco,
1211 1758 1244 1788 id
1269 1762 1334 1798 est,
1351 1759 1532 1799 Cupidine.
1575 1759 1728 1800 Impares]

1042 1808 1180 1838 Formas
1198 1808 1254 1837 ina
1262 1809 1390 1847 quales,
1405 1813 1441 1839 et
1453 1808 1625 1840 discordes
1639 1810 1727 1840 inter

1042 1866 1076 1887 se
1096 1856 1253 1896 jungere,
1275 1861 1407 1896 utpote,
1436 1867 1537 1898 quum
1566 1857 1724 1888 deformis

1040 1905 1231 1944 formosam,
1241 1915 1343 1936 senex
1355 1907 1512 1946 puellam,
1526 1907 1659 1948 velquis
1671 1907 1730 1938 ali·

1042 1964 1080 1984 us
1095 1953 1269 1991 fou-maaet
1286 1955 1430 1985 moribus
1446 1955 1610 1995 disparem
1628 1961 1728 1988 amat.

1086 2005 1123 2032 11
1147 2001 1210 2031 Sub
1219 2002 1316 2042 juga]
1338 2003 1508 2042 Subjugus
1524 2004 1604 2034 item
1621 2004 1729 2042 homo,

1045 2060 1109 2081 non
1128 2051 1181 2090 qui
1200 2061 1258 2081 suo
1273 2052 1447 2091 arbitratu,
1463 2052 1522 2082 sed
1539 2052 1645 2083 alieno
1655 2052 1728 2091 jus-

1043 2109 1081 2129 sn
1095 2099 1266 2139 quippiam
1294 2099 1388 2137 facit,
1408 2099 1544 2130 dicitur.
1567 2099 1727 2131 Emmaus.

1044 2147 1108 2178 Sub
1129 2146 1225 2185 juga]
1244 2147 1314 2177 Sub
1345 2147 1461 2177 durum
1493 2150 1528 2177 et
1557 2145 1725 2178 difficilem

1043 2205 1201 2230 amorem,
1225 2204 1325 2235 quum
1349 2195 1486 2226 maritus
1502 2194 1634 2235 cogitur
1658 2204 1727 2226 om-

1043 2245 1098 2276 nia
1114 2244 1241 2281 facere,
1257 2253 1321 2274 non
1338 2253 1410 2279 suo,
1432 2243 1492 2274 sed
1509 2243 1660 2284 conjugis
1677 2253 1728 2274 ar-

1043 2295 1181 2324 bitratu.
1219 2293 1333 2333 Atqui,
1355 2294 1364 2310 ‘
1381 2293 1456 2324 Non
1478 2293 1563 2323 bene
1585 2293 1730 2334 inaeqna·

1042 2343 1091 2374 les
1106 2343 1242 2372 veniunt
1258 2342 1298 2372 ad
1317 2347 1429 2372 aratra
1442 2341 1604 2381 juvenci.'

1087 2394 1126 2422 12
1149 2390 1237 2421 Savo
1251 2390 1409 2430 cumjoco]
1431 2390 1546 2420 Venus
1568 2389 1654 2420 enim
1670 2388 1730 2419 r'ni-

1045 2449 1136 2471 seros
1151 2445 1313 2476 amantes,
1327 2439 1414 2469 male
1430 2437 1640 2478 conjugatos,
1657 2446 1731 2469 cru·

1045 2488 1112 2518 deli
1129 2487 1271 2528 quadam
1288 2488 1464 2526 voluptate
1479 2487 1542 2518 sibi
1557 2486 1666 2518 ludum
1681 2486 1731 2518 fa-

1046 2539 1114 2569 cit:
1139 2537 1186 2568 uti
1200 2537 1357 2567 Fortunae
1373 2535 1482 2575 ludus,
1495 2544 1604 2566 rerum
1618 2535 1731 2567 liuma-
1760 2534 1767 2538 ’

1046 2596 1162 2617 narum
1179 2585 1387 2625 perturbatio
1402 2589 1466 2615 est.
1508 2584 1598 2614 Hinc
1611 2584 1622 2601 ⁴
1633 2584 1730 2624 perfi-

1047 2635 1124 2665 dum
1142 2634 1252 2665 ridens
1266 2633 1402 2672 Venus,’
1421 2641 1475 2664 m.
1498 2633 1566 2664 Od.
1579 2635 1633 2664 27.
1658 2633 1732 2664 Tor-

1047 2687 1127 2714 rent.

1091 2733 1130 2762 13
1155 2730 1284 2769 Melior]
1308 2730 1418 2762 Quum
1435 2729 1621 2770 elegantior
1636 2728 1729 2769 puel-

1049 2781 1082 2812 la
1100 2790 1150 2811 me
1167 2783 1354 2820 expeteret.
