1904 3216
455 314 663 345 ΗοηΑΤιι
699 312 978 345 SERMONUM
1015 313 1109 344 Lm.
1143 314 1171 343 1.
1201 304 1242 343 9.

124 407 224 440 video
241 417 302 440 cnr
316 407 445 440 moveri
461 407 608 439 debeat:
634 414 709 438 nam
732 406 821 447 qnod

125 464 206 491 ante
235 459 344 493 vellere
365 457 465 496 dixit,
492 458 525 489 id
549 457 706 497 antiquus
731 465 822 487 com-

126 514 299 543 mentator
313 508 456 549 exponit
474 517 534 548 pro
543 506 713 545 vellicare,
729 515 818 545 pres-

125 568 217 598 sare,
230 559 412 599 stringere.
455 558 532 591 Quo
553 566 629 589 cnm
645 556 726 588 nibil
745 566 822 596 pro-

123 610 258 650 ficeret,
269 619 430 651 prensare
442 609 543 641 etiam
556 608 696 640 brachia
704 609 821 645 voluit.

125 659 222 692 velut
242 660 413 693 nolentem
435 668 570 701 quoque
599 658 822 698 abducturus,

126 719 194 750 quo
211 709 271 741 tali
286 709 413 741 comite
427 709 469 740 ab
485 710 592 740 altero
608 708 820 739 liberaretur.

125 759 208 791 vid.
223 759 375 791 Tui-neb.
390 768 418 791 ι.
431 761 485 792 15.
502 758 645 791 Turrem.
671 760 824 790 Prensare

124 809 233 851 mu]
255 808 397 842 Areum
421 809 646 849 comprimere
675 808 823 840 brachia.

93 885 96 888 .
124 858 468 899 meinimhmoliia]
490 859 578 892 Quae
595 858 735 899 obsequi
753 858 823 889 nol-

125 910 207 943 lent.
233 909 322 941 Vide
334 909 445 950 Epod.
462 917 522 941 xv.
552 908 562 926 ‘
577 909 695 941 Iacntis
712 908 825 940 adliae·

126 969 203 992 rens
218 959 395 992 Braehiis?
417 959 560 991 Tur-rent.

168 1013 210 1042 6⁵
237 1010 450 1050 Distat-quens
485 1009 602 1050 oculos]
634 1008 713 1040 Huc
745 1009 824 1040 illuc

127 1069 267 1092 movens
277 1059 409 1093 oculos·
438 1059 525 1092 Male
539 1058 654 1098 salsus]
677 1058 825 1090 Nimium

130 1109 281 1151 prudens
299 1109 332 1140 in
348 1109 506 1140 damnum
523 1119 647 1141 meum.

171 1161 216 1191 66
239 1157 464 1198 Dissimulare]
489 1158 615 1190 Ridens
639 1157 827 1189 dissimula-

131 1210 204 1242 bat.
245 1208 346 1241 Urere
371 1208 456 1248 bilis]
478 1208 565 1241 Bilis
595 1217 705 1240 meum
728 1207 829 1248 jecur

130 1259 265 1298 urebat,
279 1258 312 1290 id
329 1264 394 1299 est,
411 1258 628 1291 vehementer
645 1257 828 1289 irascebar.

172 1312 214 1341 67
232 1309 326 1341 Certe
338 1309 455 1350 nescio]
478 1309 565 1340 Sunt
578 1308 680 1340 verba
692 1307 829 1339 Horatii

130 1358 174 1390 ad
188 1358 348 1390 Fuscum.

172 1411 215 1440 68
241 1408 376 1441 Memini
401 1407 491 1449 bene]
522 1406 720 1448 Respondet
746 1406 830 1437 Fus-

132 1467 207 1491 cus.

172 1511 216 1540 69
233 1507 404 1540 ffimima
425 1507 570 1547 sabbata]
594 1505 732 1538 Sabbata
759 1515 829 1536 om-

130 1559 198 1598 nia,
235 1558 301 1590 boc
333 1561 398 1597 est,
437 1559 620 1598 septimum
661 1564 829 1597 quemque

131 1609 234 1649 diem,
247 1607 389 1641 Jndaeos
406 1608 558 1639 venerari
583 1607 706 1641 solere,
735 1606 831 1638 dicta

131 1668 198 1694 nen
211 1669 232 1691 a
240 1656 406 1698 σαβόζειν,
414 1658 448 1690 id
459 1655 831 1696 est,debacchari,-unde

131 1715 168 1747 et
192 1709 319 1742 Bacchi
343 1717 531 1748 cognomen
556 1704 762 1741 ‘Snbasiusss
794 1709 832 1735 ut

131 1760 205 1793 vult
215 1759 309 1792 Plut.
320 1759 354 1789 in
366 1758 524 1798 Sympos.
541 1765 590 1787 iv.
605 1759 636 1786 5.
650 1754 709 1786 sed
726 1764 745 1785 a
758 1762 832 1784 ver-

132 1810 176 1840 bo
190 1808 292 1849 nabat,
315 1807 406 1849 quod
422 1808 432 1825 ‘
447 1815 581 1838 cessare
592 1804 602 1819 ’
617 1810 653 1836 et
669 1805 679 1822 ⁴
693 1803 810 1835 feriari
825 1802 832 1815 ¹

133 1857 318 1899 significat,
346 1848 498 1897 plurimis
522 1860 696 1886 auctorum
727 1852 834 1883 omnis

135 1908 268 1950 generis
279 1907 484 1940 testimoniis
496 1910 644 1937 constat.
666 1903 734 1934 Sed
744 1903 833 1944 quod

134 1958 290 1990 tricesim
312 1957 449 1990 Sabbata
470 1955 526 1987 hic
553 1954 636 1987 dicit
660 1954 836 1992 Horatius,

135 2009 170 2041 id
195 2009 248 2041 vel
271 2007 314 2039 ad
340 2016 495 2046 magnum
523 2005 606 2036 illud
631 2003 834 2042 Sabbatum,

135 2057 238 2100 quod,
265 2057 368 2089 Paene
390 2060 512 2088 vocant
533 2055 662 2094 Judaei‚
686 2052 835 2085 referen-

135 2109 234 2140 dum:
259 2113 319 2140 ant
329 2108 376 2139 ita
385 2106 614 2148 appellaverit
630 2106 640 2122 ⁴
653 2104 836 2136 Neomeni-

136 2158 248 2189 nrnm’
264 2157 366 2190 diem.
411 2155 603 2187 Lunaribus
627 2155 718 2186 enim
744 2163 836 2184 men-

137 2208 229 2240 sibus
244 2206 427 2239 utebantur
441 2204 553 2238 Judaei
569 2214 578 2235 τ
603 2213 684 2244 ergo
707 2203 836 2234 tricesi-

137 2267 190 2291 mo
205 2266 340 2300 quoque
356 2256 426 2295 die,
443 2259 502 2287 aut
518 2255 670 2294 circiter,
683 2263 835 2286 recurre-

137 2308 219 2346 bant
233 2306 447 2344 Neomeniae,
460 2315 544 2346 quas
561 2314 620 2336 nos
634 2306 643 2322 ‘
657 2303 838 2336 Calendas’

137 2357 292 2395 dicimus,
306 2355 425 2388 eadem
446 2354 593 2392 ratione,
608 2362 672 2393 qna
688 2352 839 2384 Sabbata

137 2406 227 2446 ipsa,
239 2396 355 2444 cultae,
368 2407 450 2434 tune
466 2403 594 2442 duplici
613 2403 739 2433 honore
765 2401 839 2442 dig-

141 2463 298 2494 nae,cum
315 2453 347 2483 in
363 2453 550 2484 Sabbatum
569 2452 736 2483 incidunt.
760 2452 838 2483 vid.

139 2501 289 2535 Turneb.
316 2509 379 2533 xv.
396 2504 448 2533 18.
475 2502 618 2533 Tor-rent.
672 2501 840 2532 Tricesima

139 2550 285 2591 sabbata]
319 2551 471 2584 Sabbata
500 2551 674 2583 tricesimo
705 2560 840 2592 quoque

142 2603 201 2635 die
215 2601 339 2634 mensis
353 2601 508 2633 redeunt.
555 2599 621 2632 Alii
637 2601 842 2632 Neomenias

143 2651 350 2692 intelligunt,
379 2648 434 2682 alii
462 2660 619 2691 magnum
642 2650 841 2682 Jndaeorum

145 2701 296 2741 Sabbat3
325 2709 400 2742 quo
430 2700 487 2732 die
518 2699 652 2741 Agnnm
686 2699 843 2732 comede·

148 2753 242 2785 bant.

188 2805 230 2834 70
249 2801 359 2834 Curti-3
367 2799 507 2841 Judoeis]
528 2799 660 2832 Judaeis
677 2799 844 2838 recutitis,

146 2854 203 2895 qui
217 2851 372 2895 glandem
399 2850 495 2892 penis
517 2850 645 2882 habent
668 2849 844 2882 circumci-

1457 303 1567 344 1661

873 417 955 440 sam.
1002 406 1178 448 Oppedere]
1191 406 1343 439 Verbum
1358 406 1495 447 Satyrae
1511 416 1569 446 ap-

874 462 960 497 tum,
987 463 1024 490 nt
1052 456 1252 498 καταπέρδειν
1273 461 1308 490 et
1334 455 1573 497 ἀνταποπέρδειν

872 508 961 548 apud
971 508 1248 548 Aristophanem,
1256 517 1316 548 pro
1328 507 1572 539 contumeliose

873 558 1052 599 despicere
1065 563 1166 600 atque
1179 563 1397 590 contemnere
1413 557 1575 599 aliquem,

874 614 909 639 ut
934 618 1033 650 quem
1052 609 1179 640 ventris
1204 609 1340 649 crepitu
1359 613 1419 640 aut
1444 607 1573 639 amoliri

873 662 932 689 aut
946 665 1162 698 prosternere
1187 659 1308 699 possis,
1329 663 1366 689 ut
1382 666 1470 689 nunc
1496 666 1575 698 quo·

873 716 940 748 que
957 709 1076 748 vulgus
1093 708 1253 748 loquitur.
1269 709 1351 749 quin
1369 709 1575 739 inverecun-

873 757 907 788 di
933 767 994 797 per
1014 759 1254 790 contumeliam
1275 764 1335 789 aut
1359 748 1479 789 ventre
1502 766 1576 788 cre·

874 807 1000 849 pitant,
1012 812 1140 839 autore
1154 808 1323 839 siuuilant.
1338 807 1418 838 Vid.
1429 808 1577 838 Turneb.

875 867 936 890 xv.
962 861 1013 890 18.
1041 858 1183 890 Torrent.
1233 858 1408 898 Oppedere]
1434 857 1577 888 Contra-

874 903 990 940 dicere
1006 913 1039 940 et
1057 918 1172 940 eorum
1196 908 1392 947 religionem
1419 906 1579 938 irridere.

877 959 974 990 Nulla
988 958 1081 998 mihi]
1103 957 1190 990 Sunt
1208 958 1311 989 verba
1327 957 1476 989 Horatii.

919 1011 958 1040 71
978 1008 1024 1039 At
1039 1008 1098 1049 mi]
1122 1008 1237 1048 Negat
1254 1007 1403 1039 Aristius
1422 1016 1471 1043 se,
1488 1006 1578 1048 quod

877 1067 919 1088 ex
933 1058 1071 1098 Epicuri
1088 1057 1271 1098 disciplina
1293 1055 1441 1088 faciebat
1467 1056 1576 1087 Hora-

878 1108 958 1146 tius,
989 1108 1170 1148 religiones
1200 1116 1316 1137 0mnes
1338 1111 1577 1145 contemnereg

879 1162 915 1189 et
928 1167 1002 1188 cum
1020 1157 1129 1196 addit,
1145 1167 1224 1188 unus
1238 1158 1415 1195 multorum,
1429 1156 1580 1188 ostendit

880 1218 954 1239 sese
983 1208 1026 1239 de
1053 1208 1216 1248 religione
1241 1208 1328 1239 idem
1354 1217 1429 1239 cum
1454 1209 1580 1248 populo

880 1259 1016 1289 sentire.
1066 1259 1152 1289 Nam
1170 1263 1204 1289 et
1221 1267 1312 1289 nunc
1330 1259 1378 1289 sic
1393 1259 1581 1299 loquuntur

881 1309 976 1347 Itali,
993 1315 1030 1340 ut
1047 1319 1122 1340 cum
1140 1313 1148 1327 ⁶
1163 1309 1287 1340 multos
1299 1308 1308 1322 ’
1332 1309 1463 1350 dicunt,
1479 1308 1581 1340 rudes

880 1363 916 1390 et
941 1359 1117 1399 imperitos
1144 1358 1361 1399 significent3
1386 1367 1462 1389 cuin
1479 1362 1582 1398 ‘pau-

881 1408 963 1446 cos‚’
995 1409 1114 1440 doctos
1139 1415 1174 1439 et
1201 1412 1374 1448 expertos.
1412 1407 1512 1447 quale
1546 1411 1582 1437 et

880 1458 964 1489 illud
978 1468 986 1489 ε
1003 1458 1012 1475 ‘
1025 1458 1096 1490 Nos
1107 1466 1266 1488 numerus
1281 1455 1420 1487 snmus!
1438 1456 1582 1487 Torreat.

880 1510 926 1539 At
942 1508 1000 1547 mi]
1019 1507 1064 1538 At
1081 1507 1161 1538 mihi
1178 1507 1291 1545 aliqua
1307 1509 1360 1536 est
1377 1506 1508 1546 religio,
1532 1505 1583 1535 in-

881 1557 955 1598 quit
986 1557 1127 1588 Fuscus.
1187 1555 1264 1587 Sum
1288 1556 1379 1596 paulo
1415 1555 1583 1597 infirmior,

881 1609 976 1649 unus]
986 1608 1066 1638 Sum
1079 1608 1291 1648 aliquantulo
1302 1606 1583 1647 superstitiosior.

882 1658 980 1697 [Vat.
1000 1657 1113 1688 Palat.
1129 1661 1157 1687 l.
1171 1655 1327 1696 paulum]

926 1709 967 1737 ⁷2
987 1708 1161 1737 Multorum
1170 1705 1326 1745 ignosces]
1352 1704 1448 1734 Unus
1464 1713 1484 1735 e
1497 1704 1581 1735 mul-

884 1757 939 1786 tis.
984 1755 1150 1786 Hunccine
1165 1754 1284 1793 Solem]
1310 1754 1487 1785 Exclamat
1511 1753 1583 1786 Ho-

885 1807 1002 1838 ratius.

926 1859 967 1887 73
995 1857 1070 1887 Tam
1100 1855 1241 1895 nigrum]
1264 1854 1355 1886 Vide
1381 1863 1431 1886 iv·
1457 1854 1527 1886 Od.
1554 1858 1587 1886 5.

885 1907 894 1923 ⁴
908 1907 1004 1938 Soles
1022 1907 1141 1938 melius
1163 1904 1300 1937 nitent.'
1346 1905 1392 1936 Et
1407 1915 1434 1936 1.
1449 1905 1516 1936 Od.
1532 1907 1585 1936 36.

885 1959 895 1974 ⁴
910 1957 1030 1988 Cressa
1048 1966 1090 1987 ne
1111 1959 1227 1987 careat
1244 1955 1362 1995 pulcra
1386 1954 1458 1986 dies
1481 1954 1586 1985 nota!

890 2008 1034 2039 ‘rm-rent.
1084 2007 1158 2038 Tam
1184 2006 1311 2044 nigrum
1335 2014 1466 2037 surrexe
1491 2005 1585 2046 mihi]

885 2058 966 2088 'ram
988 2057 1161 2088 infelicem
1189 2055 1278 2086 diem
1295 2055 1375 2086 mihi
1399 2055 1588 2086 surrexisse

886 2107 1063 2147 oportuit?
1085 2106 1184 2144 Fugit
1197 2104 1370 2145 improbus]
1391 2104 1494 2145 Fugit
1507 2105 1588 2135 Fus-

886 2167 946 2188 cus
963 2156 1050 2187 male
1068 2156 1186 2186 salsus,

927 2208 969 2237 74
993 2205 1060 2236 Sub
1085 2206 1184 2236 cultro
1213 2203 1344 2244 linqide]
1378 2203 1521 2245 Linquit
1553 2204 1586 2235 in

887 2264 1016 2286 summo
1046 2254 1212 2295 periculo,
1237 2258 1275 2284 ut
1298 2252 1472 2284 victimam
1498 2253 1589 2294 jam·

882 2305 956 2345 jam
986 2304 1214 2336 mactandam.
1275 2302 1450 2342 [Vallicel.
1488 2306 1520 2334 3.
1551 2304 1589 2334 Ιί-

888 2354 987 2394 quit]

931 2405 972 2433 75
999 2400 1224 2440 Adversarius]
1259 2400 1400 2432 Gari-nli
1431 2399 1588 2432 adversa-

891 2453 970 2483 rius.
1006 2452 1074 2486 Quo
1091 2454 1126 2482 tu
1147 2449 1342 2492 turpissime]
1364 2450 1442 2482 Quo
1471 2451 1588 2491 pergis

891 2501 1158 2541 improbissime?

934 2554 976 2582 76
991 2551 1081 2582 Licet
1095 2548 1264 2588 antestari]
1288 2548 1319 2580 Ο
1336 2549 1472 2589 Horati,
1494 2549 1592 2581 licet·

891 2611 935 2632 ne
950 2606 983 2631 te
996 2605 1117 2632 testem
1129 2599 1245 2631 facere
1258 2600 1292 2629 in
1306 2599 1476 2638 garrulum
1488 2599 1500 2630 ἓ
1524 2599 1593 2631 An*

892 2650 1019 2689 testari]
1043 2649 1216 2680 Adversus
1231 2657 1320 2687 eum,
1338 2648 1395 2689 qui
1412 2648 1446 2679 in
1457 2648 1516 2689 jus
1535 2659 1591 2680 vo-

893 2702 991 2732 catus
1009 2709 1077 2730 non
1095 2699 1177 2734 iret,
1191 2698 1257 2729 duo
1274 2701 1394 2729 extant
1409 2697 1508 2739 Legis
1523 2707 1590 2731 xu.

893 2750 978 2782 Tab.
1005 2749 1132 2790 capita,
1149 2751 1311 2788 corrupta
1335 2750 1448 2778 tamen
1466 2757 1506 2779 ac
1520 2757 1592 2778 mu-

895 2800 966 2833 tila.
988 2800 1200 2841 Quamquam
1216 2801 1251 2830 et
1264 2796 1368 2828 verba
1377 2806 1453 2829 meo
1458 2797 1590 2838 jndicio

894 2850 1043 2891 restitui,
1065 2855 1102 2882 et
1125 2850 1159 2881 in
1182 2857 1284 2881 unum
1307 2847 1400 2879 coire
1426 2852 1591 2889 possunt:
