<?xml version="1.0" encoding="UTF-8"?>
<!DOCTYPE html PUBLIC "-//W3C//DTD XHTML 1.0 Transitional//EN"
    "http://www.w3.org/TR/xhtml1/DTD/xhtml1-transitional.dtd">
<html xmlns="http://www.w3.org/1999/xhtml" xml:lang="en" lang="en">
 <head>
  <title>
</title>
<meta http-equiv="Content-Type" content="text/html;charset=utf-8" />
  <meta name='ocr-system' content='tesseract 3.04.00' />
  <meta name='ocr-capabilities' content='ocr_page ocr_carea ocr_par ocr_line ocrx_word'/>
</head>
<body>
  <div class='ocr_page' id='page_1' title='image "./operazeune03horauoft/operazeune03horauoft_0598.png"; bbox 0 0 1890 3230; ppageno 0'>
   <div class='ocr_carea' id='block_1_1' title="bbox 407 297 516 340">
    <p class='ocr_par' dir='ltr' id='par_1_1' title="bbox 407 297 516 340">
     <span class='ocr_line' id='line_1_1' title="bbox 407 297 516 340; baseline -0.009 -1"><span class='ocrx_word' id='word_1_1' title='bbox 407 297 516 340; x_wconf 85' lang='grc'>1744</span> 
     </span>
    </p>
   </div>
   <div class='ocr_carea' id='block_1_2' title="bbox 401 398 1087 2806">
    <p class='ocr_par' dir='ltr' id='par_1_2' title="bbox 403 398 1086 912">
     <span class='ocr_line' id='line_1_2' title="bbox 407 398 1086 440; baseline -0.001 -10"><span class='ocrx_word' id='word_1_2' title='bbox 407 399 542 440; x_wconf 83' lang='lat' dir='ltr'>prietas.</span> <span class='ocrx_word' id='word_1_3' title='bbox 586 398 778 429; x_wconf 85' lang='lat' dir='ltr'>‘Candere’</span> <span class='ocrx_word' id='word_1_4' title='bbox 807 399 894 430; x_wconf 79' lang='lat' dir='ltr'>enim</span> <span class='ocrx_word' id='word_1_5' title='bbox 920 403 956 429; x_wconf 83' lang='lat' dir='ltr'>et</span> <span class='ocrx_word' id='word_1_6' title='bbox 985 398 1086 430; x_wconf 85' lang='lat' dir='ltr'>‘can-</span> 
     </span>
     <span class='ocr_line' id='line_1_3' title="bbox 406 448 1084 479; baseline -0.001 0"><span class='ocrx_word' id='word_1_7' title='bbox 406 448 560 479; x_wconf 83' lang='lat' dir='ltr'>descere&#39;</span> <span class='ocrx_word' id='word_1_8' title='bbox 576 457 639 477; x_wconf 89' lang='lat' dir='ltr'>non</span> <span class='ocrx_word' id='word_1_9' title='bbox 656 448 696 478; x_wconf 86' lang='lat' dir='ltr'>ad</span> <span class='ocrx_word' id='word_1_10' title='bbox 719 448 866 478; x_wconf 81' lang='lat' dir='ltr'>colorem</span> <span class='ocrx_word' id='word_1_11' title='bbox 890 451 1018 478; x_wconf 81' lang='lat' dir='ltr'>tantum</span> <span class='ocrx_word' id='word_1_12' title='bbox 1036 457 1084 478; x_wconf 88' lang='lat' dir='ltr'>re-</span> 
     </span>
     <span class='ocr_line' id='line_1_4' title="bbox 405 496 1086 536; baseline 0 -8"><span class='ocrx_word' id='word_1_13' title='bbox 405 497 574 534; x_wconf 76' lang='lat' dir='ltr'>feruntur;</span> <span class='ocrx_word' id='word_1_14' title='bbox 612 496 670 526; x_wconf 80' lang='lat' dir='ltr'>sed</span> <span class='ocrx_word' id='word_1_15' title='bbox 700 502 734 527; x_wconf 88' lang='lat' dir='ltr'>ct</span> <span class='ocrx_word' id='word_1_16' title='bbox 761 497 802 527; x_wconf 90' lang='lat' dir='ltr'>ad</span> <span class='ocrx_word' id='word_1_17' title='bbox 833 497 965 536; x_wconf 82' lang='lat' dir='ltr'>igneum</span> <span class='ocrx_word' id='word_1_18' title='bbox 995 498 1086 528; x_wconf 85' lang='lat' dir='ltr'>illum</span> 
     </span>
     <span class='ocr_line' id='line_1_5' title="bbox 406 545 1086 586; baseline 0 -10"><span class='ocrx_word' id='word_1_19' title='bbox 406 545 628 585; x_wconf 69' lang='lat' dir='ltr'>splendorem,</span> <span class='ocrx_word' id='word_1_20' title='bbox 653 545 708 584; x_wconf 85' lang='lat' dir='ltr'>qui</span> <span class='ocrx_word' id='word_1_21' title='bbox 739 545 772 576; x_wconf 91' lang='lat' dir='ltr'>in</span> <span class='ocrx_word' id='word_1_22' title='bbox 800 554 940 576; x_wconf 85' lang='lat' dir='ltr'>accensa</span> <span class='ocrx_word' id='word_1_23' title='bbox 972 546 1086 586; x_wconf 84' lang='lat' dir='ltr'>quavis</span> 
     </span>
     <span class='ocr_line' id='line_1_6' title="bbox 404 593 1084 632; baseline 0.003 -9"><span class='ocrx_word' id='word_1_24' title='bbox 404 593 545 623; x_wconf 84' lang='lat' dir='ltr'>materia</span> <span class='ocrx_word' id='word_1_25' title='bbox 575 593 733 632; x_wconf 86' lang='lat' dir='ltr'>cernitur,</span> <span class='ocrx_word' id='word_1_26' title='bbox 762 599 799 624; x_wconf 89' lang='lat' dir='ltr'>ut</span> <span class='ocrx_word' id='word_1_27' title='bbox 825 599 834 612; x_wconf 89' lang='lat'><em>‘</em></span> <span class='ocrx_word' id='word_1_28' title='bbox 850 594 994 625; x_wconf 87' lang='lat' dir='ltr'>candens</span> <span class='ocrx_word' id='word_1_29' title='bbox 1019 594 1084 625; x_wconf 81' lang='lat' dir='ltr'>fer·</span> 
     </span>
     <span class='ocr_line' id='line_1_7' title="bbox 407 639 1086 680; baseline -0.003 -9"><span class='ocrx_word' id='word_1_30' title='bbox 407 641 505 678; x_wconf 84' lang='lat' dir='ltr'>rum‚’</span> <span class='ocrx_word' id='word_1_31' title='bbox 532 645 541 659; x_wconf 80' lang='lat'><em>¹</em></span> <span class='ocrx_word' id='word_1_32' title='bbox 557 639 680 680; x_wconf 88' lang='lat' dir='ltr'>carbo‚’</span> <span class='ocrx_word' id='word_1_33' title='bbox 704 640 864 680; x_wconf 85' lang='lat' dir='ltr'>‘favilla‚&#39;</span> <span class='ocrx_word' id='word_1_34' title='bbox 888 650 927 671; x_wconf 93' lang='lat' dir='ltr'>ac</span> <span class='ocrx_word' id='word_1_35' title='bbox 956 640 1086 670; x_wconf 75' lang='lat' dir='ltr'>similia.</span> 
     </span>
     <span class='ocr_line' id='line_1_8' title="bbox 406 688 1086 729; baseline -0.001 -9"><span class='ocrx_word' id='word_1_36' title='bbox 406 690 526 720; x_wconf 86' lang='lat' dir='ltr'>Pulcre</span> <span class='ocrx_word' id='word_1_37' title='bbox 559 690 662 729; x_wconf 87' lang='lat' dir='ltr'>igitur</span> <span class='ocrx_word' id='word_1_38' title='bbox 697 690 835 720; x_wconf 83' lang='lat' dir='ltr'>Flaccus</span> <span class='ocrx_word' id='word_1_39' title='bbox 860 694 869 706; x_wconf 89' lang='lat'>‘</span> <span class='ocrx_word' id='word_1_40' title='bbox 887 688 1086 720; x_wconf 84' lang='lat' dir='ltr'>candentem</span> 
     </span>
     <span class='ocr_line' id='line_1_9' title="bbox 405 738 1085 778; baseline 0 -11"><span class='ocrx_word' id='word_1_41' title='bbox 405 738 504 768; x_wconf 83' lang='lat' dir='ltr'>rubro</span> <span class='ocrx_word' id='word_1_42' title='bbox 519 747 625 769; x_wconf 87' lang='lat' dir='ltr'>cocco</span> <span class='ocrx_word' id='word_1_43' title='bbox 638 743 764 768; x_wconf 83' lang='lat' dir='ltr'>vestem</span> <span class='ocrx_word' id='word_1_44' title='bbox 775 738 782 751; x_wconf 90' lang='lat'>&#39;</span> <span class='ocrx_word' id='word_1_45' title='bbox 799 738 964 778; x_wconf 82' lang='lat' dir='ltr'>depingit,</span> <span class='ocrx_word' id='word_1_46' title='bbox 979 738 1021 767; x_wconf 92' lang='lat' dir='ltr'>ob</span> <span class='ocrx_word' id='word_1_47' title='bbox 1034 746 1085 767; x_wconf 86' lang='lat' dir='ltr'>ar-</span> 
     </span>
     <span class='ocr_line' id='line_1_10' title="bbox 403 787 1086 826; baseline -0.001 -9"><span class='ocrx_word' id='word_1_48' title='bbox 403 787 517 817; x_wconf 86' lang='lat' dir='ltr'>dorem</span> <span class='ocrx_word' id='word_1_49' title='bbox 526 787 654 818; x_wconf 84' lang='lat' dir='ltr'>scilicet</span> <span class='ocrx_word' id='word_1_50' title='bbox 662 796 831 826; x_wconf 79' lang='lat' dir='ltr'>purpurae.</span> <span class='ocrx_word' id='word_1_51' title='bbox 845 787 982 817; x_wconf 77' lang='lat' dir='ltr'>Tor-rent.</span> <span class='ocrx_word' id='word_1_52' title='bbox 1007 787 1086 816; x_wconf 79' lang='lat' dir='ltr'>Can-</span> 
     </span>
     <span class='ocr_line' id='line_1_11' title="bbox 403 834 1085 874; baseline 0 -10"><span class='ocrx_word' id='word_1_53' title='bbox 403 835 487 865; x_wconf 79' lang='lat' dir='ltr'>deret</span> <span class='ocrx_word' id='word_1_54' title='bbox 500 834 610 873; x_wconf 72' lang='lat' dir='ltr'>vestis]</span> <span class='ocrx_word' id='word_1_55' title='bbox 628 835 831 874; x_wconf 87' lang='lat' dir='ltr'>Splenderet</span> <span class='ocrx_word' id='word_1_56' title='bbox 849 835 998 874; x_wconf 85' lang='lat' dir='ltr'>stragula</span> <span class='ocrx_word' id='word_1_57' title='bbox 1013 844 1085 864; x_wconf 89' lang='lat' dir='ltr'>ves-</span> 
     </span>
     <span class='ocr_line' id='line_1_12' title="bbox 405 882 459 912; baseline 0 0"><span class='ocrx_word' id='word_1_58' title='bbox 405 882 459 912; x_wconf 79' lang='lat' dir='ltr'>tis.</span> 
     </span>
    </p>

    <p class='ocr_par' dir='ltr' id='par_1_3' title="bbox 402 929 1086 1350">
     <span class='ocr_line' id='line_1_13' title="bbox 445 929 1083 968; baseline 0.002 -10"><span class='ocrx_word' id='word_1_59' title='bbox 445 931 505 958; x_wconf 88' lang='grc'>105</span> <span class='ocrx_word' id='word_1_60' title='bbox 542 929 738 968; x_wconf 73' lang='lat' dir='ltr'>Exstructis]</span> <span class='ocrx_word' id='word_1_61' title='bbox 774 929 853 959; x_wconf 82' lang='lat' dir='ltr'>Alte</span> <span class='ocrx_word' id='word_1_62' title='bbox 886 930 1083 960; x_wconf 77' lang='lat' dir='ltr'>cumulatis:</span> 
     </span>
     <span class='ocr_line' id='line_1_14' title="bbox 404 976 1085 1017; baseline 0.003 -12"><span class='ocrx_word' id='word_1_63' title='bbox 404 982 471 1006; x_wconf 87' lang='lat' dir='ltr'>tam</span> <span class='ocrx_word' id='word_1_64' title='bbox 487 976 574 1006; x_wconf 87' lang='lat' dir='ltr'>enim</span> <span class='ocrx_word' id='word_1_65' title='bbox 590 977 745 1016; x_wconf 76' lang='lat' dir='ltr'>repositis</span> <span class='ocrx_word' id='word_1_66' title='bbox 764 977 869 1016; x_wconf 88' lang='lat' dir='ltr'>epulis</span> <span class='ocrx_word' id='word_1_67' title='bbox 885 978 1015 1017; x_wconf 88' lang='lat' dir='ltr'>impleri</span> <span class='ocrx_word' id='word_1_68' title='bbox 1031 986 1085 1008; x_wconf 87' lang='lat' dir='ltr'>ca-</span> 
     </span>
     <span class='ocr_line' id='line_1_15' title="bbox 403 1026 1084 1065; baseline 0.001 -11"><span class='ocrx_word' id='word_1_69' title='bbox 403 1026 510 1055; x_wconf 86' lang='lat' dir='ltr'>nistra</span> <span class='ocrx_word' id='word_1_70' title='bbox 535 1029 705 1064; x_wconf 84' lang='lat' dir='ltr'>poterant,</span> <span class='ocrx_word' id='word_1_71' title='bbox 731 1035 826 1065; x_wconf 82' lang='lat' dir='ltr'>quam</span> <span class='ocrx_word' id='word_1_72' title='bbox 842 1034 966 1055; x_wconf 82' lang='lat' dir='ltr'>mensae</span> <span class='ocrx_word' id='word_1_73' title='bbox 982 1026 1084 1064; x_wconf 75' lang='lat' dir='ltr'>ipsae:</span> 
     </span>
     <span class='ocr_line' id='line_1_16' title="bbox 404 1073 1085 1113; baseline 0.001 -10"><span class='ocrx_word' id='word_1_74' title='bbox 404 1073 491 1103; x_wconf 84' lang='lat' dir='ltr'>unde</span> <span class='ocrx_word' id='word_1_75' title='bbox 522 1074 689 1104; x_wconf 82' lang='lat' dir='ltr'>‘struices</span> <span class='ocrx_word' id='word_1_76' title='bbox 726 1073 922 1113; x_wconf 81' lang='lat' dir='ltr'>patinariae’</span> <span class='ocrx_word' id='word_1_77' title='bbox 952 1075 1085 1104; x_wconf 87' lang='lat' dir='ltr'>Plauto.</span> 
     </span>
     <span class='ocr_line' id='line_1_17' title="bbox 403 1122 1085 1153; baseline 0.001 -2"><span class='ocrx_word' id='word_1_78' title='bbox 403 1122 581 1152; x_wconf 81' lang='lat' dir='ltr'>Peculiare</span> <span class='ocrx_word' id='word_1_79' title='bbox 598 1122 686 1152; x_wconf 83' lang='lat' dir='ltr'>enim</span> <span class='ocrx_word' id='word_1_80' title='bbox 699 1122 858 1153; x_wconf 83' lang='lat' dir='ltr'>conviviis</span> <span class='ocrx_word' id='word_1_81' title='bbox 873 1122 1085 1153; x_wconf 87' lang='lat' dir='ltr'>vocabulum:</span> 
     </span>
     <span class='ocr_line' id='line_1_18' title="bbox 402 1170 1085 1202; baseline 0.001 -1"><span class='ocrx_word' id='word_1_82' title='bbox 402 1171 491 1201; x_wconf 81' lang='lat' dir='ltr'>unde</span> <span class='ocrx_word' id='word_1_83' title='bbox 503 1176 536 1202; x_wconf 80' lang='lat' dir='ltr'>ct</span> <span class='ocrx_word' id='word_1_84' title='bbox 547 1172 556 1188; x_wconf 92' lang='lat'>‘</span> <span class='ocrx_word' id='word_1_85' title='bbox 571 1170 768 1202; x_wconf 82' lang='lat' dir='ltr'>structores’</span> <span class='ocrx_word' id='word_1_86' title='bbox 779 1172 867 1202; x_wconf 82' lang='lat' dir='ltr'>inter</span> <span class='ocrx_word' id='word_1_87' title='bbox 877 1170 985 1202; x_wconf 83' lang='lat' dir='ltr'>officia</span> <span class='ocrx_word' id='word_1_88' title='bbox 997 1181 1085 1202; x_wconf 82' lang='lat' dir='ltr'>rnen-</span> 
     </span>
     <span class='ocr_line' id='line_1_19' title="bbox 404 1219 1086 1259; baseline 0 -9"><span class='ocrx_word' id='word_1_89' title='bbox 404 1229 525 1250; x_wconf 84' lang='lat' dir='ltr'>sarum.</span> <span class='ocrx_word' id='word_1_90' title='bbox 565 1220 704 1250; x_wconf 81' lang='lat' dir='ltr'>Torrent.</span> <span class='ocrx_word' id='word_1_91' title='bbox 751 1221 916 1251; x_wconf 69' lang='lat' dir='ltr'>Extractis</span> <span class='ocrx_word' id='word_1_92' title='bbox 949 1219 1086 1259; x_wconf 76' lang='lat' dir='ltr'>inerant]</span> 
     </span>
     <span class='ocr_line' id='line_1_20' title="bbox 402 1269 1086 1310; baseline 0 -10"><span class='ocrx_word' id='word_1_93' title='bbox 402 1269 442 1300; x_wconf 91' lang='lat' dir='ltr'>1n</span> <span class='ocrx_word' id='word_1_94' title='bbox 459 1270 613 1300; x_wconf 75' lang='lat' dir='ltr'>canistris</span> <span class='ocrx_word' id='word_1_95' title='bbox 637 1271 753 1301; x_wconf 77' lang='lat' dir='ltr'>ordine</span> <span class='ocrx_word' id='word_1_96' title='bbox 775 1270 949 1310; x_wconf 80' lang='lat' dir='ltr'>dispositis</span> <span class='ocrx_word' id='word_1_97' title='bbox 972 1274 1008 1300; x_wconf 90' lang='lat' dir='ltr'>et</span> <span class='ocrx_word' id='word_1_98' title='bbox 1030 1279 1086 1300; x_wconf 82' lang='lat' dir='ltr'>ex·</span> 
     </span>
     <span class='ocr_line' id='line_1_21' title="bbox 403 1319 540 1350; baseline 0.007 -2"><span class='ocrx_word' id='word_1_99' title='bbox 403 1319 540 1350; x_wconf 85' lang='lat' dir='ltr'>ornatis.</span> 
     </span>
    </p>

    <p class='ocr_par' dir='ltr' id='par_1_4' title="bbox 401 1367 1087 1733">
     <span class='ocr_line' id='line_1_22' title="bbox 445 1367 1086 1407; baseline 0 -10"><span class='ocrx_word' id='word_1_100' title='bbox 445 1369 506 1397; x_wconf 84' lang='lat'>106</span> <span class='ocrx_word' id='word_1_101' title='bbox 532 1368 616 1406; x_wconf 83' lang='lat' dir='ltr'>Ergo</span> <span class='ocrx_word' id='word_1_102' title='bbox 641 1367 693 1398; x_wconf 79' lang='lat' dir='ltr'>ubi</span> <span class='ocrx_word' id='word_1_103' title='bbox 714 1367 899 1407; x_wconf 78' lang='lat' dir='ltr'>porrectum]</span> <span class='ocrx_word' id='word_1_104' title='bbox 922 1368 1021 1404; x_wconf 84' lang='lat' dir='ltr'>Cura,</span> <span class='ocrx_word' id='word_1_105' title='bbox 1036 1376 1086 1398; x_wconf 83' lang='lat' dir='ltr'>se-</span> 
     </span>
     <span class='ocr_line' id='line_1_23' title="bbox 402 1415 1087 1455; baseline 0.001 -9"><span class='ocrx_word' id='word_1_106' title='bbox 402 1415 525 1446; x_wconf 87' lang='lat' dir='ltr'>dulitas</span> <span class='ocrx_word' id='word_1_107' title='bbox 547 1422 583 1447; x_wconf 81' lang='lat' dir='ltr'>et</span> <span class='ocrx_word' id='word_1_108' title='bbox 607 1416 750 1446; x_wconf 83' lang='lat' dir='ltr'>studium</span> <span class='ocrx_word' id='word_1_109' title='bbox 778 1418 878 1447; x_wconf 89' lang='lat' dir='ltr'>muris</span> <span class='ocrx_word' id='word_1_110' title='bbox 900 1417 1032 1455; x_wconf 80' lang='lat' dir='ltr'>urbani,</span> <span class='ocrx_word' id='word_1_111' title='bbox 1052 1420 1087 1447; x_wconf 89' lang='lat' dir='ltr'>ut</span> 
     </span>
     <span class='ocr_line' id='line_1_24' title="bbox 402 1465 1087 1504; baseline 0.001 -10"><span class='ocrx_word' id='word_1_112' title='bbox 402 1468 580 1503; x_wconf 83' lang='lat' dir='ltr'>apparatu,</span> <span class='ocrx_word' id='word_1_113' title='bbox 607 1465 853 1504; x_wconf 84' lang='lat' dir='ltr'>magnificentia</span> <span class='ocrx_word' id='word_1_114' title='bbox 884 1470 919 1495; x_wconf 86' lang='lat' dir='ltr'>et</span> <span class='ocrx_word' id='word_1_115' title='bbox 947 1465 1087 1504; x_wconf 85' lang='lat' dir='ltr'>dapibus</span> 
     </span>
     <span class='ocr_line' id='line_1_25' title="bbox 401 1512 1085 1552; baseline 0.001 -11"><span class='ocrx_word' id='word_1_116' title='bbox 401 1512 567 1552; x_wconf 82' lang='lat' dir='ltr'>hospitem</span> <span class='ocrx_word' id='word_1_117' title='bbox 583 1521 676 1542; x_wconf 86' lang='lat' dir='ltr'>snum</span> <span class='ocrx_word' id='word_1_118' title='bbox 692 1513 839 1551; x_wconf 84' lang='lat' dir='ltr'>accipiat</span> <span class='ocrx_word' id='word_1_119' title='bbox 855 1513 895 1542; x_wconf 88' lang='lat' dir='ltr'>ad</span> <span class='ocrx_word' id='word_1_120' title='bbox 914 1513 999 1542; x_wconf 88' lang='lat' dir='ltr'>ruris</span> <span class='ocrx_word' id='word_1_121' title='bbox 1015 1512 1085 1542; x_wconf 90' lang='lat' dir='ltr'>odi-</span> 
     </span>
     <span class='ocr_line' id='line_1_26' title="bbox 402 1559 1084 1595; baseline 0 -5"><span class='ocrx_word' id='word_1_122' title='bbox 402 1569 456 1590; x_wconf 90' lang='lat' dir='ltr'>um</span> <span class='ocrx_word' id='word_1_123' title='bbox 486 1559 720 1595; x_wconf 85' lang='lat' dir='ltr'>inducendum,</span> <span class='ocrx_word' id='word_1_124' title='bbox 750 1565 786 1590; x_wconf 92' lang='lat' dir='ltr'>et</span> <span class='ocrx_word' id='word_1_125' title='bbox 816 1560 905 1590; x_wconf 84' lang='lat' dir='ltr'>urbis</span> <span class='ocrx_word' id='word_1_126' title='bbox 940 1569 1084 1590; x_wconf 89' lang='lat' dir='ltr'>amorem</span> 
     </span>
     <span class='ocr_line' id='line_1_27' title="bbox 402 1607 1086 1647; baseline -0.001 -9"><span class='ocrx_word' id='word_1_127' title='bbox 402 1607 680 1647; x_wconf 87' lang='lat' dir='ltr'>persuadendum.</span> <span class='ocrx_word' id='word_1_128' title='bbox 702 1609 798 1646; x_wconf 78' lang='lat' dir='ltr'><strong><em>Cruq.</em></strong></span> <span class='ocrx_word' id='word_1_129' title='bbox 842 1609 1023 1638; x_wconf 79' lang='lat' dir='ltr'>Porrectum</span> <span class='ocrx_word' id='word_1_130' title='bbox 1038 1607 1086 1646; x_wconf 71' lang='lat' dir='ltr'>in]</span> 
     </span>
     <span class='ocr_line' id='line_1_28' title="bbox 401 1653 1084 1685; baseline -0.001 -1"><span class='ocrx_word' id='word_1_131' title='bbox 401 1655 534 1685; x_wconf 75' lang='lat' dir='ltr'>Murem</span> <span class='ocrx_word' id='word_1_132' title='bbox 566 1653 726 1684; x_wconf 82' lang='lat' dir='ltr'>rusticum</span> <span class='ocrx_word' id='word_1_133' title='bbox 755 1658 928 1684; x_wconf 83' lang='lat' dir='ltr'>extentum</span> <span class='ocrx_word' id='word_1_134' title='bbox 955 1655 1006 1683; x_wconf 81' lang='lat' dir='ltr'>vel</span> <span class='ocrx_word' id='word_1_135' title='bbox 1033 1663 1084 1684; x_wconf 88' lang='lat' dir='ltr'>ac-</span> 
     </span>
     <span class='ocr_line' id='line_1_29' title="bbox 402 1703 628 1733; baseline 0 -1"><span class='ocrx_word' id='word_1_136' title='bbox 402 1703 628 1733; x_wconf 85' lang='lat' dir='ltr'>cumbentem.</span> 
     </span>
    </p>

    <p class='ocr_par' dir='ltr' id='par_1_5' title="bbox 402 1750 1086 1879">
     <span class='ocr_line' id='line_1_30' title="bbox 445 1750 1086 1790; baseline -0.003 -8"><span class='ocrx_word' id='word_1_137' title='bbox 445 1753 504 1782; x_wconf 87' lang='grc'>107</span> <span class='ocrx_word' id='word_1_138' title='bbox 532 1751 634 1782; x_wconf 73' lang='lat' dir='ltr'>Veluti</span> <span class='ocrx_word' id='word_1_139' title='bbox 658 1750 842 1790; x_wconf 78' lang='lat' dir='ltr'>succinctus]</span> <span class='ocrx_word' id='word_1_140' title='bbox 865 1750 975 1781; x_wconf 84' lang='lat' dir='ltr'>Instar</span> <span class='ocrx_word' id='word_1_141' title='bbox 999 1750 1086 1781; x_wconf 84' lang='lat' dir='ltr'>servi</span> 
     </span>
     <span class='ocr_line' id='line_1_31' title="bbox 402 1799 1083 1839; baseline 0 -10"><span class='ocrx_word' id='word_1_142' title='bbox 402 1799 444 1829; x_wconf 85' lang='lat' dir='ltr'>ad</span> <span class='ocrx_word' id='word_1_143' title='bbox 461 1799 711 1829; x_wconf 82' lang='lat' dir='ltr'>ministrandum</span> <span class='ocrx_word' id='word_1_144' title='bbox 725 1799 914 1839; x_wconf 85' lang='lat' dir='ltr'>expeditus.</span> <span class='ocrx_word' id='word_1_145' title='bbox 949 1799 1083 1839; x_wconf 73' lang='lat' dir='ltr'>Hospes]</span> 
     </span>
     <span class='ocr_line' id='line_1_32' title="bbox 402 1847 652 1879; baseline 0 -1"><span class='ocrx_word' id='word_1_146' title='bbox 402 1847 479 1878; x_wconf 83' lang='lat' dir='ltr'>Mus</span> <span class='ocrx_word' id='word_1_147' title='bbox 496 1848 652 1879; x_wconf 84' lang='lat' dir='ltr'>urbanus.</span> 
     </span>
    </p>

    <p class='ocr_par' dir='ltr' id='par_1_6' title="bbox 401 1895 1086 2364">
     <span class='ocr_line' id='line_1_33' title="bbox 445 1895 1085 1935; baseline 0 -9"><span class='ocrx_word' id='word_1_148' title='bbox 445 1899 506 1927; x_wconf 88' lang='grc'>108</span> <span class='ocrx_word' id='word_1_149' title='bbox 530 1896 752 1935; x_wconf 61' lang='lat' dir='ltr'>Continuumque</span> <span class='ocrx_word' id='word_1_150' title='bbox 769 1895 876 1935; x_wconf 80' lang='lat' dir='ltr'>dapes]</span> <span class='ocrx_word' id='word_1_151' title='bbox 899 1896 1013 1935; x_wconf 85' lang='lat' dir='ltr'>Dapes</span> <span class='ocrx_word' id='word_1_152' title='bbox 1028 1895 1085 1926; x_wconf 87' lang='lat' dir='ltr'>da·</span> 
     </span>
     <span class='ocr_line' id='line_1_34' title="bbox 402 1937 1085 1984; baseline 0 -10"><span class='ocrx_word' id='word_1_153' title='bbox 402 1943 499 1983; x_wconf 86' lang='lat' dir='ltr'>pibus</span> <span class='ocrx_word' id='word_1_154' title='bbox 529 1944 727 1975; x_wconf 83' lang='lat' dir='ltr'>accumulat.</span> <span class='ocrx_word' id='word_1_155' title='bbox 788 1937 960 1975; x_wconf 77' lang='lat' dir='ltr'>Ver-naliter</span> <span class='ocrx_word' id='word_1_156' title='bbox 995 1944 1085 1984; x_wconf 74' lang='lat' dir='ltr'>ipsis]</span> 
     </span>
     <span class='ocr_line' id='line_1_35' title="bbox 402 1992 1084 2032; baseline -0.001 -9"><span class='ocrx_word' id='word_1_157' title='bbox 402 1993 455 2023; x_wconf 88' lang='lat' dir='ltr'>Sic</span> <span class='ocrx_word' id='word_1_158' title='bbox 481 1992 613 2032; x_wconf 88' lang='lat' dir='ltr'>quidem</span> <span class='ocrx_word' id='word_1_159' title='bbox 638 1992 743 2023; x_wconf 80' lang='lat' dir='ltr'>nostri</span> <span class='ocrx_word' id='word_1_160' title='bbox 763 1992 916 2023; x_wconf 85' lang='lat' dir='ltr'>codices:</span> <span class='ocrx_word' id='word_1_161' title='bbox 941 2001 1018 2022; x_wconf 86' lang='lat' dir='ltr'>usus</span> <span class='ocrx_word' id='word_1_162' title='bbox 1034 1997 1084 2023; x_wconf 87' lang='lat' dir='ltr'>ta-</span> 
     </span>
     <span class='ocr_line' id='line_1_36' title="bbox 401 2042 1086 2080; baseline -0.001 -7"><span class='ocrx_word' id='word_1_163' title='bbox 401 2051 477 2073; x_wconf 86' lang='lat' dir='ltr'>men</span> <span class='ocrx_word' id='word_1_164' title='bbox 494 2042 648 2080; x_wconf 82' lang='lat' dir='ltr'>obtinuit,</span> <span class='ocrx_word' id='word_1_165' title='bbox 662 2046 699 2073; x_wconf 89' lang='lat' dir='ltr'>ut</span> <span class='ocrx_word' id='word_1_166' title='bbox 713 2042 889 2073; x_wconf 81' lang='lat' dir='ltr'>Horatium</span> <span class='ocrx_word' id='word_1_167' title='bbox 904 2046 1018 2073; x_wconf 84' lang='lat' dir='ltr'>secuta</span> <span class='ocrx_word' id='word_1_168' title='bbox 1044 2051 1086 2072; x_wconf 71' lang='grc' dir='ltr'>ω-</span> 
     </span>
     <span class='ocr_line' id='line_1_37' title="bbox 402 2091 1084 2129; baseline -0.003 -7"><span class='ocrx_word' id='word_1_169' title='bbox 402 2096 464 2129; x_wconf 83' lang='lat' dir='ltr'>tas,</span> <span class='ocrx_word' id='word_1_170' title='bbox 478 2096 487 2110; x_wconf 90' lang='lat'>‘</span> <span class='ocrx_word' id='word_1_171' title='bbox 504 2091 656 2123; x_wconf 85' lang='lat' dir='ltr'>vernilis&#39;</span> <span class='ocrx_word' id='word_1_172' title='bbox 673 2096 708 2122; x_wconf 90' lang='lat' dir='ltr'>et</span> <span class='ocrx_word' id='word_1_173' title='bbox 723 2093 732 2108; x_wconf 89' lang='lat'>‘</span> <span class='ocrx_word' id='word_1_174' title='bbox 746 2091 936 2121; x_wconf 84' lang='lat' dir='ltr'>verniliter&#39;</span> <span class='ocrx_word' id='word_1_175' title='bbox 947 2091 1084 2121; x_wconf 86' lang='lat' dir='ltr'>diceret.</span> 
     </span>
     <span class='ocr_line' id='line_1_38' title="bbox 401 2138 1083 2180; baseline -0.003 -10"><span class='ocrx_word' id='word_1_176' title='bbox 401 2141 539 2170; x_wconf 85' lang='lat' dir='ltr'>Tacitus</span> <span class='ocrx_word' id='word_1_177' title='bbox 569 2148 700 2180; x_wconf 81' lang='lat' dir='ltr'>quoque</span> <span class='ocrx_word' id='word_1_178' title='bbox 727 2139 817 2170; x_wconf 82' lang='lat' dir='ltr'>Hist.</span> <span class='ocrx_word' id='word_1_179' title='bbox 848 2148 904 2170; x_wconf 90' lang='grc' dir='ltr'>ιιι.</span> <span class='ocrx_word' id='word_1_180' title='bbox 932 2139 942 2155; x_wconf 91' lang='lat'>‘</span> <span class='ocrx_word' id='word_1_181' title='bbox 959 2138 1083 2169; x_wconf 81' lang='lat' dir='ltr'>vernile</span> 
     </span>
     <span class='ocr_line' id='line_1_39' title="bbox 402 2186 1081 2227; baseline -0.007 -8"><span class='ocrx_word' id='word_1_182' title='bbox 402 2188 528 2219; x_wconf 81' lang='lat' dir='ltr'>dictum</span> <span class='ocrx_word' id='word_1_183' title='bbox 539 2188 548 2201; x_wconf 90' lang='lat'>&#39;</span> <span class='ocrx_word' id='word_1_184' title='bbox 564 2197 625 2227; x_wconf 89' lang='lat' dir='ltr'>pro</span> <span class='ocrx_word' id='word_1_185' title='bbox 639 2187 770 2218; x_wconf 83' lang='lat' dir='ltr'>scurrili</span> <span class='ocrx_word' id='word_1_186' title='bbox 782 2196 821 2216; x_wconf 81' lang='lat' dir='ltr'>ac</span> <span class='ocrx_word' id='word_1_187' title='bbox 838 2186 970 2225; x_wconf 83' lang='lat' dir='ltr'>procaci</span> <span class='ocrx_word' id='word_1_188' title='bbox 985 2186 1081 2223; x_wconf 83' lang='lat' dir='ltr'>dixit,</span> 
     </span>
     <span class='ocr_line' id='line_1_40' title="bbox 402 2233 1082 2274; baseline -0.006 -8"><span class='ocrx_word' id='word_1_189' title='bbox 402 2235 511 2274; x_wconf 85' lang='lat' dir='ltr'>qualia</span> <span class='ocrx_word' id='word_1_190' title='bbox 533 2243 606 2266; x_wconf 84' lang='lat' dir='ltr'>esse</span> <span class='ocrx_word' id='word_1_191' title='bbox 629 2233 833 2264; x_wconf 88' lang='lat' dir='ltr'>servulorum</span> <span class='ocrx_word' id='word_1_192' title='bbox 849 2233 968 2262; x_wconf 83' lang='lat' dir='ltr'>solent.</span> <span class='ocrx_word' id='word_1_193' title='bbox 994 2233 1082 2262; x_wconf 80' lang='lat' dir='ltr'>Torr.</span> 
     </span>
     <span class='ocr_line' id='line_1_41' title="bbox 408 2282 1081 2322; baseline -0.009 -5"><span class='ocrx_word' id='word_1_194' title='bbox 408 2283 598 2322; x_wconf 71' lang='lat' dir='ltr'>Ver-naliter]</span> <span class='ocrx_word' id='word_1_195' title='bbox 621 2282 779 2314; x_wconf 83' lang='lat' dir='ltr'>Officiose</span> <span class='ocrx_word' id='word_1_196' title='bbox 804 2283 837 2312; x_wconf 87' lang='lat' dir='ltr'>in</span> <span class='ocrx_word' id='word_1_197' title='bbox 859 2291 982 2312; x_wconf 84' lang='lat' dir='ltr'>morem</span> <span class='ocrx_word' id='word_1_198' title='bbox 1010 2290 1081 2312; x_wconf 82' lang='lat' dir='ltr'>ver-</span> 
     </span>
     <span class='ocr_line' id='line_1_42' title="bbox 402 2343 530 2364; baseline -0.008 -1"><span class='ocrx_word' id='word_1_199' title='bbox 402 2343 530 2364; x_wconf 87' lang='lat' dir='ltr'>uarum.</span> 
     </span>
    </p>

    <p class='ocr_par' dir='ltr' id='par_1_7' title="bbox 402 2377 1083 2758">
     <span class='ocr_line' id='line_1_43' title="bbox 446 2377 1083 2419; baseline -0.005 -8"><span class='ocrx_word' id='word_1_200' title='bbox 446 2383 507 2411; x_wconf 80' lang='lat'>109</span> <span class='ocrx_word' id='word_1_201' title='bbox 542 2378 765 2419; x_wconf 75' lang='lat' dir='ltr'>Proelambens]</span> <span class='ocrx_word' id='word_1_202' title='bbox 814 2379 890 2409; x_wconf 89' lang='lat' dir='ltr'>Non</span> <span class='ocrx_word' id='word_1_203' title='bbox 924 2377 1083 2418; x_wconf 77' lang='lat' dir='ltr'>displicet</span> 
     </span>
     <span class='ocr_line' id='line_1_44' title="bbox 402 2427 1081 2469; baseline -0.006 -9"><span class='ocrx_word' id='word_1_204' title='bbox 402 2428 546 2469; x_wconf 83' lang='lat' dir='ltr'>quidem,</span> <span class='ocrx_word' id='word_1_205' title='bbox 589 2432 627 2457; x_wconf 88' lang='lat' dir='ltr'>ut</span> <span class='ocrx_word' id='word_1_206' title='bbox 667 2427 904 2467; x_wconf 75' lang='lat' dir='ltr'>praegustantis</span> <span class='ocrx_word' id='word_1_207' title='bbox 946 2435 1081 2457; x_wconf 82' lang='lat' dir='ltr'>munere</span> 
     </span>
     <span class='ocr_line' id='line_1_45' title="bbox 402 2474 1082 2514; baseline -0.006 -7"><span class='ocrx_word' id='word_1_208' title='bbox 402 2476 554 2507; x_wconf 81' lang='lat' dir='ltr'>sunctum</span> <span class='ocrx_word' id='word_1_209' title='bbox 569 2475 679 2506; x_wconf 82' lang='lat' dir='ltr'>dicat:</span> <span class='ocrx_word' id='word_1_210' title='bbox 702 2475 830 2504; x_wconf 86' lang='lat' dir='ltr'>mallem</span> <span class='ocrx_word' id='word_1_211' title='bbox 851 2479 962 2504; x_wconf 82' lang='lat' dir='ltr'>tamen</span> <span class='ocrx_word' id='word_1_212' title='bbox 983 2474 1082 2514; x_wconf 81' lang='lat' dir='ltr'>ligur-</span> 
     </span>
     <span class='ocr_line' id='line_1_46' title="bbox 403 2520 1082 2563; baseline -0.007 -7"><span class='ocrx_word' id='word_1_213' title='bbox 403 2526 541 2556; x_wconf 88' lang='lat' dir='ltr'>ritorem</span> <span class='ocrx_word' id='word_1_214' title='bbox 557 2522 756 2563; x_wconf 75' lang='lat' dir='ltr'>significari3</span> <span class='ocrx_word' id='word_1_215' title='bbox 777 2522 890 2562; x_wconf 82' lang='lat' dir='ltr'>quales</span> <span class='ocrx_word' id='word_1_216' title='bbox 913 2520 983 2552; x_wconf 85' lang='lat' dir='ltr'>fere</span> <span class='ocrx_word' id='word_1_217' title='bbox 1005 2526 1082 2552; x_wconf 85' lang='lat' dir='ltr'>sunt</span> 
     </span>
     <span class='ocr_line' id='line_1_47' title="bbox 403 2570 1082 2612; baseline -0.006 -8"><span class='ocrx_word' id='word_1_218' title='bbox 403 2574 567 2604; x_wconf 82' lang='lat' dir='ltr'>vernulae:</span> <span class='ocrx_word' id='word_1_219' title='bbox 605 2575 739 2612; x_wconf 85' lang='lat' dir='ltr'>poterat</span> <span class='ocrx_word' id='word_1_220' title='bbox 764 2576 799 2602; x_wconf 82' lang='lat' dir='ltr'>et</span> <span class='ocrx_word' id='word_1_221' title='bbox 827 2570 903 2601; x_wconf 85' lang='lat' dir='ltr'>ideo</span> <span class='ocrx_word' id='word_1_222' title='bbox 931 2570 1082 2610; x_wconf 84' lang='lat' dir='ltr'>praelam-</span> 
     </span>
     <span class='ocr_line' id='line_1_48' title="bbox 403 2620 1082 2660; baseline -0.004 -8"><span class='ocrx_word' id='word_1_223' title='bbox 403 2622 494 2660; x_wconf 82' lang='lat' dir='ltr'>bere,</span> <span class='ocrx_word' id='word_1_224' title='bbox 510 2626 547 2652; x_wconf 91' lang='lat' dir='ltr'>ut</span> <span class='ocrx_word' id='word_1_225' title='bbox 558 2629 616 2651; x_wconf 84' lang='lat' dir='ltr'>suo</span> <span class='ocrx_word' id='word_1_226' title='bbox 630 2620 733 2660; x_wconf 81' lang='lat' dir='ltr'>prius,</span> <span class='ocrx_word' id='word_1_227' title='bbox 748 2629 845 2660; x_wconf 89' lang='lat' dir='ltr'>quam</span> <span class='ocrx_word' id='word_1_228' title='bbox 863 2620 1010 2650; x_wconf 82' lang='lat' dir='ltr'>convivae</span> <span class='ocrx_word' id='word_1_229' title='bbox 1025 2628 1082 2659; x_wconf 85' lang='lat' dir='ltr'>pa-</span> 
     </span>
     <span class='ocr_line' id='line_1_49' title="bbox 403 2666 1081 2706; baseline 0 -8"><span class='ocrx_word' id='word_1_230' title='bbox 403 2670 473 2700; x_wconf 82' lang='lat' dir='ltr'>lato</span> <span class='ocrx_word' id='word_1_231' title='bbox 489 2668 707 2700; x_wconf 83' lang='lat' dir='ltr'>satisfaceret.</span> <span class='ocrx_word' id='word_1_232' title='bbox 734 2669 818 2700; x_wconf 79' lang='lat' dir='ltr'>Torr.</span> <span class='ocrx_word' id='word_1_233' title='bbox 861 2666 1081 2706; x_wconf 73' lang='lat' dir='ltr'>Proelambens]</span> 
     </span>
     <span class='ocr_line' id='line_1_50' title="bbox 404 2719 631 2758; baseline 0.009 -10"><span class='ocrx_word' id='word_1_234' title='bbox 404 2719 631 2758; x_wconf 84' lang='lat' dir='ltr'>Praegustaus.</span> 
     </span>
    </p>

    <p class='ocr_par' dir='ltr' id='par_1_8' title="bbox 447 2765 1082 2806">
     <span class='ocr_line' id='line_1_51' title="bbox 447 2765 1082 2806; baseline 0.002 -9"><span class='ocrx_word' id='word_1_235' title='bbox 447 2769 507 2797; x_wconf 86' lang='lat'>110</span> <span class='ocrx_word' id='word_1_236' title='bbox 531 2768 587 2798; x_wconf 83' lang='lat' dir='ltr'>Ille</span> <span class='ocrx_word' id='word_1_237' title='bbox 601 2767 711 2798; x_wconf 69' lang='lat' dir='ltr'>cubans</span> <span class='ocrx_word' id='word_1_238' title='bbox 723 2768 835 2806; x_wconf 73' lang='lat' dir='ltr'>gaudet</span> <span class='ocrx_word' id='word_1_239' title='bbox 850 2770 964 2798; x_wconf 82' lang='lat' dir='ltr'>mutata</span> <span class='ocrx_word' id='word_1_240' title='bbox 984 2765 1082 2805; x_wconf 73' lang='lat' dir='ltr'>corte]</span> 
     </span>
    </p>
   </div>
   <div class='ocr_carea' id='block_1_3' title="bbox 850 302 1370 340">
    <p class='ocr_par' dir='ltr' id='par_1_9' title="bbox 850 302 1370 340">
     <span class='ocr_line' id='line_1_52' title="bbox 850 302 1370 340; baseline 0.004 -3"><span class='ocrx_word' id='word_1_241' title='bbox 850 308 986 337; x_wconf 81' lang='lat' dir='ltr'>NOTAE</span> <span class='ocrx_word' id='word_1_242' title='bbox 1019 303 1275 338; x_wconf 72' lang='lat' dir='ltr'>vARiORuM</span> <span class='ocrx_word' id='word_1_243' title='bbox 1320 302 1370 340; x_wconf 71' lang='lat' dir='ltr'>m</span> 
     </span>
    </p>
   </div>
   <div class='ocr_carea' id='block_1_4' title="bbox 1130 399 1816 2806">
    <p class='ocr_par' dir='ltr' id='par_1_10' title="bbox 1133 399 1815 623">
     <span class='ocr_line' id='line_1_53' title="bbox 1135 399 1814 439; baseline 0.003 -9"><span class='ocrx_word' id='word_1_244' title='bbox 1135 399 1212 430; x_wconf 83' lang='lat' dir='ltr'>Mus</span> <span class='ocrx_word' id='word_1_245' title='bbox 1237 400 1380 431; x_wconf 88' lang='lat' dir='ltr'>rusticus</span> <span class='ocrx_word' id='word_1_246' title='bbox 1406 403 1578 439; x_wconf 82' lang='lat' dir='ltr'>porrectus</span> <span class='ocrx_word' id='word_1_247' title='bbox 1607 400 1640 430; x_wconf 92' lang='lat' dir='ltr'>in</span> <span class='ocrx_word' id='word_1_248' title='bbox 1669 401 1814 438; x_wconf 65' lang='lat' dir='ltr'>stragula</span> 
     </span>
     <span class='ocr_line' id='line_1_54' title="bbox 1134 448 1815 488; baseline 0 -9"><span class='ocrx_word' id='word_1_249' title='bbox 1134 458 1303 488; x_wconf 86' lang='lat' dir='ltr'>purpurea</span> <span class='ocrx_word' id='word_1_250' title='bbox 1319 448 1442 487; x_wconf 83' lang='lat' dir='ltr'>gaudet</span> <span class='ocrx_word' id='word_1_251' title='bbox 1463 453 1554 479; x_wconf 87' lang='lat' dir='ltr'>sorte</span> <span class='ocrx_word' id='word_1_252' title='bbox 1569 452 1706 480; x_wconf 79' lang='lat' dir='ltr'>mutata.</span> <span class='ocrx_word' id='word_1_253' title='bbox 1749 449 1815 480; x_wconf 77' lang='lat' dir='ltr'>Bo-</span> 
     </span>
     <span class='ocr_line' id='line_1_55' title="bbox 1133 496 1814 536; baseline 0.003 -10"><span class='ocrx_word' id='word_1_254' title='bbox 1133 497 1237 536; x_wconf 75' lang='lat' dir='ltr'>nisquc</span> <span class='ocrx_word' id='word_1_255' title='bbox 1253 497 1353 527; x_wconf 72' lang='lat' dir='ltr'>Rebus</span> <span class='ocrx_word' id='word_1_256' title='bbox 1366 497 1434 535; x_wconf 81' lang='lat' dir='ltr'>agit</span> <span class='ocrx_word' id='word_1_257' title='bbox 1449 497 1552 527; x_wconf 69' lang='lat' dir='ltr'>latum</span> <span class='ocrx_word' id='word_1_258' title='bbox 1566 496 1734 536; x_wconf 73' lang='lat' dir='ltr'>convivam]</span> <span class='ocrx_word' id='word_1_259' title='bbox 1759 496 1814 528; x_wconf 86' lang='lat' dir='ltr'>Ob</span> 
     </span>
     <span class='ocr_line' id='line_1_56' title="bbox 1135 544 1814 584; baseline 0.001 -10"><span class='ocrx_word' id='word_1_260' title='bbox 1135 544 1361 584; x_wconf 74' lang='lat' dir='ltr'>resjucundas</span> <span class='ocrx_word' id='word_1_261' title='bbox 1377 545 1510 584; x_wconf 85' lang='lat' dir='ltr'>praebet</span> <span class='ocrx_word' id='word_1_262' title='bbox 1525 555 1560 576; x_wconf 78' lang='lat' dir='ltr'>se</span> <span class='ocrx_word' id='word_1_263' title='bbox 1575 545 1689 576; x_wconf 83' lang='lat' dir='ltr'>laetum</span> <span class='ocrx_word' id='word_1_264' title='bbox 1702 545 1814 576; x_wconf 85' lang='lat' dir='ltr'>convi-</span> 
     </span>
     <span class='ocr_line' id='line_1_57' title="bbox 1136 602 1222 623; baseline 0.012 -1"><span class='ocrx_word' id='word_1_265' title='bbox 1136 602 1222 623; x_wconf 88' lang='lat' dir='ltr'>vam.</span> 
     </span>
    </p>

    <p class='ocr_par' dir='ltr' id='par_1_11' title="bbox 1135 640 1815 778">
     <span class='ocr_line' id='line_1_58' title="bbox 1178 640 1815 681; baseline 0 -9"><span class='ocrx_word' id='word_1_266' title='bbox 1178 644 1236 672; x_wconf 85' lang='lat'>111</span> <span class='ocrx_word' id='word_1_267' title='bbox 1251 643 1328 672; x_wconf 78' lang='lat' dir='ltr'>Cum</span> <span class='ocrx_word' id='word_1_268' title='bbox 1340 641 1438 672; x_wconf 72' lang='lat' dir='ltr'>subito</span> <span class='ocrx_word' id='word_1_269' title='bbox 1449 641 1571 681; x_wconf 78' lang='lat' dir='ltr'>ingens]</span> <span class='ocrx_word' id='word_1_270' title='bbox 1584 640 1652 671; x_wconf 87' lang='lat' dir='ltr'>Hic</span> <span class='ocrx_word' id='word_1_271' title='bbox 1661 640 1736 672; x_wconf 83' lang='lat' dir='ltr'>vide</span> <span class='ocrx_word' id='word_1_272' title='bbox 1747 649 1815 672; x_wconf 85' lang='lat' dir='ltr'>mo-</span> 
     </span>
     <span class='ocr_line' id='line_1_59' title="bbox 1135 689 1814 730; baseline -0.001 -9"><span class='ocrx_word' id='word_1_273' title='bbox 1135 694 1318 721; x_wconf 79' lang='lat' dir='ltr'>mentaneae</span> <span class='ocrx_word' id='word_1_274' title='bbox 1338 689 1503 730; x_wconf 83' lang='lat' dir='ltr'>fluxaeqne</span> <span class='ocrx_word' id='word_1_275' title='bbox 1527 689 1690 729; x_wconf 82' lang='lat' dir='ltr'>voluptati</span> <span class='ocrx_word' id='word_1_276' title='bbox 1717 695 1814 730; x_wconf 85' lang='lat' dir='ltr'>quam</span> 
     </span>
     <span class='ocr_line' id='line_1_60' title="bbox 1135 738 1504 778; baseline 0 -10"><span class='ocrx_word' id='word_1_277' title='bbox 1135 746 1250 778; x_wconf 85' lang='lat' dir='ltr'>parum</span> <span class='ocrx_word' id='word_1_278' title='bbox 1265 738 1307 768; x_wconf 85' lang='lat' dir='ltr'>sit</span> <span class='ocrx_word' id='word_1_279' title='bbox 1321 738 1504 769; x_wconf 85' lang='lat' dir='ltr'>fidendum.</span> 
     </span>
    </p>

    <p class='ocr_par' dir='ltr' id='par_1_12' title="bbox 1134 785 1816 864">
     <span class='ocr_line' id='line_1_61' title="bbox 1177 785 1816 826; baseline -0.003 -11"><span class='ocrx_word' id='word_1_280' title='bbox 1177 788 1238 816; x_wconf 83' lang='lat'>112</span> <span class='ocrx_word' id='word_1_281' title='bbox 1259 786 1361 817; x_wconf 77' lang='lat' dir='ltr'>Lectis</span> <span class='ocrx_word' id='word_1_282' title='bbox 1389 786 1537 826; x_wconf 69' lang='lat' dir='ltr'>excussit]</span> <span class='ocrx_word' id='word_1_283' title='bbox 1567 785 1679 817; x_wconf 82' lang='lat' dir='ltr'>Lectis</span> <span class='ocrx_word' id='word_1_284' title='bbox 1707 785 1816 818; x_wconf 80' lang='lat' dir='ltr'>disca.</span> 
     </span>
     <span class='ocr_line' id='line_1_62' title="bbox 1134 833 1276 864; baseline 0.007 -1"><span class='ocrx_word' id='word_1_285' title='bbox 1134 833 1276 864; x_wconf 89' lang='lat' dir='ltr'>bitoriis.</span> 
     </span>
    </p>

    <p class='ocr_par' dir='ltr' id='par_1_13' title="bbox 1177 883 1610 922">
     <span class='ocr_line' id='line_1_63' title="bbox 1177 883 1610 922; baseline 0.009 -12"><span class='ocrx_word' id='word_1_286' title='bbox 1177 883 1237 910; x_wconf 77' lang='lat'>113</span> <span class='ocrx_word' id='word_1_287' title='bbox 1263 883 1408 922; x_wconf 78' lang='lat' dir='ltr'>Currere]</span> <span class='ocrx_word' id='word_1_288' title='bbox 1433 883 1610 914; x_wconf 71' lang='lat' dir='ltr'>Currebat-</span> 
     </span>
    </p>

    <p class='ocr_par' dir='ltr' id='par_1_14' title="bbox 1134 929 1816 1164">
     <span class='ocr_line' id='line_1_64' title="bbox 1177 929 1814 970; baseline 0.006 -12"><span class='ocrx_word' id='word_1_289' title='bbox 1177 930 1237 959; x_wconf 80' lang='grc'>114</span> <span class='ocrx_word' id='word_1_290' title='bbox 1262 929 1604 970; x_wconf 70' lang='lat' dir='ltr'>Exanimeserepidare]</span> <span class='ocrx_word' id='word_1_291' title='bbox 1626 931 1721 962; x_wconf 87' lang='lat' dir='ltr'>Metu</span> <span class='ocrx_word' id='word_1_292' title='bbox 1738 940 1814 970; x_wconf 84' lang='lat' dir='ltr'>per·</span> 
     </span>
     <span class='ocr_line' id='line_1_65' title="bbox 1136 976 1815 1018; baseline 0.004 -11"><span class='ocrx_word' id='word_1_293' title='bbox 1136 976 1277 1015; x_wconf 82' lang='lat' dir='ltr'>turbari,</span> <span class='ocrx_word' id='word_1_294' title='bbox 1306 978 1408 1017; x_wconf 84' lang='lat' dir='ltr'>magis</span> <span class='ocrx_word' id='word_1_295' title='bbox 1434 977 1660 1017; x_wconf 81' lang='lat' dir='ltr'>trepidabant.</span> <span class='ocrx_word' id='word_1_296' title='bbox 1702 979 1815 1018; x_wconf 65' lang='lat' dir='ltr'>Simul]</span> 
     </span>
     <span class='ocr_line' id='line_1_66' title="bbox 1135 1026 1815 1067; baseline 0.004 -12"><span class='ocrx_word' id='word_1_297' title='bbox 1135 1026 1238 1057; x_wconf 88' lang='lat' dir='ltr'>Simul</span> <span class='ocrx_word' id='word_1_298' title='bbox 1262 1030 1372 1067; x_wconf 82' lang='lat' dir='ltr'>atque.</span> <span class='ocrx_word' id='word_1_299' title='bbox 1415 1026 1576 1066; x_wconf 74' lang='lat' dir='ltr'>Molossis]</span> <span class='ocrx_word' id='word_1_300' title='bbox 1599 1026 1742 1057; x_wconf 76' lang='lat' dir='ltr'>Canibus</span> <span class='ocrx_word' id='word_1_301' title='bbox 1771 1027 1815 1058; x_wconf 77' lang='lat' dir='ltr'>E-</span> 
     </span>
     <span class='ocr_line' id='line_1_67' title="bbox 1136 1074 1816 1114; baseline 0.001 -10"><span class='ocrx_word' id='word_1_302' title='bbox 1136 1074 1283 1113; x_wconf 83' lang='lat' dir='ltr'>piroticis</span> <span class='ocrx_word' id='word_1_303' title='bbox 1314 1085 1332 1105; x_wconf 92' lang='lat' dir='ltr'>a</span> <span class='ocrx_word' id='word_1_304' title='bbox 1362 1075 1510 1106; x_wconf 82' lang='lat' dir='ltr'>Molossa</span> <span class='ocrx_word' id='word_1_305' title='bbox 1542 1074 1679 1106; x_wconf 82' lang='lat' dir='ltr'>civitate</span> <span class='ocrx_word' id='word_1_306' title='bbox 1709 1075 1816 1114; x_wconf 87' lang='lat' dir='ltr'>Epiri,</span> 
     </span>
     <span class='ocr_line' id='line_1_68' title="bbox 1134 1122 1697 1164; baseline 0 -12"><span class='ocrx_word' id='word_1_307' title='bbox 1134 1122 1192 1153; x_wconf 88' lang='lat' dir='ltr'>ubi</span> <span class='ocrx_word' id='word_1_308' title='bbox 1206 1132 1304 1154; x_wconf 85' lang='lat' dir='ltr'>canes</span> <span class='ocrx_word' id='word_1_309' title='bbox 1318 1123 1445 1154; x_wconf 88' lang='lat' dir='ltr'>robusti</span> <span class='ocrx_word' id='word_1_310' title='bbox 1460 1124 1649 1164; x_wconf 83' lang='lat' dir='ltr'>gignuntur.</span> <span class='ocrx_word' id='word_1_311' title='bbox 1694 1138 1697 1141; x_wconf 94' lang='lat'>·</span> 
     </span>
    </p>

    <p class='ocr_par' dir='ltr' id='par_1_15' title="bbox 1177 1170 1767 1210">
     <span class='ocr_line' id='line_1_69' title="bbox 1177 1170 1767 1210; baseline 0 -8"><span class='ocrx_word' id='word_1_312' title='bbox 1177 1174 1236 1202; x_wconf 86' lang='lat'>115</span> <span class='ocrx_word' id='word_1_313' title='bbox 1263 1171 1339 1202; x_wconf 80' lang='lat' dir='ltr'>Tum</span> <span class='ocrx_word' id='word_1_314' title='bbox 1353 1171 1499 1210; x_wconf 73' lang='lat' dir='ltr'>rusticus]</span> <span class='ocrx_word' id='word_1_315' title='bbox 1520 1171 1596 1202; x_wconf 77' lang='lat' dir='ltr'>Mus</span> <span class='ocrx_word' id='word_1_316' title='bbox 1612 1170 1767 1202; x_wconf 77' lang='lat' dir='ltr'>rusticus.</span> 
     </span>
    </p>

    <p class='ocr_par' dir='ltr' id='par_1_16' title="bbox 1135 1219 1815 1398">
     <span class='ocr_line' id='line_1_70' title="bbox 1177 1219 1814 1259; baseline 0 -9"><span class='ocrx_word' id='word_1_317' title='bbox 1177 1222 1238 1250; x_wconf 83' lang='lat'>116</span> <span class='ocrx_word' id='word_1_318' title='bbox 1259 1220 1303 1250; x_wconf 80' lang='lat' dir='ltr'>Et</span> <span class='ocrx_word' id='word_1_319' title='bbox 1317 1219 1433 1259; x_wconf 79' lang='lat' dir='ltr'>valeas]</span> <span class='ocrx_word' id='word_1_320' title='bbox 1453 1219 1573 1258; x_wconf 81' lang='lat' dir='ltr'>Valeat</span> <span class='ocrx_word' id='word_1_321' title='bbox 1590 1219 1661 1250; x_wconf 83' lang='lat' dir='ltr'>haec</span> <span class='ocrx_word' id='word_1_322' title='bbox 1679 1219 1747 1250; x_wconf 83' lang='lat' dir='ltr'>vita</span> <span class='ocrx_word' id='word_1_323' title='bbox 1762 1229 1814 1250; x_wconf 87' lang='lat' dir='ltr'>ur-</span> 
     </span>
     <span class='ocr_line' id='line_1_71' title="bbox 1136 1268 1813 1308; baseline 0 -9"><span class='ocrx_word' id='word_1_324' title='bbox 1136 1268 1234 1307; x_wconf 86' lang='lat' dir='ltr'>bana,</span> <span class='ocrx_word' id='word_1_325' title='bbox 1261 1268 1451 1299; x_wconf 86' lang='lat' dir='ltr'>turbulenta</span> <span class='ocrx_word' id='word_1_326' title='bbox 1480 1272 1516 1299; x_wconf 84' lang='lat' dir='ltr'>et</span> <span class='ocrx_word' id='word_1_327' title='bbox 1545 1268 1672 1300; x_wconf 73' lang='lat' dir='ltr'>timoris</span> <span class='ocrx_word' id='word_1_328' title='bbox 1701 1269 1813 1308; x_wconf 75' lang='lat' dir='ltr'>plena.</span> 
     </span>
     <span class='ocr_line' id='line_1_72' title="bbox 1136 1317 1815 1358; baseline -0.001 -9"><span class='ocrx_word' id='word_1_329' title='bbox 1136 1318 1306 1358; x_wconf 69' lang='lat' dir='ltr'>Cavusque]</span> <span class='ocrx_word' id='word_1_330' title='bbox 1327 1318 1491 1354; x_wconf 83' lang='lat' dir='ltr'>Caverna,</span> <span class='ocrx_word' id='word_1_331' title='bbox 1511 1317 1568 1349; x_wconf 86' lang='lat' dir='ltr'>ubi</span> <span class='ocrx_word' id='word_1_332' title='bbox 1590 1322 1668 1349; x_wconf 84' lang='lat' dir='ltr'>ante</span> <span class='ocrx_word' id='word_1_333' title='bbox 1688 1318 1815 1349; x_wconf 82' lang='lat' dir='ltr'>babita-</span> 
     </span>
     <span class='ocr_line' id='line_1_73' title="bbox 1135 1367 1204 1398; baseline 0 0"><span class='ocrx_word' id='word_1_334' title='bbox 1135 1367 1204 1398; x_wconf 88' lang='lat' dir='ltr'>bat.</span> 
     </span>
    </p>

    <p class='ocr_par' dir='ltr' id='par_1_17' title="bbox 1135 1414 1816 1504">
     <span class='ocr_line' id='line_1_74' title="bbox 1177 1414 1816 1457; baseline -0.002 -11"><span class='ocrx_word' id='word_1_335' title='bbox 1177 1418 1237 1446; x_wconf 84' lang='grc'>117</span> <span class='ocrx_word' id='word_1_336' title='bbox 1262 1416 1359 1457; x_wconf 81' lang='lat' dir='ltr'>Ervo]</span> <span class='ocrx_word' id='word_1_337' title='bbox 1393 1416 1528 1456; x_wconf 86' lang='lat' dir='ltr'>Ervum,</span> <span class='ocrx_word' id='word_1_338' title='bbox 1552 1419 1605 1447; x_wconf 79' lang='lat' dir='ltr'>est</span> <span class='ocrx_word' id='word_1_339' title='bbox 1622 1414 1751 1456; x_wconf 78' lang='lat' dir='ltr'>species</span> <span class='ocrx_word' id='word_1_340' title='bbox 1767 1415 1816 1445; x_wconf 81' lang='lat' dir='ltr'>le·</span> 
     </span>
     <span class='ocr_line' id='line_1_75' title="bbox 1135 1465 1288 1504; baseline 0.013 -9"><span class='ocrx_word' id='word_1_341' title='bbox 1135 1465 1288 1504; x_wconf 81' lang='lat' dir='ltr'>guminis.</span> 
     </span>
    </p>

    <p class='ocr_par' dir='ltr' id='par_1_18' title="bbox 1134 1513 1813 1694">
     <span class='ocr_line' id='line_1_76' title="bbox 1134 1513 1812 1544; baseline 0 0"><span class='ocrx_word' id='word_1_342' title='bbox 1134 1514 1216 1544; x_wconf 72' lang='lat' dir='ltr'>SA‘r.</span> <span class='ocrx_word' id='word_1_343' title='bbox 1236 1522 1301 1544; x_wconf 83' lang='lat' dir='ltr'>vn.</span> <span class='ocrx_word' id='word_1_344' title='bbox 1348 1513 1505 1544; x_wconf 83' lang='lat' dir='ltr'>Horatius</span> <span class='ocrx_word' id='word_1_345' title='bbox 1530 1513 1659 1544; x_wconf 88' lang='lat' dir='ltr'>inducit</span> <span class='ocrx_word' id='word_1_346' title='bbox 1683 1522 1812 1544; x_wconf 81' lang='lat' dir='ltr'>servum</span> 
     </span>
     <span class='ocr_line' id='line_1_77' title="bbox 1177 1562 1813 1592; baseline 0.002 -1"><span class='ocrx_word' id='word_1_347' title='bbox 1177 1562 1388 1592; x_wconf 82' lang='lat' dir='ltr'>veliementer</span> <span class='ocrx_word' id='word_1_348' title='bbox 1413 1562 1579 1592; x_wconf 85' lang='lat' dir='ltr'>dominum</span> <span class='ocrx_word' id='word_1_349' title='bbox 1601 1571 1694 1592; x_wconf 88' lang='lat' dir='ltr'>suum</span> <span class='ocrx_word' id='word_1_350' title='bbox 1709 1562 1813 1592; x_wconf 82' lang='lat' dir='ltr'>incre-</span> 
     </span>
     <span class='ocr_line' id='line_1_78' title="bbox 1176 1608 1813 1649; baseline 0.002 -11"><span class='ocrx_word' id='word_1_351' title='bbox 1176 1614 1324 1648; x_wconf 86' lang='lat' dir='ltr'>pantem,</span> <span class='ocrx_word' id='word_1_352' title='bbox 1347 1609 1435 1648; x_wconf 89' lang='lat' dir='ltr'>quod</span> <span class='ocrx_word' id='word_1_353' title='bbox 1461 1609 1559 1640; x_wconf 82' lang='lat' dir='ltr'>aliter</span> <span class='ocrx_word' id='word_1_354' title='bbox 1585 1608 1687 1644; x_wconf 84' lang='lat' dir='ltr'>vivat,</span> <span class='ocrx_word' id='word_1_355' title='bbox 1715 1618 1813 1649; x_wconf 81' lang='lat' dir='ltr'>quam</span> 
     </span>
     <span class='ocr_line' id='line_1_79' title="bbox 1175 1656 1688 1694; baseline 0.002 -9"><span class='ocrx_word' id='word_1_356' title='bbox 1175 1656 1372 1694; x_wconf 78' lang='lat' dir='ltr'>promiserat</span> <span class='ocrx_word' id='word_1_357' title='bbox 1387 1661 1445 1686; x_wconf 89' lang='lat' dir='ltr'>aut</span> <span class='ocrx_word' id='word_1_358' title='bbox 1461 1665 1529 1694; x_wconf 82' lang='lat' dir='ltr'>prae</span> <span class='ocrx_word' id='word_1_359' title='bbox 1544 1666 1579 1686; x_wconf 86' lang='lat' dir='ltr'>se</span> <span class='ocrx_word' id='word_1_360' title='bbox 1589 1656 1688 1686; x_wconf 79' lang='lat' dir='ltr'>ferat.</span> 
     </span>
    </p>

    <p class='ocr_par' dir='ltr' id='par_1_19' title="bbox 1130 1703 1815 2806">
     <span class='ocr_line' id='line_1_80' title="bbox 1177 1703 1813 1742; baseline 0.003 -9"><span class='ocrx_word' id='word_1_361' title='bbox 1177 1705 1193 1733; x_wconf 94' lang='lat'>1</span> <span class='ocrx_word' id='word_1_362' title='bbox 1224 1703 1409 1733; x_wconf 78' lang='lat' dir='ltr'>Jamdudum</span> <span class='ocrx_word' id='word_1_363' title='bbox 1441 1703 1590 1742; x_wconf 73' lang='lat' dir='ltr'>ausculto]</span> <span class='ocrx_word' id='word_1_364' title='bbox 1631 1703 1813 1736; x_wconf 81' lang='lat' dir='ltr'>Exordium</span> 
     </span>
     <span class='ocr_line' id='line_1_81' title="bbox 1135 1750 1815 1791; baseline 0.003 -11"><span class='ocrx_word' id='word_1_365' title='bbox 1135 1750 1318 1789; x_wconf 81' lang='lat' dir='ltr'>comicum,</span> <span class='ocrx_word' id='word_1_366' title='bbox 1333 1759 1376 1781; x_wconf 86' lang='lat' dir='ltr'>ex</span> <span class='ocrx_word' id='word_1_367' title='bbox 1392 1751 1591 1791; x_wconf 85' lang='lat' dir='ltr'>interrupto,</span> <span class='ocrx_word' id='word_1_368' title='bbox 1611 1755 1694 1791; x_wconf 80' lang='lat' dir='ltr'>puta</span> <span class='ocrx_word' id='word_1_369' title='bbox 1709 1751 1751 1782; x_wconf 89' lang='lat' dir='ltr'>ab</span> <span class='ocrx_word' id='word_1_370' title='bbox 1765 1751 1815 1782; x_wconf 83' lang='lat' dir='ltr'>of-</span> 
     </span>
     <span class='ocr_line' id='line_1_82' title="bbox 1134 1798 1813 1831; baseline 0.001 -1"><span class='ocrx_word' id='word_1_371' title='bbox 1134 1798 1209 1830; x_wconf 81' lang='lat' dir='ltr'>ficio</span> <span class='ocrx_word' id='word_1_372' title='bbox 1238 1799 1324 1829; x_wconf 83' lang='lat' dir='ltr'>servi</span> <span class='ocrx_word' id='word_1_373' title='bbox 1354 1798 1551 1831; x_wconf 78' lang='lat' dir='ltr'>cordatioris</span> <span class='ocrx_word' id='word_1_374' title='bbox 1578 1804 1615 1831; x_wconf 79' lang='lat' dir='ltr'>ct</span> <span class='ocrx_word' id='word_1_375' title='bbox 1640 1800 1674 1830; x_wconf 89' lang='lat' dir='ltr'>in</span> <span class='ocrx_word' id='word_1_376' title='bbox 1698 1801 1813 1831; x_wconf 86' lang='lat' dir='ltr'>herum</span> 
     </span>
     <span class='ocr_line' id='line_1_83' title="bbox 1135 1847 1814 1889; baseline 0.004 -12"><span class='ocrx_word' id='word_1_377' title='bbox 1135 1856 1229 1878; x_wconf 84' lang='lat' dir='ltr'>suum</span> <span class='ocrx_word' id='word_1_378' title='bbox 1252 1847 1476 1886; x_wconf 75' lang='lat' dir='ltr'>benignioris:</span> <span class='ocrx_word' id='word_1_379' title='bbox 1512 1848 1560 1878; x_wconf 86' lang='lat' dir='ltr'>ait</span> <span class='ocrx_word' id='word_1_380' title='bbox 1585 1848 1672 1879; x_wconf 77' lang='lat' dir='ltr'>enim</span> <span class='ocrx_word' id='word_1_381' title='bbox 1697 1858 1732 1880; x_wconf 81' lang='lat' dir='ltr'>se</span> <span class='ocrx_word' id='word_1_382' title='bbox 1759 1858 1814 1889; x_wconf 86' lang='lat' dir='ltr'>pa-</span> 
     </span>
     <span class='ocr_line' id='line_1_84' title="bbox 1135 1895 1812 1937; baseline 0.003 -11"><span class='ocrx_word' id='word_1_383' title='bbox 1135 1895 1259 1927; x_wconf 85' lang='lat' dir='ltr'>tienter</span> <span class='ocrx_word' id='word_1_384' title='bbox 1283 1896 1399 1927; x_wconf 87' lang='lat' dir='ltr'>audire</span> <span class='ocrx_word' id='word_1_385' title='bbox 1423 1896 1502 1937; x_wconf 88' lang='lat' dir='ltr'>quid</span> <span class='ocrx_word' id='word_1_386' title='bbox 1527 1896 1630 1936; x_wconf 85' lang='lat' dir='ltr'>dicat,</span> <span class='ocrx_word' id='word_1_387' title='bbox 1657 1898 1812 1937; x_wconf 80' lang='lat' dir='ltr'>imperet,</span> 
     </span>
     <span class='ocr_line' id='line_1_85' title="bbox 1135 1945 1812 1985; baseline 0.001 -10"><span class='ocrx_word' id='word_1_388' title='bbox 1135 1945 1236 1983; x_wconf 84' lang='lat' dir='ltr'>velit;</span> <span class='ocrx_word' id='word_1_389' title='bbox 1259 1954 1294 1975; x_wconf 86' lang='lat' dir='ltr'>se</span> <span class='ocrx_word' id='word_1_390' title='bbox 1309 1953 1439 1985; x_wconf 81' lang='lat' dir='ltr'>quoquc</span> <span class='ocrx_word' id='word_1_391' title='bbox 1454 1945 1566 1976; x_wconf 86' lang='lat' dir='ltr'>videre</span> <span class='ocrx_word' id='word_1_392' title='bbox 1583 1945 1660 1985; x_wconf 87' lang='lat' dir='ltr'>quid</span> <span class='ocrx_word' id='word_1_393' title='bbox 1677 1946 1812 1976; x_wconf 78' lang='lat' dir='ltr'>medite-</span> 
     </span>
     <span class='ocr_line' id='line_1_86' title="bbox 1134 1993 1812 2033; baseline 0.003 -10"><span class='ocrx_word' id='word_1_394' title='bbox 1134 1997 1199 2027; x_wconf 85' lang='lat' dir='ltr'>tur,</span> <span class='ocrx_word' id='word_1_395' title='bbox 1225 1993 1304 2033; x_wconf 81' lang='lat' dir='ltr'>quid</span> <span class='ocrx_word' id='word_1_396' title='bbox 1329 1997 1420 2032; x_wconf 83' lang='lat' dir='ltr'>agat,</span> <span class='ocrx_word' id='word_1_397' title='bbox 1434 2002 1498 2024; x_wconf 87' lang='lat' dir='ltr'>non</span> <span class='ocrx_word' id='word_1_398' title='bbox 1514 1993 1637 2025; x_wconf 78' lang='lat' dir='ltr'>audere</span> <span class='ocrx_word' id='word_1_399' title='bbox 1653 1998 1762 2025; x_wconf 78' lang='lat' dir='ltr'>tamen</span> <span class='ocrx_word' id='word_1_400' title='bbox 1777 2004 1812 2025; x_wconf 84' lang='lat' dir='ltr'>se</span> 
     </span>
     <span class='ocr_line' id='line_1_87' title="bbox 1134 2041 1812 2082; baseline 0.004 -11"><span class='ocrx_word' id='word_1_401' title='bbox 1134 2042 1177 2078; x_wconf 85' lang='lat' dir='ltr'>ei,</span> <span class='ocrx_word' id='word_1_402' title='bbox 1192 2041 1280 2082; x_wconf 89' lang='lat' dir='ltr'>quod</span> <span class='ocrx_word' id='word_1_403' title='bbox 1297 2042 1400 2082; x_wconf 87' lang='lat' dir='ltr'>novit,</span> <span class='ocrx_word' id='word_1_404' title='bbox 1415 2041 1574 2073; x_wconf 82' lang='lat' dir='ltr'>indicare.</span> <span class='ocrx_word' id='word_1_405' title='bbox 1597 2043 1690 2082; x_wconf 77' lang='lat' dir='ltr'>Gruq.</span> <span class='ocrx_word' id='word_1_406' title='bbox 1732 2042 1812 2074; x_wconf 72' lang='lat' dir='ltr'>Aus-</span> 
     </span>
     <span class='ocr_line' id='line_1_88' title="bbox 1133 2089 1812 2132; baseline 0.004 -12"><span class='ocrx_word' id='word_1_407' title='bbox 1133 2089 1227 2128; x_wconf 80' lang='lat' dir='ltr'>culto]</span> <span class='ocrx_word' id='word_1_408' title='bbox 1250 2089 1359 2120; x_wconf 85' lang='lat' dir='ltr'>Audio</span> <span class='ocrx_word' id='word_1_409' title='bbox 1382 2095 1417 2122; x_wconf 89' lang='lat' dir='ltr'>te</span> <span class='ocrx_word' id='word_1_410' title='bbox 1437 2091 1639 2131; x_wconf 84' lang='lat' dir='ltr'>loquentem.</span> <span class='ocrx_word' id='word_1_411' title='bbox 1683 2091 1812 2132; x_wconf 71' lang='lat' dir='ltr'>Servus]</span> 
     </span>
     <span class='ocr_line' id='line_1_89' title="bbox 1134 2138 1813 2170; baseline 0.004 -3"><span class='ocrx_word' id='word_1_412' title='bbox 1134 2138 1288 2168; x_wconf 81' lang='lat' dir='ltr'>Existeus</span> <span class='ocrx_word' id='word_1_413' title='bbox 1301 2138 1334 2168; x_wconf 91' lang='lat' dir='ltr'>in</span> <span class='ocrx_word' id='word_1_414' title='bbox 1348 2139 1520 2170; x_wconf 85' lang='lat' dir='ltr'>servitute.</span> <span class='ocrx_word' id='word_1_415' title='bbox 1546 2140 1732 2170; x_wconf 74' lang='lat' dir='ltr'>Jamdadum</span> <span class='ocrx_word' id='word_1_416' title='bbox 1744 2149 1813 2170; x_wconf 74' lang='lat' dir='ltr'>aus-</span> 
     </span>
     <span class='ocr_line' id='line_1_90' title="bbox 1132 2185 1810 2224; baseline 0.004 -11"><span class='ocrx_word' id='word_1_417' title='bbox 1132 2185 1225 2223; x_wconf 82' lang='lat' dir='ltr'>culto]</span> <span class='ocrx_word' id='word_1_418' title='bbox 1247 2185 1321 2213; x_wconf 89' lang='lat' dir='ltr'>Non</span> <span class='ocrx_word' id='word_1_419' title='bbox 1338 2185 1436 2214; x_wconf 83' lang='lat' dir='ltr'>Davo</span> <span class='ocrx_word' id='word_1_420' title='bbox 1451 2185 1513 2215; x_wconf 85' lang='lat' dir='ltr'>hoc</span> <span class='ocrx_word' id='word_1_421' title='bbox 1529 2185 1654 2224; x_wconf 87' lang='lat' dir='ltr'>tribuo,</span> <span class='ocrx_word' id='word_1_422' title='bbox 1666 2186 1724 2216; x_wconf 75' lang='lat' dir='ltr'>sed</span> <span class='ocrx_word' id='word_1_423' title='bbox 1742 2186 1810 2216; x_wconf 85' lang='lat' dir='ltr'>Ho-</span> 
     </span>
     <span class='ocr_line' id='line_1_91' title="bbox 1131 2231 1811 2271; baseline 0.003 -8"><span class='ocrx_word' id='word_1_424' title='bbox 1131 2233 1236 2263; x_wconf 84' lang='lat' dir='ltr'>ratio:</span> <span class='ocrx_word' id='word_1_425' title='bbox 1275 2231 1320 2262; x_wconf 83' lang='lat' dir='ltr'>At</span> <span class='ocrx_word' id='word_1_426' title='bbox 1349 2233 1471 2271; x_wconf 75' lang='lat' dir='ltr'>cupiens</span> <span class='ocrx_word' id='word_1_427' title='bbox 1500 2233 1557 2263; x_wconf 76' lang='lat' dir='ltr'>tibi</span> <span class='ocrx_word' id='word_1_428' title='bbox 1583 2233 1682 2264; x_wconf 82' lang='lat' dir='ltr'>dicere</span> <span class='ocrx_word' id='word_1_429' title='bbox 1709 2243 1811 2265; x_wconf 70' lang='lat' dir='ltr'>servus</span> 
     </span>
     <span class='ocr_line' id='line_1_92' title="bbox 1133 2279 1811 2316; baseline 0.004 -6"><span class='ocrx_word' id='word_1_430' title='bbox 1133 2281 1237 2310; x_wconf 77' lang='lat' dir='ltr'>Pauca</span> <span class='ocrx_word' id='word_1_431' title='bbox 1250 2279 1432 2316; x_wconf 68' lang='lat' dir='ltr'>resomid05</span> <span class='ocrx_word' id='word_1_432' title='bbox 1447 2281 1509 2311; x_wconf 84' lang='lat' dir='ltr'>hoc</span> <span class='ocrx_word' id='word_1_433' title='bbox 1522 2289 1640 2311; x_wconf 80' lang='lat' dir='ltr'>seusu:</span> <span class='ocrx_word' id='word_1_434' title='bbox 1658 2281 1811 2314; x_wconf 74' lang='lat' dir='ltr'>Senserat</span> 
     </span>
     <span class='ocr_line' id='line_1_93' title="bbox 1132 2328 1810 2370; baseline 0.004 -12"><span class='ocrx_word' id='word_1_435' title='bbox 1132 2328 1289 2359; x_wconf 82' lang='lat' dir='ltr'>Horatius</span> <span class='ocrx_word' id='word_1_436' title='bbox 1311 2328 1458 2359; x_wconf 85' lang='lat' dir='ltr'>servulos</span> <span class='ocrx_word' id='word_1_437' title='bbox 1477 2337 1551 2359; x_wconf 85' lang='lat' dir='ltr'>suos</span> <span class='ocrx_word' id='word_1_438' title='bbox 1566 2329 1689 2370; x_wconf 86' lang='lat' dir='ltr'>aliquid</span> <span class='ocrx_word' id='word_1_439' title='bbox 1705 2329 1810 2361; x_wconf 85' lang='lat' dir='ltr'>dictu-</span> 
     </span>
     <span class='ocr_line' id='line_1_94' title="bbox 1131 2376 1809 2416; baseline 0.004 -10"><span class='ocrx_word' id='word_1_440' title='bbox 1131 2377 1210 2416; x_wconf 86' lang='lat' dir='ltr'>rire,</span> <span class='ocrx_word' id='word_1_441' title='bbox 1233 2381 1269 2407; x_wconf 81' lang='lat' dir='ltr'>et</span> <span class='ocrx_word' id='word_1_442' title='bbox 1290 2379 1439 2407; x_wconf 84' lang='lat' dir='ltr'>attentus</span> <span class='ocrx_word' id='word_1_443' title='bbox 1456 2376 1696 2416; x_wconf 80' lang='lat' dir='ltr'>aliquantisper</span> <span class='ocrx_word' id='word_1_444' title='bbox 1716 2378 1809 2410; x_wconf 86' lang='lat' dir='ltr'>sede-</span> 
     </span>
     <span class='ocr_line' id='line_1_95' title="bbox 1131 2425 1811 2466; baseline 0.006 -12"><span class='ocrx_word' id='word_1_445' title='bbox 1131 2430 1197 2464; x_wconf 87' lang='lat' dir='ltr'>rat,</span> <span class='ocrx_word' id='word_1_446' title='bbox 1222 2429 1259 2454; x_wconf 78' lang='grc' dir='ltr'>ιιι</span> <span class='ocrx_word' id='word_1_447' title='bbox 1284 2428 1495 2466; x_wconf 77' lang='lat' dir='ltr'>exspectaret</span> <span class='ocrx_word' id='word_1_448' title='bbox 1518 2425 1674 2464; x_wconf 87' lang='lat' dir='ltr'>quidnam</span> <span class='ocrx_word' id='word_1_449' title='bbox 1700 2427 1811 2458; x_wconf 82' lang='lat' dir='ltr'>vellet.</span> 
     </span>
     <span class='ocr_line' id='line_1_96' title="bbox 1130 2473 1809 2511; baseline 0.003 -7"><span class='ocrx_word' id='word_1_450' title='bbox 1130 2473 1196 2504; x_wconf 89' lang='lat' dir='ltr'>Sed</span> <span class='ocrx_word' id='word_1_451' title='bbox 1226 2482 1300 2504; x_wconf 90' lang='lat' dir='ltr'>cum</span> <span class='ocrx_word' id='word_1_452' title='bbox 1334 2473 1475 2511; x_wconf 89' lang='lat' dir='ltr'>videret,</span> <span class='ocrx_word' id='word_1_453' title='bbox 1504 2473 1667 2504; x_wconf 85' lang='lat' dir='ltr'>neminem</span> <span class='ocrx_word' id='word_1_454' title='bbox 1697 2483 1809 2506; x_wconf 80' lang='lat' dir='ltr'>eorum</span> 
     </span>
     <span class='ocr_line' id='line_1_97' title="bbox 1131 2523 1811 2563; baseline 0.004 -10"><span class='ocrx_word' id='word_1_455' title='bbox 1131 2523 1294 2563; x_wconf 85' lang='lat' dir='ltr'>proloqui,</span> <span class='ocrx_word' id='word_1_456' title='bbox 1319 2526 1476 2563; x_wconf 78' lang='lat' dir='ltr'>pcrtaesus</span> <span class='ocrx_word' id='word_1_457' title='bbox 1498 2531 1612 2562; x_wconf 79' lang='lat' dir='ltr'>morae,</span> <span class='ocrx_word' id='word_1_458' title='bbox 1626 2523 1698 2563; x_wconf 80' lang='lat' dir='ltr'>ipse</span> <span class='ocrx_word' id='word_1_459' title='bbox 1711 2525 1811 2556; x_wconf 80' lang='lat' dir='ltr'>silen-</span> 
     </span>
     <span class='ocr_line' id='line_1_98' title="bbox 1131 2572 1809 2614; baseline 0.003 -11"><span class='ocrx_word' id='word_1_460' title='bbox 1131 2573 1211 2603; x_wconf 86' lang='lat' dir='ltr'>tium</span> <span class='ocrx_word' id='word_1_461' title='bbox 1229 2572 1416 2612; x_wconf 83' lang='lat' dir='ltr'>abrumpit:</span> <span class='ocrx_word' id='word_1_462' title='bbox 1439 2575 1485 2608; x_wconf 84' lang='lat' dir='ltr'>et,</span> <span class='ocrx_word' id='word_1_463' title='bbox 1510 2572 1597 2604; x_wconf 83' lang='lat' dir='ltr'>Quin</span> <span class='ocrx_word' id='word_1_464' title='bbox 1622 2572 1684 2604; x_wconf 79' lang='lat' dir='ltr'>boc</span> <span class='ocrx_word' id='word_1_465' title='bbox 1698 2574 1809 2614; x_wconf 80' lang='lat' dir='ltr'>agitis,</span> 
     </span>
     <span class='ocr_line' id='line_1_99' title="bbox 1131 2618 1807 2661; baseline 0.003 -10"><span class='ocrx_word' id='word_1_466' title='bbox 1131 2621 1251 2661; x_wconf 89' lang='lat' dir='ltr'>iuquit,</span> <span class='ocrx_word' id='word_1_467' title='bbox 1271 2621 1341 2660; x_wconf 87' lang='lat' dir='ltr'>jam</span> <span class='ocrx_word' id='word_1_468' title='bbox 1373 2619 1459 2651; x_wconf 85' lang='lat' dir='ltr'>enim</span> <span class='ocrx_word' id='word_1_469' title='bbox 1487 2618 1612 2650; x_wconf 83' lang='lat' dir='ltr'>dudum</span> <span class='ocrx_word' id='word_1_470' title='bbox 1639 2625 1704 2660; x_wconf 75' lang='lat' dir='ltr'>est,</span> <span class='ocrx_word' id='word_1_471' title='bbox 1732 2631 1807 2653; x_wconf 88' lang='lat' dir='ltr'>cum</span> 
     </span>
     <span class='ocr_line' id='line_1_100' title="bbox 1131 2668 1808 2710; baseline 0.001 -10"><span class='ocrx_word' id='word_1_472' title='bbox 1131 2669 1295 2700; x_wconf 85' lang='lat' dir='ltr'>ausculto.</span> <span class='ocrx_word' id='word_1_473' title='bbox 1339 2668 1404 2699; x_wconf 82' lang='lat' dir='ltr'>Hic</span> <span class='ocrx_word' id='word_1_474' title='bbox 1419 2668 1549 2707; x_wconf 84' lang='lat' dir='ltr'>Davus,</span> <span class='ocrx_word' id='word_1_475' title='bbox 1574 2668 1628 2699; x_wconf 89' lang='lat' dir='ltr'>cui</span> <span class='ocrx_word' id='word_1_476' title='bbox 1651 2669 1808 2710; x_wconf 85' lang='lat' dir='ltr'>loquendi</span> 
     </span>
     <span class='ocr_line' id='line_1_101' title="bbox 1131 2715 1806 2758; baseline 0.003 -11"><span class='ocrx_word' id='word_1_477' title='bbox 1131 2722 1243 2756; x_wconf 81' lang='lat' dir='ltr'>partes</span> <span class='ocrx_word' id='word_1_478' title='bbox 1258 2726 1279 2747; x_wconf 88' lang='lat' dir='ltr'>a</span> <span class='ocrx_word' id='word_1_479' title='bbox 1292 2716 1428 2757; x_wconf 81' lang='lat' dir='ltr'>reliquis</span> <span class='ocrx_word' id='word_1_480' title='bbox 1441 2715 1527 2747; x_wconf 77' lang='lat' dir='ltr'>datae</span> <span class='ocrx_word' id='word_1_481' title='bbox 1541 2715 1696 2753; x_wconf 81' lang='lat' dir='ltr'>fuerant:</span> <span class='ocrx_word' id='word_1_482' title='bbox 1715 2719 1806 2758; x_wconf 78' lang='lat' dir='ltr'>atqui</span> 
     </span>
     <span class='ocr_line' id='line_1_102' title="bbox 1133 2763 1802 2806; baseline 0 -10"><span class='ocrx_word' id='word_1_483' title='bbox 1133 2775 1197 2806; x_wconf 88' lang='lat' dir='ltr'>quo</span> <span class='ocrx_word' id='word_1_484' title='bbox 1212 2765 1316 2798; x_wconf 77' lang='lat' dir='ltr'>minus</span> <span class='ocrx_word' id='word_1_485' title='bbox 1331 2765 1447 2806; x_wconf 85' lang='lat' dir='ltr'>loquar</span> <span class='ocrx_word' id='word_1_486' title='bbox 1461 2763 1555 2804; x_wconf 85' lang='lat' dir='ltr'>facit,</span> <span class='ocrx_word' id='word_1_487' title='bbox 1565 2765 1652 2806; x_wconf 87' lang='lat' dir='ltr'>quod</span> <span class='ocrx_word' id='word_1_488' title='bbox 1667 2775 1719 2806; x_wconf 80' lang='lat' dir='ltr'>ea,</span> <span class='ocrx_word' id='word_1_489' title='bbox 1732 2774 1802 2806; x_wconf 74' lang='lat' dir='ltr'>quoe</span> 
     </span>
    </p>
   </div>
  </div>
 </body>
</html>
