1904 3216
462 239 675 293 uo‘RA'rn
707 258 988 291 SERMONUM
1023 259 1120 290 mu.
1151 257 1206 289 11.
1236 247 1280 288 3.

187 358 250 390 129
272 354 424 396 Paroria]
446 355 540 389 Quos
556 354 667 387 emisti
682 353 847 395 pecuniis.

141 407 318 450 [Angelic.
337 409 367 439 1.
382 412 420 438 et
436 406 590 438 Vallicel.
606 408 637 438 1.
648 403 797 446 perusta]

186 460 249 490 131
275 457 378 494 Quum
391 457 499 498 laqueo
513 454 657 495 uxorem]
682 452 847 486 Persistit

144 507 256 541 adbuc
270 507 305 539 in
319 507 413 539 avari
428 506 692 548 reprehensione
709 515 718 535 :
745 504 805 546 qui
819 504 847 535 si

144 558 199 590 vel
225 556 316 590 dotis
332 566 454 589 caussa
469 565 608 588 uxorem
633 556 768 596 laqueo,
797 555 848 586 vel

143 606 355 648 patrimonii,
370 611 515 638 matrem
541 614 670 637 veneno
694 605 782 636 clam
798 605 847 636 in·

142 657 296 697 terimat,
325 665 426 688 sanus
450 661 564 688 tamen
589 655 653 687 sibi
681 655 847 687 videatur.

143 707 191 741 Et
204 707 276 740 scio
299 707 450 750 quidem,
464 706 590 748 iuquit,
605 711 639 738 te
655 715 764 747 neque
781 705 847 738 Ar-

143 759 195 800 gis
211 758 294 791 urbe
314 756 507 799 parricidiis
528 751 646 788 'infami
658 756 692 788 id
706 755 841 795 facere;

141 817 254 850 neque
268 808 318 840 ita
332 812 372 839 nt
386 806 531 838 Orestes
546 805 651 847 ferro,
669 806 727 848 qui
748 815 846 838 caesae

178 857 262 890 atris
277 861 374 889 actus
394 854 504 896 furiis,
519 861 691 897 tamquam
713 855 846 896 insigne

141 867 324 938 ffementiae
349 905 557 946 exemplum,
580 905 616 935 in
643 913 748 940 scena
767 914 845 946 pro-

141 955 302 999 ponitur:
326 955 386 988 sed
413 960 450 987 et
465 954 609 986 Orestes
633 954 738 986 etiam
765 960 846 986 ante

142 1004 362 1048 parricidium
376 1003 459 1036 illud
473 1003 638 1036 insanivit
651 1014 661 1043 ς
683 1009 720 1035 et
735 1007 773 1036 tu
789 1004 846 1036 illo

142 1055 334 1088 dementior
343 1064 392 1092 es,
406 1055 465 1096 qui
479 1053 628 1086 admissa
641 1053 732 1095 ejus,
743 1055 846 1087 etiam

142 1111 226 1139 tunc
241 1115 318 1139 cum
333 1103 479 1136 furiosus
490 1104 686 1144 haberetur,
702 1113 847 1146 exsupe-

143 1166 212 1197 res,
233 1165 310 1187 nam
339 1159 376 1186 et
403 1153 572 1195 Pyladem
608 1154 752 1185 amicum
781 1164 848 1186 nou

142 1207 247 1245 hesit,
257 1215 323 1238 nec
340 1201 490 1237 sororem
506 1203 648 1242 invasi1;
672 1203 760 1235 intra
774 1213 849 1236 ver-

142 1256 264 1288 borum
285 1254 511 1288 contumelias
531 1253 626 1285 furor
647 1254 705 1285 ille
725 1255 849 1286 consti·

142 1306 211 1346 tit;
233 1310 270 1338 at
299 1310 339 1337 tu
361 1315 426 1337 nec
452 1304 602 1346 conjugi,
628 1314 692 1337 nec
717 1305 850 1346 parenti

143 1356 268 1398 parcis,
283 1362 322 1388 ut
343 1354 482 1386 divitias
502 1354 710 1391 accumules,
727 1355 849 1396 quibus

143 1417 221 1440 cum
251 1413 287 1440 tu
315 1406 535 1446 abstinueris,
565 1407 623 1437 alii
652 1406 849 1438 abutantur.

145 1459 290 1492 Toum.
337 1457 435 1500 [Vat.
451 1458 548 1490 Rom.
563 1460 596 1489 7.
612 1467 740 1490 uxorem
763 1457 849 1498 peri-

142 1509 232 1550 mia]

186 1560 250 1590 1³2
271 1557 426 1589 Incolumi
444 1557 546 1597 capite
566 1557 615 1598 es]
639 1557 794 1589 Sanusne
810 1566 847 1589 es

143 1612 182 1640 et
211 1606 366 1641 sensibus
395 1607 562 1648 integris?
603 1607 721 1648 Argis]
744 1607 848 1649 Apud

144 1658 272 1700 Argos.

186 1711 251 1740 134
268 1707 380 1739 Occisa
391 1706 545 1738 insanisse
558 1705 703 1746 parente]
721 1705 775 1737 An
788 1715 849 1746 pu-

143 1763 286 1791 taseum
302 1766 370 1788 non
382 1756 534 1788 insanum
550 1754 654 1787 fuisse
667 1761 850 1797 antequam

143 1807 278 1840 facinus
294 1805 520 1838 admitteret?

189 1859 250 1890 135
281 1856 397 1888 Actum
423 1854 550 1896 Furiis]
583 1854 772 1896 Impulsum
801 1853 852 1887 fu'-

145 1918 219 1940 rus.

188 1960 251 1991 137
274 1958 330 1990 Ex
352 1966 412 1998 quo
434 1959 479 1988 est
494 1954 635 1996 habitus]
662 1955 852 1997 Postquam

144 2009 281 2042 habitus
291 2013 350 2041 est
364 2006 523 2039 furiosus.

188 2062 253 2092 139
272 2056 528 2101 Pyladenserro]
553 2055 710 2097 Pyladen
721 2056 848 2088 socium

145 2119 256 2142 suum.

188 2164 250 2195 141
274 2160 389 2202 Aliud]
411 2159 491 2192 Alio
511 2158 657 2190 nomine.
704 2157 849 2199 Splendi-

142 2215 185 2246 da
203 2209 292 2253 bilis]
315 2209 455 2243 Horatii
470 2209 666 2240 imitatione
681 2207 771 2239 haud
787 2208 847 2239 du·

144 2263 202 2296 bie
219 2261 307 2294 dixit
323 2259 463 2293 Persius
476 2259 551 2292 Sat.
566 2267 625 2291 ιιι.
648 2257 851 2299 ‘Turgescit

143 2314 257 2346 vitrea
285 2310 388 2343 bilis.'
432 2311 442 2328 ‘
457 2310 618 2341 Vitreum
630 2308 639 2322 '
670 2308 759 2340 enim
791 2317 851 2348 ap-

145 2363 322 2405 pellabant
333 2364 483 2399 veteres,
496 2363 534 2391 ut
547 2363 584 2390 et
597 2357 712 2390 Graeci
727 2355 852 2396 ὑαλόεν,

142 2412 340 2454 splendidam
351 2419 391 2441 ac
402 2408 605 2450 pellucidum,
619 2412 657 2439 ut
675 2415 702 2438 ι.
718 2406 789 2438 Od.
800 2409 852 2439 17.

146 2461 338 2499 docuimus,
353 2464 388 2492 et
402 2458 527 2500 alioqui
543 2467 611 2490 non
626 2467 701 2489 eam
723 2457 778 2489 hic
802 2457 851 2489 bi-

144 2513 214 2545 lem
228 2510 395 2550 intelligo,
417 2518 491 2551 quae
511 2513 587 2539 atra
601 2507 728 2540 dicitur
743 2507 850 2540 medi·

147 2562 220 2601 cis;
244 2559 305 2592 sed
320 2557 444 2591 flavam
460 2558 575 2600 potius
590 2567 652 2590 seu
666 2557 849 2591 rubescen-

147 2618 232 2652 tem,
261 2620 338 2653 quae
373 2609 416 2641 ad
443 2618 503 2641 cor
532 2608 740 2645 redundans.
759 2609 848 2642 kam

146 2662 323 2695 concitat:
349 2659 439 2702 quod
457 2658 627 2701 quomodo
647 2658 720 2695 fiat,
735 2666 761 2689 1.
777 2658 848 2691 Od.

148 2715 202 2745 13.
216 2709 437 2743 ostendimus.
462 2710 472 2726 ‘
485 2707 571 2740 Atra
583 2707 592 2721 ’
616 2716 698 2739 vero
728 2707 738 2725 ‘
750 2706 850 2748 bilis,'

147 2767 186 2794 ut
200 2760 357 2803 frigidior
370 2759 559 2800 sicciorque
571 2757 718 2790 subsidit
730 2758 851 2799 magis,

148 2818 186 2844 et
207 2813 241 2844 in
268 2810 386 2852 splene
413 2808 592 2850 recipitur,
618 2807 849 2851 tristioresque

1488 246 1604 289 1703

900 361 941 384 ac
975 351 1087 384 minus
1128 351 1255 384 aeriter
1289 348 1443 382 furentes
1479 349 1605 382 reddit.

902 403 1058 445 Utraque
1082 411 1164 434 sane
1188 400 1267 433 bilis
1289 405 1407 432 cetero
1438 399 1605 439 sanguine

901 452 1111 493 splendidior
1132 455 1197 492 est,
1213 454 1355 492 superat
1375 455 1490 483 tamen
1505 448 1604 482 flava.

903 502 1048 535 Torrent.
1090 502 1261 543 Splendida
1284 501 1373 542 bilis]
1393 500 1493 535 Quod
1510 499 1606 532 furor

900 553 1105 593 proveniens
1120 562 1164 584 ex
1178 557 1252 584 atra
1269 551 1336 584 bile
1348 551 1512 592 jusserat.
1547 551 1607 582 Bi·

901 603 944 633 lis
974 607 1028 634 est
1054 601 1236 644 splendida
1264 606 1302 633 et
1327 600 1469 633 mordax
1498 601 1607 633 instar

902 652 1004 684 aceti.
1028 652 1125 694 [Vat-
1141 653 1237 684 Rom.
1252 654 1283 683 7.
1301 655 1337 684 et
1353 651 1514 684 Vallicel.
1529 652 1610 693 quod

891 700 1021 742 imit]
1257 740 1262 742 ,

946 753 1007 786 142
1031 751 1158 791 Pauper
1185 751 1348 792 Opimius]
1384 752 1516 783 Recte:
1548 761 1609 784 no·

901 805 973 834 tum
1003 801 1099 836 enim⁸
1125 801 1274 842 Opimiae
1303 801 1416 841 gentis
1446 802 1609 834 Romanae

900 860 1036 892 nomen,
1050 852 1106 883 vel
1130 860 1205 883 eam
1229 850 1275 883 ob
1296 860 1450 883 caussam
1466 852 1557 893 quod
1573 856 1610 884 et

902 902 1002 934 ‘vina
1028 901 1234 942 Opimiaua'
1263 906 1300 933 et
1321 904 1493 933 ‘marmor
1523 902 1609 944 Opi-

901 951 1070 984 mianum'
1093 951 1174 984 inde
1201 952 1376 993 appellata
1403 953 1483 984 sint.
1531 953 1609 985 Duo

902 1009 1015 1035 tamen
1044 1002 1161 1043 probae
1187 1008 1280 1034 notae
1305 1002 1455 1039 codices,
1474 1003 1612 1044 Opimius

901 1054 1032 1095 legunt.
1059 1054 1204 1086 Torrent.
1247 1053 1376 1094 Pauper
1401 1052 1546 1093 Opimius
1558 1062 1611 1085 ur-

898 1103 1006 1144 genti]
1035 1102 1194 1144 Opimius
1226 1113 1362 1142 avarus,
1393 1112 1527 1144 pauper
1557 1112 1612 1135 ar-

903 1153 999 1194 genti
1016 1153 1105 1185 domi
1127 1153 1309 1185 reconditi.

949 1206 1010 1236 143
1051 1203 1269 1244 Veientanum]
1299 1202 1379 1234 Vile
1404 1203 1468 1235 boc
1495 1203 1610 1235 vinum

904 1249 1182 1296 contemtumque
1209 1253 1314 1286 fuisse
1337 1254 1491 1287 ostendit
1505 1255 1611 1286 etiam

904 1305 1066 1349 Persius:
1091 1305 1410 1345 ‘Veientanumque
1440 1304 1610 1337 rubellum

903 1355 1052 1387 Exhalat
1079 1355 1205 1395 vapida
1234 1355 1354 1386 laesum
1384 1355 1462 1395 pice
1483 1355 1611 1386 sessilis

903 1405 1024 1445 obba;'
1049 1406 1082 1437 iu
1116 1405 1252 1437 Etruria
1279 1410 1412 1444 natum,
1439 1404 1498 1436 ubi
1528 1404 1610 1436 olim

904 1455 982 1486 Veii
997 1464 1057 1486 seu
1074 1455 1255 1486 Veientum
1277 1454 1442 1494 oppidum
1457 1453 1612 1486 celeber-

903 1506 1045 1536 rimum:
1065 1514 1132 1546 quo
1146 1505 1276 1544 deleto,
1291 1505 1386 1536 locus
1401 1504 1475 1545 ipse
1485 1503 1614 1535 Veien-

904 1559 1019 1586 tanum
1048 1554 1118 1586 dici
1140 1554 1267 1595 coepit;
1292 1558 1330 1586 ut
1348 1554 1536 1594 Albanum,
1552 1554 1612 1585 ubi

902 1609 984 1636 aute
1000 1604 1104 1637 Alba.
1130 1604 1276 1636 Tor-rent.
1325 1604 1530 1637 Veientanum
1541 1604 1612 1642 ses-

902 1653 961 1693 tis]
982 1653 1106 1685 Vinum
1123 1654 1289 1686 rubellum
1307 1654 1491 1694 pessimum
1507 1659 1543 1685 et
1559 1664 1611 1686 sa-

904 1702 996 1743 poris
1012 1703 1147 1743 ingrati.
1193 1703 1402 1740 Veientana‚
1419 1703 1543 1735 civitas
1560 1708 1612 1736 est

905 1752 1116 1793 Campaniae.

948 1805 1011 1834 144
1048 1803 1209 1844 Campana
1242 1802 1354 1843 trulla]
1390 1803 1481 1836 Vase
1514 1808 1612 1845 poto-

904 1853 956 1885 rio
971 1852 1080 1885 fictili.
1122 1853 1332 1895 Vappamque]
1354 1854 1479 1887 Vinum
1494 1854 1612 1898 iusipi-

905 1903 999 1935 dum.

948 1956 1009 1986 146
1033 1954 1211 1996 Letlmrgo]
1236 1955 1399 1987 Veterno.

950 2006 1013 2036 146
1042 2004 1154 2036 claves
1180 2004 1287 2046 latus]
1321 2005 1454 2038 Quibus
1485 2011 1612 2039 cuncta

903 2054 1110 2087 recluderet.

948 2108 1010 2137 147
1035 2104 1133 2137 Hunc
1147 2105 1299 2148 medicus]
1317 2105 1420 2138 Hunc
1435 2105 1611 2148 Opimium

901 2155 1143 2196 lethargicum.

946 2205 1026 2246 [1⁴18
1048 2205 1130 2237 Vat.
1146 2205 1246 2237 Rom.
1264 2208 1294 2237 1.
1309 2215 1446 2239 mensam
1460 2208 1601 2249 apponi]

947 2254 1028 2296 [150
1053 2255 1207 2287 Vallicel.
1221 2258 1251 2287 l.
1270 2266 1390 2296 ‹egr-um
1403 2257 1449 2289 sic
1463 2258 1590 2299 erigit]

948 2309 1011 2338 152
1034 2306 1122 2338 Men'
1137 2306 1220 2346 vivo]
1238 2307 1351 2339 Verba
1366 2312 1446 2339 sunt
1459 2308 1611 2348 Opimii:

906 2354 1012 2386 Mene
1029 2355 1106 2386 vivo
1127 2355 1202 2386 haec
1219 2355 1354 2387 auferet
1375 2357 1496 2387 heres?
1543 2358 1612 2388 Hoc

904 2404 979 2445 uge]
995 2404 1111 2437 Verba
1125 2404 1248 2446 quibus
1262 2405 1295 2436 in
1312 2406 1419 2437 sacris
1431 2415 1611 2447 praecones

904 2461 1059 2489 attentos
1076 2466 1151 2488 esse
1157 2456 1331 2497 jubebant
1346 2467 1419 2496 eos,
1430 2457 1487 2498 qui
1503 2458 1611 2489 inter-

904 2511 1015 2539 erant.
1051 2506 1194 2538 Torrent.
1239 2506 1312 2538 Hoc
1335 2506 1408 2547 age]
1440 2506 1534 2538 Huic
1559 2508 1610 2538 rei

902 2557 948 2588 da
962 2565 1115 2597 operam,
1127 2561 1167 2588 ut
1177 2557 1412 2589 convalescas.
1446 2557 1532 2593 Quid
1544 2557 1608 2599 vis]

903 2606 996 2640 Quid
1014 2607 1064 2639 vis
1078 2605 1215 2647 faciam,
1231 2607 1341 2649 inquit
1358 2607 1538 2649 Opimius:
1555 2614 1610 2640 est

902 2657 1143 2697 Dialogismns.

949 2710 1009 2739 153
1033 2707 1210 2749 Deficiente]
1246 2708 1413 2749 Loquitur
1442 2709 1605 2742 medicus.

909 2757 1020 2798 Venae]
1043 2757 1205 2796 Arteriae,
1220 2757 1320 2789 vires.

949 2810 1011 2840 154
1036 2807 1185 2848 Fuleura]
1211 2807 1337 2839 Robur.
