1916 3262
364 277 474 319 1242

364 378 448 420 Sed
470 379 604 419 veluti
623 381 805 418 tractata
825 381 969 416 notam
989 376 1212 429 labemque
1233 379 1448 419 remittunt

830 288 873 325 Q.
902 285 1106 315 HoRA'ru
1137 286 1305 317 rnaccr

1685 380 1768 421 235

363 443 629 490 Atrameuta‚
648 443 733 482 fere
753 443 983 494 scriptores
1005 442 1190 482 carmine
1208 442 1326 484 foedo

363 508 594 561 Splendida
612 508 729 548 facta
748 507 895 546 linunt.

954 506 1074 546 Idem
1093 517 1167 547 rex
1189 506 1273 555 ille,
1292 508 1451 560 poema

362 572 454 621 Qui
473 576 557 613 tam
577 572 799 611 ridiculum
820 575 908 611 tam
930 583 1026 611 care
1046 569 1252 623 prodigus
1273 573 1389 622 emit,

362 636 518 677 Edicto
538 636 685 684 vetuit,
706 648 759 675 ne
779 635 879 687 quis
901 647 963 683 se,
985 639 1140 687 praeter
1159 633 1361 687 Apellen,

362 701 573 753 Pingeret,
594 706 668 740 aut
689 700 801 740 alius
822 699 1016 752 Lysippo
1036 699 1212 740 duceret
1230 713 1318 741 aera

1685 702 1768 744 240

362 765 506 806 Fortis
527 764 768 805 Alexandri
787 764 952 804 vultum
972 763 1229 804 simulantia.
1277 764 1414 814 'Quod
1434 766 1471 807 si

360 879 478 909 misma.
522 881 566 911 Ae
581 882 824 921 quemadmodum
845 884 1047 911 atramentum
1067 883 1236 912 contactum
1263 882 1411 922 imprimit
1432 887 1534 915 notam
1558 887 1588 914 et
1609 882 1768 918 maculmn,

360 919 480 956 εἰσίω-ε
494 923 655 962 scriptores
670 923 740 953 rudi
753 924 886 953 carmine
900 922 1062 962 inquinant
1074 926 1164 960 gesta
1178 923 1322 954 illustria.
1366 924 1400 955 Is
1417 923 1481 964 ipse
1493 934 1562 965 rest,
1573 923 1625 964 qui
1644 927 1708 954 tam
1720 923 1767 952 in-

359 961 486 998 dignum
499 972 616 994 carmen
631 967 693 994 tam
714 973 783 994 caro
805 964 902 1002 pretio
923 964 997 994 emit
1018 964 1171 1003 profusus,
1199 965 1316 995 decreto
1339 965 1502 997 interdixit
1516 975 1553 997 ne
1572 965 1713 1006 pingeret
1735 971 1768 992 ee

360 1002 514 1042 quisquam
533 1005 593 1035 nisi
607 1004 740 1044 Apelles,
753 1014 825 1035 neve
838 1005 915 1035 alius
928 1015 1016 1045 quam
1029 1005 1181 1045 Lysippus
1193 1006 1350 1046 effingeret
1362 1016 1401 1038 ex
1414 1016 1474 1038 oere
1493 1007 1643 1047 imagines
1653 1005 1769 1037 strenui

952 1096 1085 1109 ceum

1088 1097 1182 1109 eeeee

359 1156 492 1190 Wakef.
509 1158 612 1189 Kidd.
629 1159 708 1197 Fea,
735 1159 855 1197 Bothe,
877 1163 912 1190 et
935 1160 1086 1199 Doering.
1103 1169 1122 1191 a
1148 1160 1209 1192 Gr.
1229 1159 1474 1199 mamam—235
1497 1159 1724 1192 Schoenborn.
1738 1161 1770 1189 4.

357 1199 634 1230 κῶπαι-239
657 1200 845 1239 Cuningme
860 1201 967 1240 quiex
983 1201 1234 1240 ingenim—240
1257 1202 1402 1241 Fingeret
1416 1201 1468 1233 An
1493 1202 1569 1233 elic.
1584 1203 1613 1232 3.
1637 1201 1771 1238 cuderet,

359 1248 399 1270 ex
427 1240 513 1280 conj.
540 1241 702 1282 Lambini,
727 1247 928 1282 receperunt
952 1241 996 1274 G.
1021 1242 1154 1274 Fabric.
1179 1243 1362 1283 Bentleius,
1395 1246 1431 1275 et

1491 1241 1558 1274 idd.
1589 1241 1666 1274 Vid.
1692 1241 1770 1274 Nic.

995 1323 1133 1354 NOTAE

357 1382 432 1413 dam
458 1382 610 1414 scribunt
629 1383 794 1423 pepigisse
810 1383 1035 1414 Alexandrum

356 1440 431 1462 cnm
455 1431 611 1470 Choerilo,
636 1436 674 1462 ut
698 1441 758 1472 pro
781 1431 918 1470 singulis
943 1431 1036 1462 bonis

355 1479 503 1510 versibus
515 1480 660 1520 singulos
673 1480 842 1520 acciperet
854 1480 1037 1520 Philippos,

356 1538 417 1569 pro
437 1529 574 1569 singulis
587 1534 698 1560 autem
713 1529 807 1560 malis
824 1529 963 1560 totidem
980 1539 1034 1560 co-

354 1576 490 1616 laphos:
512 1587 613 1617 opere
628 1588 704 1610 vero
721 1578 875 1610 confecto
889 1579 944 1609 vix
961 1587 1035 1618 sep-

356 1629 423 1655 tem
435 1634 547 1656 versus
557 1626 656 1657 laude
667 1627 783 1666 dignos
793 1627 962 1658 extitisse:
980 1628 1035 1658 de-

355 1672 454 1712 nique
473 1672 623 1704 referunt
639 1674 816 1705 Choerilurn
831 1674 942 1706 inedia
962 1684 1036 1716 per-

355 1720 443 1751 iisse.
484 1722 571 1752 Vide
592 1722 740 1760 suidam,
754 1725 820 1754 &c.
866 1723 975 1754 Porro
991 1724 1036 1753 vi-

355 1768 456 1800 detur
471 1769 629 1801 Horatius
645 1770 700 1801 isti
717 1771 864 1802 Clioerilo
885 1770 1035 1812 quaedam

355 1817 504 1849 tribuere
518 1827 592 1859 quae
619 1819 737 1859 prioris
751 1820 829 1854 sint.
844 1825 881 1850 ut
894 1819 1037 1851 Alexan-

355 1865 417 1897 der
440 1867 484 1897 sit
502 1867 649 1898 imitatus
664 1868 751 1909 quod
766 1868 915 1900 fecerant
932 1869 1037 1901 Athe—

355 1915 498 1955 nienses,
519 1916 689 1948 conditum
711 1917 753 1948 de
776 1927 812 1949 se
831 1927 962 1949 carmen
979 1928 1036 1959 pa·

354 1962 440 1993 riter
454 1973 678 1995 remunerans.

396 2013 460 2041 286
482 2011 654 2052 Scriptores
675 2013 807 2044 carmine
821 2014 923 2055 foedo]
947 2015 1036 2047 Hinc

355 2059 527 2100 sapienter
540 2060 724 2100 Augustus,
744 2063 892 2102 quamvis
906 2064 1038 2104 ingenia

355 2108 406 2140 sui
422 2108 535 2139 saeculi
551 2109 637 2139 omni
652 2109 750 2140 modo
765 2109 899 2147 foverit,
920 2121 959 2143 ac
981 2112 1037 2143 be-

353 2158 454 2198 nigne
483 2158 717 2199 patienterque
752 2158 915 2191 audiverit
950 2161 1034 2192 reci-

353 2211 466 2238 tantes
481 2215 546 2238 non
562 2211 697 2251 tantum¹
715 2207 862 2238 carmina
874 2213 909 2239 et
931 2209 1033 2241 histo·

354 2255 434 2294 rias,
449 2255 507 2286 sed
522 2259 558 2286 et
569 2255 736 2287 orationes
747 2260 847 2296 atque
859 2257 1011 2299 dialogos
1023 2268 1031 2290 :

353 2304 508 2344 componi
524 2307 632 2334 tamen
646 2303 770 2345 aliquid
794 2305 836 2335 de
854 2315 901 2346 se,
920 2307 982 2338 nisi
998 2312 1034 2338 et

355 2353 440 2384 serio
454 2357 489 2384 et
505 2362 526 2384 a
541 2352 832 2393 praestantissimis,
845 2353 1035 2386 offendeba-

355 2406 431 2433 tur:
453 2401 719 2442 admonebatque
728 2402 910 2442 Praetores,
922 2412 963 2434 ne
976 2413 1034 2443 pa·

353 2454 504 2481 terentur
518 2459 638 2481 nomen
647 2459 740 2481 suum
753 2451 1033 2484 commissionibus

351 2497 552 2530 obsolefieri.
570 2498 706 2530 sueton.
718 2499 841 2530 octav.
851 2508 926 2540 cap.
937 2503 991 2533 89.

395 2550 458 2579 239
479 2547 593 2578 Edicto
618 2547 732 2588 vetuit]
766 2547 838 2579 Cic.
865 2549 972 2589 Epist.
997 2558 1031 2581 v.

354 2598 406 2627 12.
428 2597 439 2614 ‘
455 2597 528 2627 Nec
543 2596 630 2626 enirn
643 2595 836 2627 Alexander
850 2597 906 2628 ille
917 2598 1032 2638 gratiae

353 2653 454 2675 causa
481 2645 523 2675 ab
552 2645 673 2684 Apelle
701 2645 907 2686 potissimum
931 2647 1033 2688 pingi,

354 2697 390 2723 et
405 2701 424 2722 a
442 2692 588 2732 Lysippo
603 2693 680 2733 tingi
695 2694 832 2726 volebat
846 2704 855 2732 ;
869 2695 927 2726 sed
944 2697 1032 2736 quod

353 2741 485 2772 illorum
515 2746 619 2772 artem
647 2746 716 2773 tum
743 2743 823 2783 ipsis
839 2753 914 2775 cum
930 2745 1032 2777 etiam

1087 1384 1151 1414 sibi
1167 1384 1280 1422 glorias
1292 1384 1364 1415 fore
1381 1384 1543 1424 putabat-⁹
1583 1384 1679 1415 Idem
1693 1393 1768 1415 nar-

1087 1437 1141 1462 rat
1156 1432 1368 1472 Plutarchus,
1392 1431 1504 1472 aitque
1517 1442 1526 1463 :
1545 1441 1564 1462 e
1578 1431 1707 1463 duobus
1722 1431 1769 1462 Α-

1086 1480 1253 1510 lexandris
1277 1481 1418 1511 alterum
1443 1481 1615 1519 invictum,
1643 1479 1768 1512 scilicet

1086 1528 1244 1570 Philippo
1265 1533 1400 1567 natum;
1430 1529 1569 1560 alterum
1591 1529 1633 1560 ab
1649 1528 1768 1567 Apelle

1085 1577 1208 1609 factum
1233 1587 1298 1610 uon
1324 1587 1397 1610 esse
1422 1569 1629 1610 imitabilem.
1674 1576 1768 1618 Apu-

1087 1625 1171 1656 leius
1182 1626 1305 1658 Florid.
1318 1635 1344 1657 1.
1358 1627 1405 1658 sic
1417 1626 1518 1659 habet
1531 1638 1539 1656 ι
1557 1627 1566 1644 ‘
1578 1625 1769 1658 Alexander

1086 1674 1262 1714 imaginem
1277 1684 1382 1713 suam,
1409 1684 1474 1716 quo
1490 1675 1613 1706 certior
1629 1674 1767 1715 posteris

1087 1721 1299 1760 proderetur,
1321 1721 1428 1753 noluit
1451 1731 1470 1752 a
1495 1723 1606 1753 multis
1631 1721 1768 1753 artifici-

1087 1770 1148 1801 bus
1179 1771 1275 1811 vulgo
1305 1771 1546 1810 contaminari3
1574 1771 1632 1802 sed
1662 1770 1769 1802 edixit

1088 1819 1241 1849 universo
1268 1819 1340 1850 orbi
1366 1829 1437 1855 suo.
1461 1828 1504 1850 ne
1529 1819 1600 1860 quis
1624 1817 1768 1859 effigiem

1089 1867 1177 1908 regis
1192 1871 1319 1899 temere
1335 1868 1540 1899 assimularet
1554 1876 1631 1908 oere,
1644 1867 1768 1907 colore,

1089 1917 1281 1955 caelamiue;
1306 1917 1383 1958 quin
1404 1917 1492 1948 solus
1516 1925 1590 1948 eam
1613 1915 1768 1956 Polycle-

1089 1969 1143 1996 tus
1157 1974 1224 1996 aere
1239 1964 1391 2004 duceret,
1419 1965 1510 1996 solus
1526 1963 1664 2005 Apelles
1679 1963 1767 1994 eolo·

1088 2012 1179 2044 ribus
1210 2012 1407 2052 delinearet,
1445 2013 1536 2046 solus
1569 2012 1767 2052 Pyrgoteles

1090 2062 1262 2093 caelamine
1283 2060 1488 2092 excuderet!
1530 2059 1618 2091 Plin.
1631 2067 1698 2090 vu.
1713 2061 1765 2090 37.

1088 2111 1098 2129 ‘
1111 2110 1228 2142 Edixit
1255 2111 1435 2150 imperator
1463 2108 1534 2147 ille,
1555 2117 1597 2140 ne
1620 2106 1693 2149 quis
1717 2107 1766 2147 ip-

1089 2169 1159 2192 sum
1182 2160 1267 2191 alius
1296 2169 1392 2200 quam
1428 2158 1567 2198 Apelles
1601 2157 1767 2198 pingeret,

1086 2219 1183 2250 qnam
1220 2209 1420 2249 Pyrgoteles
1451 2207 1634 2247 sculperet,
1667 2214 1767 2246 quam

1087 2259 1254 2301 Lysippus
1277 2267 1319 2290 ex
1343 2267 1410 2289 aere
1425 2255 1585 2289 duceret.'
1627 2254 1715 2286 Vide
1730 2259 1767 2286 et

1086 2309 1163 2340 Val.
1178 2309 1271 2339 Max.
1285 2316 1367 2339 vm.
1383 2309 1433 2338 ll.

1127 2355 1267 2396 Apellen]
1296 2355 1444 2386 Eximius
1459 2353 1514 2384 ille
1529 2353 1639 2394 pictor
1653 2361 1695 2384 ex
1717 2352 1767 2384 in·

1086 2405 1192 2436 insula
1207 2405 1269 2443 Co,
1285 2408 1356 2435 toto
1370 2403 1451 2435 orbe
1466 2401 1653 2434 celebratus
1666 2400 1766 2442 pictis

1085 2454 1254 2494 ingeniose
1267 2458 1302 2484 et
1319 2456 1458 2484 venuste
1474 2450 1613 2482 tabellis.

1126 2505 1189 2534 240
1209 2502 1358 2543 Lysippo]
1391 2499 1580 2532 statuarius
1605 2498 1658 2530 hie
1682 2507 1767 2539 prn-

1085 2551 1193 2583 clnrus
1209 2551 1249 2582 ad
1267 2551 1444 2582 veritatem
1467 2549 1593 2589 optime
1610 2547 1765 2584 accessit.

1085 2601 1290 2633 Quintiliano
1305 2603 1403 2630 teste.
1433 2598 1522 2630 Hinc
1537 2597 1695 2636 Propert.
1711 2603 1764 2626 nr.

1084 2653 1115 2681 9.
1140 2653 1172 2681 9.
1206 2649 1346 2680 ‘Gloria
1372 2648 1520 2688 Lysippo
1541 2649 1592 2679 est
1620 2645 1763 2676 animosa

1085 2697 1244 2738 effingere
1257 2695 1375 2735 signal

1126 2748 1186 2777 241
1212 2744 1316 2776 Fortis
1343 2741 1515 2776 Alexandri
1541 2739 1670 2779 vultum]
1699 2738 1759 2770 Cui
