1930 3204
575 280 786 312 HORA‘ru
822 281 963 312 EPOD·
995 280 1125 312 xvn.

174 375 217 404 59
239 372 364 405 Sidonii
388 376 546 406 torserunt
574 370 703 410 cornua]
740 371 830 404 Cad-

130 431 205 454 mus
220 432 298 455 cnm
314 423 413 455 sociis
424 433 491 455 non
506 424 571 455 huc
581 420 757 454 convertit
769 429 827 451 an-

131 475 311 502 tennarum
328 481 470 503 cornua.
634 498 639 504 .

173 523 217 551 60
240 520 411 552 Labor-im
436 520 506 561 nec]
544 519 708 560 Magnum
737 518 829 550 labo-

128 579 202 602 rem
219 570 406 611 perferens.
449 570 669 612 [Laboriosum
681 569 830 601 Schoen-

130 619 226 651 born.
241 620 451 662 &Laboriosi
465 619 631 662 Guelph]

173 672 216 701 62
233 670 436 710 Impotentia]
453 669 562 701 Nimis
577 668 759 700 vehemens
770 678 830 709 po-

137 719 249 750 tentia
270 719 394 750 nullius
416 719 499 751 astri
519 720 575 759 (ut
588 717 698 759 Syrii)
723 722 831 750 torret

131 775 283 808 gregem.
553 792 555 794 -

168 819 211 848 63
233 817 364 857 Jupiter
391 817 447 848 illu
471 817 536 857 pia·
562 817 712 857 secrevit]
748 818 829 849 Duo

127 864 228 896 codd.
245 865 395 906 δημίων·
407 866 493 906 ipse.-
517 870 588 897 tres
603 867 750 907 sacravit,
765 864 845 907 pro'

124 914 284 956 secreuit.c
312 914 382 947 Sed
391 915 529 959 peremit
544 915 651 955 magis
669 915 829 947 Horatia-

125 972 205 994 nnm
222 967 288 997 est.
335 963 452 1004 Genti]
483 964 616 995 Littera
638 965 829 998 hominibus

127 1012 196 1052 piis
211 1012 408 1044 habitanda.

168 1065 212 1094 84
239 1062 284 1094 Ut
295 1062 470 1103 inquinavit
485 1073 547 1094 oere
562 1064 696 1104 tempus]
728 1064 830 1097 Post·

127 1121 228 1153 quam
250 1113 391 1153 Jupiter
413 1114 563 1145 seculum
587 1124 723 1146 aureum
740 1124 829 1147 aereo

128 1165 396 1201 permutaverat.

168 1213 210 1242 65
234 1212 375 1243 Duravit
393 1213 525 1244 nacula.-
549 1214 693 1254 quorum]
732 1214 830 1246 Dura

125 1257 224 1299 fecit,
253 1260 288 1292 id
316 1264 382 1302 est,
403 1260 518 1293 ferrea
541 1264 668 1294 saecula
682 1263 828 1301 induxit,

125 1318 267 1349 quornm
298 1315 466 1352 tempore,
492 1310 575 1352 fuga
600 1316 637 1343 et
665 1322 829 1352 prospera

125 1358 310 1391 declinatio
325 1360 391 1401 piis
405 1354 518 1392 datur.
548 1361 716 1401 Quorum]
734 1362 827 1395 Quo-

101 1408 107 1410 *
123 1418 198 1441 rum
220 1410 362 1442 duorum
373 1412 582 1444 :antoniorum
607 1412 670 1453 piis
686 1412 826 1443 homini-

124 1457 202 1499 bus,
217 1460 275 1501 qui
290 1460 401 1493 adhuc
422 1461 524 1502 pauci
539 1463 683 1502 restant,
697 1471 751 1492 nie
768 1472 824 1493 va-

122 1511 171 1547 te,
187 1509 411 1550 praedicente,
431 1519 486 1541 me
506 1520 656 1550 suasore,
672 1510 824 1542 secunda

121 1557 204 1605 fuga
218 1568 259 1591 ac
275 1570 441 1602 prospera
460 1562 618 1603 migratio
635 1573 654 1594 a
670 1563 746 1594 Diis
764 1564 822 1595 im-

121 1609 320 1642 mortalibus
335 1609 438 1642 datur
453 1615 490 1643 et
510 1612 723 1644 conceditur.
757 1613 822 1644 Lu-

124 1729 130 1736 .
162 1708 207 1738 66
235 1707 315 1740 Vate
335 1709 509 1749 medetur]
542 1711 603 1741 Me
627 1720 763 1742 suasore
787 1716 824 1743 et

121 1754 319 1796 impulsore.
363 1757 613 1797 [Schoenborn.
629 1761 660 1789 2.
674 1760 768 1790 datur
776 1770 824 1791 me

120 1805 221 1845 vaca]

123 1852 241 1885 Eron.
266 1861 362 1886 xvir.
393 1854 452 1886 An
474 1855 682 1888 cnnmam.
729 1856 826 1888 Petit

122 1926 130 1933 .
165 1911 240 1934 eam
256 1907 296 1934 ut
318 1903 383 1935 sibi
397 1904 566 1946 ignoscat,
587 1906 684 1946 cnjus
705 1915 742 1938 se
768 1916 825 1939 ve-

164 1950 295 1994 neficiis
308 1957 504 1993 superatum
521 1954 631 1996 tingit.

124 2025 133 2029 ,
165 1999 375 2034 Hic-iterum
390 2003 535 2035 Canidia
557 2005 600 2036 ad
626 2009 741 2045 partes
769 2016 824 2039 ve-

121 2050 266 2091 nit,aecui
292 2054 550 2094 ante.graviter
576 2053 716 2087 offensae
743 2056 822 2087 dum

120 2099 515 2135 Palinodiam—scribe're
545 2113 582 2135 se
607 2103 720 2144 fingit,
748 2115 822 2138 eam

118 2149 244 2182 irridet
259 2151 366 2191 magis
380 2155 484 2192 atque
499 2153 664 2193 exagitat:

118 2228 122 2232 .
163 2202 181 2231 1
210 2200 341 2242 Efficuci
367 2201 408 2232 do
435 2203 727 2245 manus„ucientioe]
764 2205 821 2237 Sic

118 2249 128 2266 ‘
139 2249 290 2290 Magiam
302 2249 312 2266 ’
329 2250 483 2292 appellat
498 2259 540 2282 ex
553 2252 713 2292 opinione
728 2253 820 2285 illam

119 2297 366 2339 profitentium,
407 2300 465 2340 qui
502 2302 652 2332 omnium
696 2302 819 2333 artium

120 2348 300 2380 maximam
315 2353 419 2389 atque
434 2349 648 2380 utilissimam
663 2359 736 2381 esse
753 2356 822 2382 tra-

120 2395 239 2429 didere
251 2407 262 2435 ;
286 2406 430 2438 quaeque
445 2396 480 2427 in
497 2396 654 2438 Oriente,
666 2402 705 2429 ut
717 2398 822 2430 Plinii

121 2445 341 2486 utar-verbis,
362 2453 479 2486 regum
507 2446 645 2486 regibus
665 2448 744 2479 olim
760 2448 821 2480 im-

122 2495 270 2536 peravit,
294 2505 370 2527 cum
398 2505 481 2527 vera
509 2497 555 2528 sit
581 2498 725 2531 vanitas.
768 2499 821 2530 Do

122 2553 231 2576 manus
251 2544 408 2585 scies-tie]
432 2544 592 2585 Agnosco
612 2555 667 2577 me
682 2547 822 2583 victum.

122 2598 159 2626 et
170 2594 304 2635 potenti
315 2593 557 2626 veneficiorum
564 2594 714 2627 scientiae
724 2597 822 2629 cedo.

124 2664 130 2671 ,
164 2645 185 2674 2
207 2643 254 2674 Et
267 2652 320 2674 oro
333 2643 446 2683 regnu]
480 2643 558 2674 Mos
570 2649 644 2675 erat
660 2644 750 2685 apud
766 2655 823 2678 ve·

122 2698 214 2724 teres
238 2692 420 2724 obsecrare
437 2701 499 2732 per
520 2701 577 2723 res
591 2692 636 2730 ei,
652 2702 758 2734 queur
765 2694 827 2726 ob·

122 2741 316 2778 secrabant,
336 2746 397 2773 aut
419 2741 695 2782 carissimas‚{aut
708 2743 823 2785 religi-

124 2791 302 2827 osissimas,
328 2796 366 2823 et
401 2791 547 2823 maxime
580 2792 819 2826 venerandas:

1466 273 1579 315 1575

880 368 1054 404 interdum
1069 372 1172 404 etiam
1195 379 1258 412 per
1271 379 1327 402 res
1343 379 1419 402 suas
1434 366 1579 406 maixime

878 421 1023 453 afflictas
1042 426 1079 453 et
1092 420 1328 452 misericordia
1350 421 1579 462 dignissimas.

878 471 1023 503 Lombin.
1047 470 1264 511 Proserpinae]
1277 470 1350 502 Oro
1363 477 1398 502 te
1411 481 1474 511 per
1484 472 1579 504 Deas

879 519 942 551 tibi
957 519 1102 551 maxime
1119 519 1342 559 venerandas,
1353 529 1477 561 nempe
1494 521 1580 553 Pro-

879 569 1053 609 serpinam
1076 573 1112 601 et
1135 568 1296 600 Dianam.
1343 568 1508 611 [Guelph.
1522 579 1580 611 per

878 618 1007 658 regum]

923 670 942 698 3
966 668 1082 699 Diunoe
1096 677 1156 699 non
1180 670 1328 701 movenda
1341 669 1485 710 numina]
1502 670 1581 703 Hoc

880 722 946 758 est,
965 727 1031 749 non
1048 718 1228 758 irritanda,
1252 728 1318 750 non
1347 720 1579 760 provocanda.

880 766 1018 808 Quippe
1048 767 1230 799 vehemens
1259 773 1312 799 est
1337 772 1373 799 et
1401 768 1579 808 iracunda,

879 826 944 848 nee
972 817 1055 849 feris
1078 823 1226 859 tantum,
1240 820 1300 851 sed
1327 823 1364 850 et
1383 819 1580 850 hominibus

879 864 1109 898 formidanda.
1123 865 1213 908 quod
1239 877 1314 898 cum
1340 867 1490 906 Orionis,
1513 867 1580 899 Ac·-

880 915 1080 957 turonisque,
1096 921 1132 947 et
1149 915 1278 947 Niobes
1301 916 1445 947 filiorum
1466 925 1581 947 exem-

878 965 935 1005 plo
958 969 1118 1003 constat;
1142 970 1213 996 tum
1236 965 1330 1005 inde,
1354 966 1443 1006 quod
1459 971 1582 1003 σεληνι-

878 1014 946 1046 axo)
970 1020 1006 1047 et
1030 1013 1262 1053 σεληνόβλητοι
1285 1021 1463 1054 vocantur,
1495 1025 1579 1056 quos

878 1065 1021 1098 ferierit.
1068 1067 1142 1097 Nos
1165 1066 1361 1097 ‘lunaticos
1377 1065 1386 1079 '
1422 1065 1581 1099 dicimus.

880 1115 954 1146 Non
983 1117 1130 1147 movenda
1158 1114 1302 1155 numina]
1333 1114 1406 1145 Oro
1430 1123 1494 1155 per
1517 1123 1581 1145 nu-

878 1164 970 1195 mina
987 1175 1063 1205 quae
1080 1165 1201 1196 nolunt
1215 1163 1344 1194 moveri
1361 1169 1397 1194 et
1411 1173 1431 1194 a
1442 1163 1511 1194 suis
1521 1163 1579 1195 de-

879 1215 982 1246 cretis
995 1214 1110 1254 flecti;
1136 1215 1203 1254 vel,
1225 1223 1301 1255 quae
1316 1213 1478 1244 lacessita
1503 1223 1579 1254 gra-

879 1273 937 1295 ves
954 1269 1089 1296 sumunt
1106 1273 1222 1305 poenas
1242 1273 1261 1294 a
1277 1262 1515 1303 peccantibus.

874 1334 879 1337 -
920 1316 941 1345 4
963 1312 1078 1345 Libros
1090 1314 1262 1344 carminum
1276 1308 1461 1351 valentium]
1485 1312 1578 1344 Qua-

876 1363 926 1394 les
951 1373 970 1393 a
991 1364 1189 1402 Zoroastre,
1215 1361 1420 1400 Hermippo,
1452 1360 1582 1390 Demo-

875 1411 977 1452 crito,
990 1411 1132 1452 aliisqne.
1148 1409 1383 1450 scriptoribus,
1395 1408 1576 1449 perhiben-

874 1465 942 1493 tur.
992 1459 1195 1499 Valentiam}
1208 1455 1294 1492 Quae
1320 1458 1434 1489 valent
1456 1458 1490 1488 in
1507 1461 1576 1489 ter—

873 1518 926 1540 ras
942 1506 1113 1540 deducere
1128 1507 1251 1550 sydera
1266 1504 1352 1539 coelo
1360 1506 1532 1539 detracta.

873 1575 877 1581 ·
914 1558 1086 1603 5²=Refioea⁴
1099 1559 1174 1590 coelo
1198 1559 1346 1590 devocare
1369 1557 1490 1598 sidera]
1511 1558 1577 1590 Re-

861 1609 936 1651 fioeu
945 1602 1048 1650 dissit,
1056 1608 1146 1650 quod
1159 1608 1282 1643 stellae.
1291 1612 1462 1648 tamquam
1471 1608 1575 1648 clavi,

872 1658 1234 1699 emto-quodammodo
1259 1656 1339 1688 fixae
1363 1656 1470 1687 videri
1499 1666 1576 1696 pos-

873 1708 953 1739 sint.
979 1708 1183 1738 ⁴Lucret.v.
1215 1707 1225 1724 ⁴
1243 1706 1425 1745 Stellisque
1450 1704 1575 1735 mican-

873 1756 965 1787 tibus
977 1756 1107 1787 aethera
1122 1754 1251 1786 fixum!
1283 1753 1390 1785 Liber
1405 1763 1492 1784 unus
1508 1754 1577 1785 De-

862 1805 938 1846 fixu
975 1804 1090 1842 habet,
1121 1803 1179 1835 sed
1211 1802 1327 1844 Rqfioea
1352 1801 1440 1833 dixit
1469 1802 1575 1833 etiam

872 1855 971 1895 Virg.
987 1854 1062 1885 AEn.
1078 1862 1111 1886 ν.
1134 1854 1143 1871 ‘
1158 1853 1253 1884 Coelo
1277 1862 1343 1883 ceu
1357 1861 1451 1892 saepe
1466 1851 1575 1883 refixa

872 1905 1127 1935 Transcurrunt
1143 1902 1347 1944 crinemque
1363 1901 1514 1933 volantia
1529 1902 1573 1933 si-

872 1953 956 1985 dera
985 1952 1138 1984 ducunt-⁹
1190 1952 1390 1983 ‘Devocare
1402 1949 1412 1964 '
1428 1952 1438 1973 ='
1457 1951 1575 1990 etiam,

871 2006 910 2034 ut
933 2002 1035 2033 alibi‘
1053 2000 1236 2042 deripere,’
1260 2005 1297 2032 et
1319 2000 1417 2040 Virg.
1441 2000 1451 2017 ‘
1464 1999 1572 2031 dedu-

870 2051 974 2084 cere.'
1018 2050 1367 2091 [Gnelpbmevocara]

912 2106 933 2134 6
961 2103 1091 2135 Vocibus
1106 2100 1246 2140 tandem]
1268 2100 1383 2131 Parce
1407 2099 1573 2132 cantioni·

869 2152 933 2184 bus
946 2161 1007 2183 sua
1023 2151 1164 2183 diritate
1179 2149 1392 2182 execrandis.
1565 2162 1567 2165 ·

912 2201 1126 2241 7'Citumque
1139 2203 1224 2231 retro
1249 2200 1345 2238 solve,
1366 2199 1450 2230 solve
1473 2198 1572 2230 turbi-

869 2251 954 2292 nem]
978 2249 1162 2282 Lambinus
1182 2258 1225 2280 ex
1250 2247 1375 2280 Aurati
1398 2248 1573 2279 sententia

868 2302 968 2340 volve,
994 2301 1079 2331 volve
1103 2299 1202 2339 legit,
1215 2298 1308 2328 nullo
1338 2296 1571 2338 adstipulante

870 2350 981 2381 veteri
1019 2349 1161 2387 codice3
1198 2348 1231 2378 in
1258 2347 1379 2388 quibus
1416 2347 1571 2378 omnibus

870 2397 1059 2437 solve,s⁰10e
1084 2396 1233 2437 legitur:
1257 2405 1357 2436 qnam
1384 2395 1571 2426 lectionem

862 2446 1028 2487 ¹antiquus
1050 2445 1154 2476 etiam
1189 2444 1358 2484 interpres
1386 2443 1570 2483 agnoscit:

870 2500 878 2514 ‘
895 2496 996 2527 Solve
1007 2492 1204 2531 turbinem,'
1223 2492 1349 2532 inquit,
1363 2492 1496 2522 ‘libera
1516 2499 1572 2521 me

870 2545 910 2576 iis
932 2543 1090 2575 amentiae
1105 2540 1261 2580 nexibus,
1275 2540 1397 2580 quibus
1410 2545 1489 2570 ante
1505 2539 1572 2570 illi-

871 2594 971 2636 gasti.
1014 2591 1194 2623 anbinem
1222 2593 1337 2620 autem
1373 2593 1473 2619 vocat
1497 2597 1571 2619 car-

870 2653 948 2676 men
961 2644 1082 2684 ipsum,
1092 2650 1158 2682 quo
1171 2647 1266 2670 mens
1281 2637 1388 2668 veluti
1399 2636 1435 2668 in
1450 2646 1571 2678 gyrum

870 2694 926 2735 agi
939 2693 1119 2729 videatur3
1142 2697 1251 2731 eaque
1267 2686 1429 2719 maleficii
1448 2687 1567 2727 specie

870 2752 933 2784 per
954 2746 1064 2773 artem
1091 2738 1253 2779 magicam
1281 2739 1425 2776 cogatur
1447 2734 1570 2776 aliquis

872 2793 914 2824 ad
942 2788 1147 2823 amandum)
1191 2788 1299 2819 Recte
1322 2793 1399 2817 meo
1421 2783 1567 2824 judicio.
