1890 3230
360 280 469 322 1748

358 384 460 415 verba
476 385 563 415 Davi
580 384 621 414 ad
637 385 764 415 herum.

397 435 438 464 23
460 434 607 471 Antiquae
625 433 734 473 plebis]
755 433 869 464 Mores
884 433 1037 474 antiquo-

355 490 428 512 rum
444 481 619 511 hominum.
653 482 698 512 Et
711 482 804 522 idem]
829 483 872 514 Et
888 487 925 514 tu
937 483 1037 516 idem.

395 532 435 560 24
458 528 569 559 Subito
590 533 621 561 te
641 530 729 570 agat]
751 531 787 561 Si
810 532 880 563 sine
902 533 966 563 tuis
984 543 1038 564 vo·

355 578 397 608 tis
413 578 526 608 adina
547 583 580 609 te
602 580 791 620 compellat.
838 581 938 621 Usque
951 591 1036 613 recu-

353 626 416 666 ses]
438 627 544 657 Valde
562 637 703 660 recuses·

394 677 434 706 25
461 676 550 711 Quod
563 677 690 716 clamas]
711 679 807 711 Quod
825 679 952 710 asseris.

394 727 437 755 26
461 725 531 756 Non
558 726 688 766 firmus]
711 727 788 758 Non
817 727 956 758 stabiiis.
992 728 1035 758 Et

351 773 464 813 haeres]
487 775 525 805 In
550 776 620 806 luto
642 776 786 807 haesitas.
830 776 941 807 Haeres
970 777 1034 806 Ne-

350 823 523 863 quicquam]
546 824 621 854 Hoc
636 830 699 860 est,
710 825 756 855 ita
770 829 880 856 tecum
898 834 1034 864 pugnas,

350 871 398 902 ita
411 875 444 902 te
460 872 522 902 tibi
538 873 689 910 involvis,
704 879 741 903 ut
756 873 835 913 quid
852 873 957 910 dicas,
969 883 1034 914 quo

351 924 386 950 te
403 923 526 957 vertas,
539 925 577 950 ut
591 929 632 949 ex
649 921 698 950 his
711 920 807 951 rebus
824 925 858 951 te
874 921 1036 961 vindices,

350 967 485 998 omnino
501 967 562 998 tibi
575 967 618 999 sit
633 969 810 999 incertum.
835 970 930 1008 Cruq.

394 1019 434 1047 27
463 1017 553 1048 Coeno
581 1018 704 1058 cupiens
732 1011 855 1049 evellere
881 1017 1033 1058 plantam]

351 1065 476 1096 Notum
500 1066 692 1098 Graecorum
716 1067 926 1107 proverbium
949 1068 1036 1099 ἐκτὸς

350 1116 451 1151 πηλοῦ
471 1115 567 1147 πόδας
589 1115 682 1156 ἔχειν,
698 1117 740 1148 de
759 1118 810 1148 his
836 1117 891 1157 qui
916 1118 1034 1148 moles-

351 1166 431 1196 tiam
449 1165 592 1206 aliquam
612 1166 681 1206 jam
704 1171 916 1206 superarunt.
951 1167 1034 1198 Tur—

350 1214 427 1245 neb.
446 1224 528 1246 xm.
547 1218 598 1247 1⁷.
624 1215 763 1246 Torrent-
795 1216 934 1247 Evellere
948 1217 1032 1255 plan-

348 1264 426 1304 tam]
465 1265 611 1304 Cupiens
641 1274 683 1295 ex
712 1265 866 1296 vitiorum
901 1266 1032 1307 gurgite

349 1321 533 1352 emergere,
547 1313 672 1344 laudas.

389 1364 430 1393 28
457 1363 559 1394 Romae
574 1373 627 1394 rus
637 1365 737 1405 optas]
760 1365 901 1397 Quando
919 1366 1033 1396 Romae

348 1422 393 1442 eS.
440 1412 589 1443 Rusticus
602 1414 720 1454 urbem]
745 1415 884 1446 Quando
899 1423 934 1445 es
949 1421 1034 1446 rure.

388 1463 430 1492 29
452 1461 559 1502 Levis]
585 1463 796 1494 Inconstans.

389 1511 430 1538 30
446 1510 569 1541 Laudas
582 1511 733 1551 securum]
755 1513 890 1542 Victum
903 1512 1032 1543 domes-

347 1557 462 1587 ticum.
493 1558 580 1589 Velut
601 1559 741 1598 usquam]
766 1560 879 1598 Quasi,
899 1570 964 1600 quo
977 1571 1031 1590 vo-

348 1606 493 1644 caris,eo
509 1611 646 1636 coactus
663 1612 698 1637 et
713 1608 836 1638 invitus
853 1618 919 1638 eas.

389 1655 428 1684 31
453 1653 618 1693 Amasque]
658 1654 786 1695 Estque
823 1655 881 1686 tibi
910 1656 1032 1695 jucun-

347 1703 436 1734 dum.

388 1754 429 1782 32
456 1750 642 1790 Polandum]
668 1753 890 1792 Epulandum.
926 1755 1032 1784 Jusse-

345 1799 405 1840 rit]
428 1800 628 1840 Sijusserit.

388 1852 428 1879 33
441 1849 550 1880 Serum
564 1849 633 1889 sub]
648 1850 742 1888 Sero,
756 1851 852 1890 paulo
867 1855 945 1881 ante
958 1861 1028 1881 ves-

347 1907 472 1937 perum.
503 1898 566 1929 Sub
580 1900 693 1930 lumina
715 1899 830 1939 prima]
852 1900 947 1931 Idem
963 1899 1028 1931 fer-

347 1956 409 1980 ine.
423 1947 510 1987 quod
527 1948 537 1964 ‘
548 1957 703 1988 supremo
714 1950 805 1987 sole,’
815 1949 946 1989 quodve
963 1950 972 1967 ‘
986 1949 1028 1980 ad

346 1995 455 2027 facem
479 1997 617 2036 primam
633 1997 653 2028 ε’
677 2007 716 2028 ac
737 1999 805 2028 tale
824 1999 925 2029 etiam
948 1998 1028 2029 iilud

345 2045 520 2076 juvenalis
547 2045 620 2076 Sat.
641 2055 676 2077 x.
708 2048 718 2066 ‘
738 2047 951 2077 Pereundnm
977 2052 1029 2078 est

345 2099 422 2123 ante
449 2094 624 2125 lucernas-¹
667 2095 733 2126 Sed
751 2095 783 2125 in
809 2096 950 2135 Republ.
973 2105 1029 2126 oc-

345 2142 459 2180 cupati
475 2141 546 2172 fere
564 2143 691 2173 tardius
707 2144 970 2181 accumbebant;
992 2149 1029 2174 ut

344 2190 397 2220 iiic
427 2190 617 2227 Maeeenas3
642 2200 744 2231 quare
771 2201 871 2221 seram
899 2191 1029 2222 addidit

347 2239 517 2270 Horatius.
535 2239 676 2270 Torrent-

387 2290 427 2318 34
451 2286 581 2317 Nemon‘
596 2288 691 2317 oleum
707 2287 791 2324 feret
810 2287 914 2327 ocyus]
938 2287 1028 2318 Mira

345 2337 398 2367 iiic
435 2335 624 2375 scriptionis
654 2337 811 2366 varietas.
854 2337 939 2367 Sunt
970 2338 1027 2377 qui

347 2386 567 2425 pertinaciter
588 2394 661 2415 cuni
677 2385 780 2420 hiatu,
795 2385 893 2416 Nemo
913 2387 1027 2422 oleum;

345 2439 379 2464 et
402 2444 490 2472 mox,
504 2434 602 2472 audit,
619 2434 685 2473 legi
712 2434 834 2464 debere
851 2433 1027 2467 affirment.

346 2483 418 2522 Ego
442 2483 567 2522 absque
589 2482 803 2513 contentione
829 2483 861 2512 in
887 2493 952 2514 uno
978 2487 1026 2513 at-

346 2542 410 2572 que
441 2533 546 2563 attero
573 2533 799 2563 vetustissimo
830 2532 944 2563 codice
979 2533 1026 2563 sic

343 2584 503 2623 scriptum
519 2588 682 2614 attestor:
707 2583 835 2614 Nemon’
855 2583 1026 2620 oleumsert

345 2636 454 2672 ocyus?
474 2642 511 2663 en
533 2634 599 2673 quis
615 2634 723 2667 Audit,
747 2642 807 2673 pro
829 2636 860 2663 et
881 2633 960 2671 quis,
976 2632 1027 2662 vel

343 2682 453 2719 ecquis.
481 2687 537 2711 aut
562 2682 626 2711 liaec
653 2682 739 2721 quis:
762 2691 860 2722 quain
885 2682 1026 2720 scriptu·

346 2738 414 2758 ram
433 2739 543 2760 veram
568 2737 659 2770 puto.
708 2731 815 2762 Oleum
841 2737 950 2762 autem
967 2739 1026 2770 pro

348 2786 516 2818 unguento
529 2782 624 2822 dixit,
638 2788 674 2814 ut
691 2784 700 2800 ‘
715 2791 820 2822 ungor
832 2780 942 2812 olivo.'
957 2780 1025 2811 Sat.

815 294 952 323 No'rAE
985 293 1240 325 VARIORUM
1276 296 1326 326 [N

1091 393 1140 416 vi.
1186 386 1316 417 Nemon'
1336 388 1448 428 oleum]
1465 388 1575 420 Verba
1600 392 1677 420 sunt
1697 389 1770 421 heri

1090 434 1131 463 ad
1153 435 1374 467 Maecenatem
1390 438 1609 477 properantis.
1653 438 1771 470 Coena-

1090 483 1153 513 turi
1167 485 1239 515 oieo
1255 485 1473 524 ungebantur.

1131 534 1169 562 35
1194 533 1312 572 Magno
1336 534 1482 575 blateras]
1505 534 1570 566 Sed
1595 539 1630 567 et
1650 536 1770 568 cameli

1088 589 1162 611 cum
1179 591 1276 612 voces
1292 583 1406 620 edunt,
1428 584 1575 616 blaterare
1591 584 1768 623 dicuntnr;

1087 634 1204 661 auctor
1239 632 1369 663 Festus.
1415 633 1553 665 Tor-rent.
1611 633 1769 673 matera]

1087 679 1208 719 Inepte
1217 681 1352 712 eiamas.
1378 682 1547 723 Fugisque]
1564 683 1703 714 Placet:
1719 684 1769 715 sic

1088 733 1198 761 tamen
1227 735 1264 761 ut
1290 731 1448 763 damnare
1476 732 1590 771 nolim,
1619 733 1707 773 quod
1734 734 1769 765 in

1088 777 1234 818 quinque
1246 779 1336 810 libris
1348 782 1500 821 repperi;
1514 781 1666 822 fiai-isque.
1687 782 1772 813 Tor·

1088 834 1173 858 rent.
1197 830 1364 870 Fugisque]
1388 831 1440 862 Ad
1457 841 1585 862 coenam
1601 832 1748 864 festinas.

1129 878 1170 906 36
1194 877 1320 907 Milvius
1337 882 1365 908 et
1378 879 1507 918 και-να]
1531 881 1619 911 Fieri
1635 881 1768 922 quidem

1088 930 1212 965 potest,
1228 930 1263 956 ut
1280 927 1410 958 Milvius
1432 937 1556 958 scurrae
1581 938 1698 960 nomen
1713 930 1769 970 sit,

1088 973 1128 1004 ab
1163 983 1223 1004 ave
1248 975 1460 1014 rapacissima
1487 981 1640 1007 sumtum.
1683 979 1768 1010 Fue-

1087 1027 1161 1054 rant
1176 1027 1287 1054 autem
1310 1023 1430 1054 hicum
1457 1024 1598 1056 Horatio
1620 1031 1767 1057 coenatu-

1089 1071 1135 1109 ri;
1158 1081 1239 1112 quos
1256 1082 1274 1102 a
1290 1073 1480 1104 Maecenate
1495 1073 1668 1110 invitatus,
1682 1075 1769 1106 iunia

1087 1121 1191 1151 multa
1225 1121 1457 1161 imprecantes,
1491 1122 1683 1163 reliquerat,
1710 1133 1770 1155 suo

1087 1173 1165 1199 tunc
1202 1169 1349 1200 victuros
1393 1179 1502 1202 succo.
1540 1170 1678 1204 Tar-rent.
1722 1173 1769 1204 Ec

1084 1226 1197 1248 scurroe
1214 1218 1285 1257 tibi]
1312 1219 1466 1259 Parasiti,
1482 1220 1538 1260 qui
1561 1225 1658 1251 erant
1679 1220 1768 1261 apud

1086 1270 1118 1295 te
1135 1267 1306 1298 coenaturi.
1337 1267 1522 1308 Referenda]
1545 1269 1655 1300 Multa
1670 1270 1767 1301 mala.

1126 1318 1164 1346 37
1190 1316 1311 1347 Etenim
1319 1316 1439 1356 fateor]
1462 1318 1547 1349 Davi
1561 1323 1638 1349 sunt
1653 1319 1767 1359 verba,

1085 1374 1148 1395 non
1175 1365 1317 1396 Horatii.
1361 1366 1492 1397 Dixerit
1510 1366 1576 1406 ille]
1598 1366 1705 1399 Vetus
1720 1368 1768 1398 io-

1085 1414 1195 1444 cutio:
1221 1423 1281 1453 pro
1305 1415 1428 1446 dixerit
1449 1414 1590 1446 fortasse
1607 1415 1736 1457 aliquis,
1749 1417 1768 1446 ὁ

1084 1463 1179 1502 δεῖνα,
1205 1463 1253 1494 uti
1276 1463 1456 1504 loquuntur
1481 1464 1603 1496 Graeci.
1629 1465 1768 1497 Torreat.

1086 1511 1159 1551 Ille]
1182 1511 1312 1552 Aliqu1s
1328 1513 1460 1544 dixerit.

1126 1563 1166 1590 38
1189 1561 1272 1591 Daci
1299 1563 1417 1602 ventre]
1440 1563 1496 1592 Me
1522 1563 1629 1594 ventri
1657 1555 1774 1594 indui-¹

1085 1617 1175 1646 gere.
1219 1609 1337 1639 Nasum
1346 1610 1451 1640 nidore
1460 1611 1598 1652 supinor]
1621 1612 1676 1643 Sic
1691 1622 1766 1643 nos-

1086 1656 1129 1686 tri
1157 1665 1283 1695 omnes,
1309 1666 1373 1687 non
1402 1658 1521 1697 supino.-
1544 1659 1766 1700 adscriptum-

1086 1714 1150 1745 que
1167 1705 1199 1735 iu
1217 1714 1299 1736 uno:
1324 1709 1332 1722 ¹
1347 1711 1382 1736 ut
1397 1705 1509 1737 farere
1524 1707 1701 1739 odorantes
1715 1719 1766 1740 so-

1086 1753 1178 1784 ient.’
1204 1754 1342 1785 Tor-rent.
1386 1755 1503 1785 Nasum
1511 1755 1616 1787 nidore
1628 1757 1768 1798 κηρίνων]

1086 1802 1212 1833 Nasum
1238 1802 1344 1833 liabeo
1373 1803 1526 1843 supinum
1561 1805 1601 1834 ad
1631 1814 1767 1837 suavem

1082 1853 1217 1883 odoi-em
1234 1852 1359 1884 obsonii
1377 1854 1640 1893 percipiendum.

1124 1904 1164 1932 39
1189 1902 1273 1937 Quid
1303 1902 1364 1942 vis]
1402 1902 1579 1934 Lambinus
1615 1908 1709 1935 reete
1736 1905 1766 1935 ei

1081 1952 1198 1991 quidvis
1227 1952 1391 1982 edendum
1421 1952 1574 1991 censuit3
1598 1958 1650 1984 est
1679 1953 1764 1984 enim

1083 2005 1177 2030 vetus
1196 2000 1388 2040 scriptura3
1412 2005 1447 2032 et
1463 2010 1535 2031 ineo
1559 2001 1690 2042 quidem
1707 2002 1766 2042 ju·

1081 2048 1182 2083 dicio,
1194 2049 1358 2087 particula
1373 2049 1400 2079 si
1415 2049 1585 2089 abundum
1607 2055 1644 2081 ut
1655 2051 1766 2091 Epod.

1082 2106 1106 2129 1.
1135 2099 1144 2114 ‘
1161 2097 1250 2129 Quid
1276 2107 1335 2128 nos
1361 2098 1479 2138 quibus
1507 2104 1541 2130 te
1566 2099 1636 2131 vita
1659 2100 1687 2130 si
1711 2109 1766 2132 su-

1082 2146 1224 2185 perstite
1235 2146 1256 2175 ?'
1277 2147 1287 2163 ‘
1305 2147 1493 2185 Popinones
1506 2146 1514 2159 ’
1530 2152 1654 2187 autem,
1675 2152 1763 2180 teste

1082 2193 1203 2231 Nonio,
1226 2194 1277 2223 vel
1301 2194 1363 2233 ipsi
1390 2195 1572 2225 tabernarii
1596 2201 1687 2233 nunt,
1710 2197 1763 2228 vel

1081 2241 1136 2280 qui
1152 2251 1188 2271 se
1203 2245 1290 2271 totos
1314 2242 1443 2281 popinis
1467 2241 1604 2273 dedunt.
1622 2243 1763 2276 Torreat.

1081 2289 1215 2329 Popino]
1238 2289 1441 2328 Popinarum
1458 2294 1597 2321 amator.

1121 2341 1162 2368 40
1188 2338 1248 2378 Τιι]
1273 2338 1377 2369 Here.
1401 2338 1485 2378 Ego]
1517 2339 1638 2371 Servus
1667 2340 1763 2373 nimi-

1081 2398 1161 2418 rum.

1121 2439 1159 2468 41
1185 2437 1349 2477 [insectere]
1374 2437 1533 2468 Debesne
1548 2438 1762 2470 me'inseeta-

1081 2487 1130 2517 ri?
1159 2487 1321 2527 Verbisque
1345 2485 1473 2526 decoris]
1494 2486 1676 2518 Vocabulis
1696 2487 1762 2519 vir-

1080 2536 1161 2566 tutis
1176 2535 1289 2566 vitium
1306 2540 1395 2566 tuum
1411 2535 1526 2575 tegas?

1121 2587 1162 2615 42
1186 2584 1318 2615 Stultior
1345 2584 1423 2624 ipse]
1453 2583 1517 2614 Alii
1546 2583 1611 2623 leg.
1637 2584 1761 2615 είκαίω-

1079 2634 1152 2673 ipso.

1120 2684 1160 2712 43
1184 2682 1295 2722 Auser]
1318 2682 1396 2713 Noli
1412 2692 1462 2712 nie
1477 2683 1570 2714 vultu
1586 2687 1724 2714 terrere.

1120 2735 1160 2762 44
1175 2731 1424 2771 stomachumque
1435 2731 1550 2772 teneto]
1574 2731 1660 2762 Iram
1670 2740 1756 2763 eo·-

1082 2789 1199 2820 prime.
