1916 3262
447 294 655 326 ironam
691 293 964 339 0ARM¹NUM
1002 295 1098 324 ma.
1131 295 1184 325 ιι.
1215 285 1285 326 18.

140 388 223 423 Ουε
247 398 356 422 xvnt.
380 389 596 432 Παραινετικὴ,
621 388 642 426 ᾖ
665 388 841 427 ὑποθετική.

183 441 238 473 Re
253 441 347 473 tenui
371 451 408 473 se
433 444 633 472 contentum
659 438 757 478 dicit,
783 438 841 471 ubi

183 493 242 525 alii
270 492 518 535 cupiditatibus
547 489 617 522 suis
648 495 685 522 et
711 489 842 522 divitiis

185 544 338 582 student,
352 548 389 577 et
404 543 531 576 nullum
547 541 755 582 aedificandi‚
769 541 842 573 nul-

184 595 254 627 lum
280 594 434 636 rapiendi
449 592 583 638 modum
597 590 744 632 faciunt,
759 591 846 623 nihil

183 645 228 678 de
258 651 368 678 morte
397 644 596 686 cogitantes.
645 642 846 684 [Bamberg.

186 696 241 728 Aa
274 695 410 728 Varum:
440 695 478 726 de
506 692 700 725 continentia
725 692 846 734 scribit,

187 751 219 779 et
243 749 458 788 paupertatem
482 754 570 776 suam
598 743 738 775 omnibus
763 743 846 777 divi-

181 796 240 828 tiis
258 795 419 836 proeserri,
443 795 572 834 culpans
595 803 659 834 eos,
684 793 738 834 qui
757 792 847 823 obliti

181 845 284 877 brevis
306 845 383 876 vitoe
414 844 642 885 cupiditatibus
667 847 698 875 et
724 843 849 874 divitiis

176 894 356 934 indulgent.
412 894 480 926 Alii
503 893 607 926 codd.
637 904 695 936 ap.
723 894 847 930 Jaeck‚

179 944 407 986 AdAvurum-]

182 996 200 1025 1
225 995 299 1026 Non
314 995 403 1036 ebur]
427 994 551 1036 Neque
567 993 768 1031 eburneum,
787 1003 847 1025 ne·

137 1055 204 1089 que
221 1055 362 1078 aureum
385 1047 529 1078 lacunar
550 1045 700 1085 renidet,
719 1045 753 1077 id
779 1051 847 1086 est,

139 1095 340 1136 resplendet
356 1097 389 1128 in
406 1096 507 1128 domo
523 1106 612 1128 mea.

182 1147 204 1176 2
229 1143 381 1187 Renidet]
407 1146 462 1178 An
487 1147 624 1188 proprie
646 1146 656 1164 ‘
670 1145 851 1178 renidere’

138 1194 182 1226 de
199 1196 333 1227 homine
350 1197 498 1238 dicatur,
514 1198 563 1229 uti
577 1202 613 1229 et
628 1197 638 1215 ‘
653 1196 790 1236 ridere:
806 1207 848 1229 ac

139 1255 204 1286 per
221 1247 480 1279 translationem
502 1248 607 1279 etiam
623 1247 667 1278 dc
682 1247 784 1279 rebus
799 1247 849 1279 in-

138 1297 317 1336 animatis,
353 1308 416 1339 pro
453 1299 651 1340 splendere,
680 1298 861 1330 incertum.

138 1351 214 1379 est..
249 1347 434 1379 Lambinus
450 1347 658 1378 hilaritatem
674 1347 847 1387 quandam

137 1406 210 1437 prae
227 1405 265 1427 se
278 1396 371 1427 ferre
387 1396 421 1427 id
440 1396 643 1427 vocabulum
661 1397 722 1435 ait,
738 1400 773 1426 et
797 1400 845 1426 ta·

135 1455 215 1477 men
230 1446 274 1477 de
295 1445 492 1477 inanimatis
516 1446 655 1487 proprie
671 1444 846 1486 dicijudi-

135 1500 206 1528 cat.
249 1495 410 1537 Lacunar]
427 1495 584 1527 Isidorus
600 1495 689 1527 inter
704 1495 846 1528 aedifici·

137 1556 235 1579 orum
251 1551 450 1578 venustates
475 1550 647 1578 tectorum
669 1555 752 1578 auro
775 1546 845 1578 dis-

137 1595 248 1628 tincta
269 1596 442 1638 laquearia
458 1600 494 1627 et
512 1595 654 1637 pretiosi
671 1596 846 1628 marmoris

136 1651 270 1680 crustas
296 1652 334 1679 et
358 1647 509 1679 colorum
538 1646 691 1687 picturas
707 1657 846 1680 enume-

134 1702 204 1730 rat.
247 1697 356 1730 Addit
372 1707 392 1729 a
404 1696 626 1728 similitudine
642 1697 736 1729 lacus
751 1697 820 1729 dici
836 1709 844 1729 :

135 1749 283 1791 hincque
317 1749 558 1780 diminutivum
590 1749 721 1780 lacunar
756 1748 845 1789 fieri,

136 1799 229 1840 unde
247 1805 285 1831 et
306 1799 512 1834 lacunarium,
534 1801 570 1829 et
592 1807 653 1838 per
681 1797 847 1829 Antistoe-

138 1850 225 1880 chon
247 1849 258 1866 ‘
274 1846 512 1889 laquearium!
549 1846 693 1878 Turrem.
746 1847 846 1888 [Fea,

138 1898 267 1938 Bothe,
280 1901 316 1929 et
327 1897 449 1932 Jaeck,
466 1895 586 1936 domm]

181 1950 202 1979 3
228 1946 345 1979 Trabes
362 1943 554 1989 Hymettiae]
573 1946 744 1987 Hymettii
762 1955 849 1977 mar-

139 1997 254 2031 moi-is.
297 1997 479 2038 Significat
497 2006 578 2037 ergo
602 1996 767 2028 Horatius
791 2006 847 2028 co-

136 2047 260 2080 lumnis
283 2056 327 2078 ex
343 2046 464 2078 Africa
488 2047 604 2077 trabes
631 2045 770 2078 Atticas
785 2046 846 2077 im-

136 2097 280 2138 positas.
326 2097 416 2130 Plin.
434 2105 567 2129 xxxvi.
583 2099 614 2130 7.
639 2097 795 2128 Turneb.
808 2106 844 2129 x.

136 2151 192 2180 22.
211 2148 353 2180 Torreat.
400 2147 595 2189 Hymettioe]
611 2146 740 2179 Trabes
758 2157 846 2178 mar-

137 2207 278 2235 moreae,
303 2207 371 2229 non
398 2197 535 2239 ligneae,
561 2206 605 2228 ex
629 2201 745 2229 monte
773 2196 846 2238 Hy·

136 2252 247 2279 metto
263 2248 398 2290 petitae,
415 2257 492 2292 quae
513 2257 557 2278 ex
571 2251 766 2279 transverso
789 2254 845 2279 co-

137 2297 263 2330 lumnis
278 2297 615 2339 superimponuntur.

180 2349 202 2378 4
229 2348 351 2380 Ultima
365 2348 481 2379 recisas
497 2346 628 2388 Africa]
646 2347 847 2379 Numidicas

139 2397 309 2439 intelligo.
334 2396 500 2430 Numidia
514 2397 603 2428 enim
620 2401 747 2436 praeter
759 2405 847 2428 mar-

140 2446 244 2478 moris
260 2445 432 2478 Numidici
455 2444 672 2487 ferarumque
699 2455 844 2486 proven-

142 2500 230 2536 tum,
245 2495 327 2527 nihil
344 2495 432 2527 aliud
447 2495 554 2526 babet
569 2494 711 2536 insigne.
760 2496 846 2528 Ulti-

141 2555 194 2577 πια
209 2550 322 2578 autem
336 2545 450 2583 Africa
470 2546 568 2586 dicit,
590 2556 655 2587 quo
680 2547 845 2588 majorem

142 2597 260 2628 luxum
276 2596 466 2637 significet3
490 2606 566 2627 nam
586 2606 652 2638 quo
668 2599 846 2639 remotius,

140 2656 183 2678 eo
199 2650 236 2677 et
251 2646 446 2686 pretiosius.
467 2645 608 2677 Tor-rent.
659 2646 782 2678 Ultima
796 2657 845 2680 re.

141 2696 237 2738 cim]
251 2696 291 2728 In
309 2696 485 2736 Numidia,
501 2706 578 2738 quae
591 2700 645 2728 est
660 2705 738 2736 pars
755 2696 847 2729 Afri-

143 2756 194 2778 cae
210 2746 366 2787 interior,
376 2746 435 2778 ubi
450 2746 536 2787 lapis
551 2750 626 2778 erat
641 2746 791 2788 optimus
804 2745 847 2779 ad

146 2797 335 2829 columnas.

186 2850 205 2878 5
232 2847 342 2887 Neque
358 2846 480 2887 Attali]
504 2846 627 2889 Neque
644 2846 775 2887 fraude,
790 2850 850 2880 aut

231 2900 347 2942 Delph.
359 2904 388 2933 et
407 2901 480 2933 ναν.
498 2901 584 2935 Clas.

819 2902 937 2935 Horat.

1489 289 1603 330 1425

895 387 990 420 malis
1003 387 1134 420 artibus
1147 388 1346 429 cujusquam
1362 388 1601 424 haereditatem

895 438 1105 480 expugnavi,
1128 438 1235 470 veluti
1257 440 1302 471 P.
1323 440 1420 471 Rom.
1435 440 1492 481 qui
1513 441 1602 481 juris

894 489 1111 531 simulatione
1128 488 1240 521 Attali
1257 489 1400 530 regiam,
1415 489 1450 520 id
1474 496 1539 531 est,
1553 501 1605 522 re-

896 539 970 581 gias
983 549 1068 581 opes
1081 539 1147 572 sibi
1164 538 1372 571 vendicavit.
1419 540 1531 581 Neque
1542 542 1605 573 At-

896 590 973 631 tuli]
987 589 1125 622 Attalus
1141 594 1370 631 cognomento
1382 590 1606 625 Philometor.

898 641 975 673 Nec
990 644 1106 687 tamen
1118 641 1173 672 hic
1191 650 1272 682 pop.
1290 641 1478 674 Romanum
1494 643 1606 674 notari

899 690 1107 723 crediderim
1131 691 1218 733 (non
1239 691 1328 723 enim
1353 692 1480 731 ignotus
1506 693 1606 724 hoeres

900 746 994 773 recte
1005 741 1198 781 vocabitur,
1207 752 1306 784 quem
1317 751 1439 784 graves
1453 742 1498 774 ob
1509 753 1606 775 caus-

901 801 954 823 sas
965 796 1112 824 testator
1122 791 1290 833 instituit)
1299 792 1359 824 sed
1371 792 1606 825 Andronicum

901 842 1026 883 potius,
1042 843 1100 884 qui
1125 847 1202 884 post
1227 846 1371 874 mortem
1390 842 1513 883 Attali,
1528 844 1607 875 stir-

902 893 954 933 pis
970 893 1074 934 regiae
1088 893 1254 925 mentitus
1266 893 1446 935 originem,
1463 903 1605 934 regnum

901 943 983 974 illud
1002 948 1245 985 occupaverat.
1271 944 1415 976 Torrent.

943 997 965 1025 6
992 995 1120 1034 Ignotus
1133 995 1248 1036 hoeres]
1263 994 1340 1025 Non
1354 993 1525 1034 legitimus
1539 995 1606 1026 hae-

902 1054 970 1085 res,
984 1045 1044 1078 sed
1061 1045 1265 1087 peregrinus
1281 1049 1318 1077 et
1332 1045 1412 1076 dolo
1432 1045 1520 1077 malo
1535 1045 1606 1077 fac-

901 1101 967 1128 tus.

943 1149 963 1177 7
988 1147 1056 1178 Nec
1070 1146 1242 1178 Laconicas
1255 1144 1350 1186 mihi]
1367 1146 1442 1178 Nec
1454 1146 1608 1177 honestae

901 1196 1038 1236 vicinae,
1075 1206 1226 1228 meorum
1257 1197 1434 1228 clientium
1471 1206 1608 1233 uxores,

903 1247 997 1278 lanas
1012 1247 1091 1279 mibi
1107 1252 1192 1279 nent
1209 1257 1410 1288 purpureas,
1426 1257 1468 1278 ex
1488 1247 1608 1288 quibus

901 1298 1026 1330 faciam
1039 1303 1165 1334 vestes,
1175 1308 1279 1339 quum
1294 1298 1532 1339 magistratum
1550 1298 1610 1330 ob-

900 1349 1074 1380 tinuerim.
1119 1348 1219 1379 Circa
1234 1349 1403 1379 'renatum
1428 1348 1608 1379 Laconicae

902 1398 1048 1436 regionis
1070 1397 1339 1437 promontorium
1354 1397 1491 1437 capitur
1503 1397 1608 1438 piscis

899 1447 1039 1487 Mmex,
1049 1456 1092 1478 ex
1104 1447 1202 1487 cujus
1215 1446 1356 1478 humore
1367 1445 1408 1478 fit
1421 1447 1515 1478 color
1528 1457 1609 1487 pur-

901 1506 1038 1538 pureus.
1082 1495 1267 1537 Laconicas]
1291 1496 1457 1538 Purpuras
1476 1497 1609 1528 Laconi-

899 1557 951 1578 cas
966 1556 1052 1578 nove
1067 1546 1156 1578 dixit
1173 1555 1236 1587 pro
1252 1546 1349 1587 lanis,
1370 1556 1448 1588 quae
1464 1547 1507 1578 ad
1532 1557 1610 1588 pre-

901 1598 1063 1629 tiosarum
1103 1607 1197 1629 usum
1235 1597 1379 1629 vestium
1432 1598 1608 1631 Laconica

902 1658 1055 1689 purpura
1081 1647 1333 1680 imbuebantur.
1367 1647 1458 1680 Plin.
1476 1658 1531 1681 ix.
1555 1652 1609 1681 36.

904 1698 1048 1730 Torreat.

943 1751 964 1779 8
989 1747 1139 1788 Clientae]
1162 1749 1300 1780 Vetusti
1316 1748 1453 1780 codices
1472 1748 1611 1780 Clientes

901 1797 1040 1829 habent.
1097 1798 1154 1829 Sic
1171 1803 1206 1828 et
1229 1799 1239 1815 ‘
1256 1798 1390 1839 hospita
1404 1797 1413 1810 '
1436 1802 1472 1829 et
1494 1798 1503 1815 ‘
1522 1798 1610 1829 anti·

903 1846 1006 1878 stita'
1023 1847 1145 1887 optimi
1163 1852 1322 1879 auctores
1334 1847 1452 1879 dixere
1467 1858 1475 1886 ;
1491 1857 1610 1889 quam-

903 1906 1004 1938 quam
1020 1898 1029 1914 ‘
1042 1897 1167 1938 hospes
1178 1897 1186 1910 '
1212 1901 1249 1929 et
1270 1898 1280 1915 ⁴
1295 1897 1464 1937 antistes‚’
1479 1901 1517 1928 ut
1531 1898 1612 1929 ‘cli-

903 1946 983 1978 ens'
1008 1957 1144 1989 quoque
1159 1947 1295 1988 generis
1318 1947 1505 1979 communis
1529 1947 1610 1990 sint.

902 1996 981 2028 Mos
1003 2001 1118 2030 autem
1135 2002 1302 2034 veterum,
1323 1996 1516 2030 domestico
1538 2008 1612 2029 mu-

901 2047 1023 2078 lierum
1037 2047 1185 2079 lanificio
1202 2046 1278 2079 fere
1294 2047 1337 2079 ad
1357 2049 1517 2080 vestitum
1534 2049 1585 2081 uti
1601 2060 1609 2079 :

902 2097 1034 2138 copiam
1053 2107 1132 2129 vero
1157 2097 1331 2139 significat
1356 2103 1460 2139 atque
1482 2099 1611 2136 luxum,

902 2147 960 2178 ubi
975 2157 1039 2179 uon
1058 2147 1323 2179 domesticarum
1336 2152 1483 2185 tantum,
1497 2149 1557 2180 sed
1574 2153 1611 2180 et

900 2196 1113 2238 libertarum,
1137 2193 1412 2239 clientarumque
1428 2203 1611 2240 quantum-

902 2246 952 2278 vis
968 2247 1121 2279 honestae
1138 2248 1218 2284 sint,
1234 2257 1350 2289 operae
1364 2249 1557 2290 exigantur,
1573 2254 1611 2280 ut

900 2297 1038 2329 honestoe
1063 2306 1186 2338 nempe
1215 2302 1328 2336 vocet,
1355 2298 1478 2339 quibus
1501 2299 1610 2330 honor

901 2349 1079 2381 debeatur.
1103 2349 1245 2381 Torreat.
1291 2349 1455 2390 [Guelph.
1470 2359 1611 2391 purpura

901 2400 1030 2431 clientes
1039 2410 1053 2435 ;
1077 2399 1262 2440 Bamberg.
1280 2400 1381 2431 etiam
1398 2399 1554 2439 clientes]

943 2452 964 2479 9
987 2449 1124 2490 Atfides
1139 2452 1171 2480 et
1185 2448 1309 2488 ing-eni]
1342 2450 1524 2480 Damnatis
1547 2459 1608 2490 per

902 2499 1158 2530 contentionem
1188 2498 1335 2530 fortunae
1372 2499 1484 2538 bonis,
1518 2508 1609 2529 nunc

902 2548 963 2588 ait,
980 2557 1016 2579 se
1042 2548 1137 2579 bonis
1163 2547 1266 2578 animi
1291 2548 1452 2588 gaudere,
1466 2551 1610 2588 praeter-

901 2607 968 2639 que
1000 2606 1096 2628 usum
1129 2606 1242 2628 rerum
1277 2596 1507 2635 moderatum,
1543 2606 1607 2628 nee

900 2648 1007 2683 Deos,
1024 2656 1087 2678 nec
1109 2647 1236 2678 amicos
1261 2646 1405 2687 amplius
1429 2646 1508 2688 quid
1533 2657 1607 2689 pos.

901 2706 991 2730 cere.
1016 2697 1111 2737 Cruq.

944 2750 985 2779 10
1010 2747 1157 2786 Benigne
1171 2756 1251 2778 vena
1276 2747 1338 2788 est]
1360 2745 1407 2779 At
1433 2746 1528 2787 larga
1552 2751 1608 2779 est

903 2797 1030 2839 ingenii
1044 2806 1142 2829 vena.
1187 2798 1344 2838 Metaph.
1361 2796 1466 2829 dueta
1488 2807 1507 2828 a
1531 2798 1606 2829 Me-

904 2848 1006 2890 tallis,
1022 2848 1076 2880 vel
1091 2841 1405 2891 fontibus,quorum
1421 2857 1517 2879 venae
1531 2848 1605 2879 aliae

1444 2901 1520 2934 4x
