<?xml version="1.0" encoding="UTF-8"?>
<!DOCTYPE html PUBLIC "-//W3C//DTD XHTML 1.0 Transitional//EN"
    "http://www.w3.org/TR/xhtml1/DTD/xhtml1-transitional.dtd">
<html xmlns="http://www.w3.org/1999/xhtml" xml:lang="en" lang="en">
 <head>
  <title>
</title>
<meta http-equiv="Content-Type" content="text/html;charset=utf-8" />
  <meta name='ocr-system' content='tesseract 3.04.00' />
  <meta name='ocr-capabilities' content='ocr_page ocr_carea ocr_par ocr_line ocrx_word'/>
</head>
<body>
  <div class='ocr_page' id='page_1' title='image "./operazeune03horauoft/operazeune03horauoft_0416.png"; bbox 0 0 1930 3204; ppageno 0'>
   <div class='ocr_carea' id='block_1_1' title="bbox 384 275 492 318">
    <p class='ocr_par' dir='ltr' id='par_1_1' title="bbox 384 275 492 318">
     <span class='ocr_line' id='line_1_1' title="bbox 384 275 492 318; baseline 0 -1"><span class='ocrx_word' id='word_1_1' title='bbox 384 275 492 318; x_wconf 78' lang='lat'>1562</span> 
     </span>
    </p>
   </div>
   <div class='ocr_carea' id='block_1_2' title="bbox 373 376 1061 2117">
    <p class='ocr_par' dir='ltr' id='par_1_2' title="bbox 379 376 1061 611">
     <span class='ocr_line' id='line_1_2' title="bbox 380 376 1061 418; baseline 0.003 -10"><span class='ocrx_word' id='word_1_2' title='bbox 380 377 553 418; x_wconf 72' lang='lat' dir='ltr'>magnifice</span> <span class='ocrx_word' id='word_1_3' title='bbox 573 376 719 408; x_wconf 75' lang='lat' dir='ltr'>dixeram</span> <span class='ocrx_word' id='word_1_4' title='bbox 744 380 779 407; x_wconf 88' lang='lat' dir='ltr'>te</span> <span class='ocrx_word' id='word_1_5' title='bbox 804 377 925 417; x_wconf 82' lang='lat' dir='ltr'>palam,</span> <span class='ocrx_word' id='word_1_6' title='bbox 948 377 981 409; x_wconf 88' lang='lat' dir='ltr'>id</span> <span class='ocrx_word' id='word_1_7' title='bbox 997 382 1061 414; x_wconf 89' lang='lat' dir='ltr'>est,</span> 
     </span>
     <span class='ocr_line' id='line_1_3' title="bbox 380 425 1060 467; baseline 0.003 -11"><span class='ocrx_word' id='word_1_8' title='bbox 380 435 490 458; x_wconf 83' lang='lat' dir='ltr'>coram</span> <span class='ocrx_word' id='word_1_9' title='bbox 513 430 546 457; x_wconf 91' lang='lat' dir='ltr'>te</span> <span class='ocrx_word' id='word_1_10' title='bbox 571 435 590 456; x_wconf 93' lang='lat' dir='ltr'>o</span> <span class='ocrx_word' id='word_1_11' title='bbox 614 426 718 456; x_wconf 89' lang='lat' dir='ltr'>Petti.</span> <span class='ocrx_word' id='word_1_12' title='bbox 762 425 987 467; x_wconf 79' lang='lat' dir='ltr'>Laudaveram]</span> <span class='ocrx_word' id='word_1_13' title='bbox 1019 427 1060 458; x_wconf 91' lang='lat' dir='ltr'>Id</span> 
     </span>
     <span class='ocr_line' id='line_1_4' title="bbox 379 474 1060 515; baseline 0.001 -10"><span class='ocrx_word' id='word_1_14' title='bbox 379 474 616 515; x_wconf 87' lang='lat' dir='ltr'>est,jactando</span> <span class='ocrx_word' id='word_1_15' title='bbox 630 474 791 512; x_wconf 81' lang='lat' dir='ltr'><strong>dixeram,</strong></span> <span class='ocrx_word' id='word_1_16' title='bbox 804 475 941 514; x_wconf 81' lang='lat' dir='ltr'>perinde</span> <span class='ocrx_word' id='word_1_17' title='bbox 957 486 996 506; x_wconf 81' lang='lat' dir='ltr'>ac</span> <span class='ocrx_word' id='word_1_18' title='bbox 1011 485 1060 506; x_wconf 85' lang='lat' dir='ltr'>se-</span> 
     </span>
     <span class='ocr_line' id='line_1_5' title="bbox 379 522 1061 555; baseline 0 -2"><span class='ocrx_word' id='word_1_19' title='bbox 379 532 477 554; x_wconf 86' lang='lat' dir='ltr'>verus</span> <span class='ocrx_word' id='word_1_20' title='bbox 506 528 539 553; x_wconf 88' lang='lat' dir='ltr'>et</span> <span class='ocrx_word' id='word_1_21' title='bbox 576 522 685 552; x_wconf 84' lang='lat' dir='ltr'>fortis.</span> <span class='ocrx_word' id='word_1_22' title='bbox 729 522 816 554; x_wconf 84' lang='lat' dir='ltr'><strong>Vide</strong></span> <span class='ocrx_word' id='word_1_23' title='bbox 842 523 931 555; x_wconf 86' lang='lat' dir='ltr'>Gell.</span> <span class='ocrx_word' id='word_1_24' title='bbox 963 533 1003 555; x_wconf 85' lang='lat'>11.</span> <span class='ocrx_word' id='word_1_25' title='bbox 1031 528 1061 555; x_wconf 83' lang='lat'>6.</span> 
     </span>
     <span class='ocr_line' id='line_1_6' title="bbox 379 570 930 611; baseline 0 -9"><span class='ocrx_word' id='word_1_26' title='bbox 379 570 573 610; x_wconf 83' lang='lat' dir='ltr'>[Bamberg.</span> <span class='ocrx_word' id='word_1_27' title='bbox 591 574 744 608; x_wconf 70' lang='lat' dir='ltr'>commu,</span> <span class='ocrx_word' id='word_1_28' title='bbox 761 581 780 602; x_wconf 92' lang='lat' dir='ltr'>e</span> <span class='ocrx_word' id='word_1_29' title='bbox 793 571 930 611; x_wconf 63' lang='lat' dir='ltr'>glossa]</span> 
     </span>
    </p>

    <p class='ocr_par' dir='ltr' id='par_1_3' title="bbox 420 619 843 659">
     <span class='ocr_line' id='line_1_7' title="bbox 420 619 843 659; baseline 0 -8"><span class='ocrx_word' id='word_1_30' title='bbox 420 623 462 651; x_wconf 82' lang='grc'>20</span> <span class='ocrx_word' id='word_1_31' title='bbox 481 619 606 658; x_wconf 79' lang='lat' dir='ltr'>Jussus]</span> <span class='ocrx_word' id='word_1_32' title='bbox 628 619 656 650; x_wconf 89' lang='lat' dir='ltr'>A</span> <span class='ocrx_word' id='word_1_33' title='bbox 675 625 707 650; x_wconf 87' lang='lat' dir='ltr'>te</span> <span class='ocrx_word' id='word_1_34' title='bbox 717 619 843 659; x_wconf 86' lang='lat' dir='ltr'>jussus.</span> 
     </span>
    </p>

    <p class='ocr_par' dir='ltr' id='par_1_4' title="bbox 373 668 1060 1135">
     <span class='ocr_line' id='line_1_8' title="bbox 419 668 1059 708; baseline 0 -9"><span class='ocrx_word' id='word_1_35' title='bbox 419 671 460 699; x_wconf 83' lang='lat'>80</span> <span class='ocrx_word' id='word_1_36' title='bbox 483 668 606 698; x_wconf 79' lang='lat' dir='ltr'>Incerto</span> <span class='ocrx_word' id='word_1_37' title='bbox 616 668 705 708; x_wconf 82' lang='lat' dir='ltr'>pede]</span> <span class='ocrx_word' id='word_1_38' title='bbox 729 668 861 699; x_wconf 86' lang='lat' dir='ltr'>Pettius</span> <span class='ocrx_word' id='word_1_39' title='bbox 872 669 958 699; x_wconf 87' lang='lat' dir='ltr'>enim</span> <span class='ocrx_word' id='word_1_40' title='bbox 970 669 1059 699; x_wconf 88' lang='lat' dir='ltr'>abire</span> 
     </span>
     <span class='ocr_line' id='line_1_9' title="bbox 378 716 1058 757; baseline 0 -10"><span class='ocrx_word' id='word_1_41' title='bbox 378 716 524 755; x_wconf 85' lang='lat' dir='ltr'>domum,</span> <span class='ocrx_word' id='word_1_42' title='bbox 537 726 576 747; x_wconf 81' lang='lat' dir='ltr'>ac</span> <span class='ocrx_word' id='word_1_43' title='bbox 589 716 761 757; x_wconf 80' lang='lat' dir='ltr'>quiescere</span> <span class='ocrx_word' id='word_1_44' title='bbox 772 717 933 757; x_wconf 82' lang='lat' dir='ltr'>jusserat,</span> <span class='ocrx_word' id='word_1_45' title='bbox 945 726 981 748; x_wconf 85' lang='lat' dir='ltr'>nt</span> <span class='ocrx_word' id='word_1_46' title='bbox 992 727 1058 748; x_wconf 91' lang='lat' dir='ltr'>mo-</span> 
     </span>
     <span class='ocr_line' id='line_1_10' title="bbox 378 764 1058 805; baseline -0.001 -9"><span class='ocrx_word' id='word_1_47' title='bbox 378 775 459 796; x_wconf 87' lang='lat' dir='ltr'>nere</span> <span class='ocrx_word' id='word_1_48' title='bbox 474 765 570 796; x_wconf 86' lang='lat' dir='ltr'>amici</span> <span class='ocrx_word' id='word_1_49' title='bbox 586 765 704 796; x_wconf 84' lang='lat' dir='ltr'>solent.</span> <span class='ocrx_word' id='word_1_50' title='bbox 751 764 796 796; x_wconf 87' lang='lat' dir='ltr'>At</span> <span class='ocrx_word' id='word_1_51' title='bbox 811 765 882 805; x_wconf 87' lang='lat' dir='ltr'>ipse</span> <span class='ocrx_word' id='word_1_52' title='bbox 903 766 956 796; x_wconf 85' lang='lat' dir='ltr'>vel</span> <span class='ocrx_word' id='word_1_53' title='bbox 976 766 1058 796; x_wconf 91' lang='lat' dir='ltr'>invi-</span> 
     </span>
     <span class='ocr_line' id='line_1_11' title="bbox 377 812 1059 854; baseline 0 -10"><span class='ocrx_word' id='word_1_54' title='bbox 377 816 430 844; x_wconf 88' lang='lat' dir='ltr'>tus</span> <span class='ocrx_word' id='word_1_55' title='bbox 445 813 510 844; x_wconf 90' lang='lat' dir='ltr'>alio</span> <span class='ocrx_word' id='word_1_56' title='bbox 531 813 739 852; x_wconf 83' lang='lat' dir='ltr'>trahebatur,</span> <span class='ocrx_word' id='word_1_57' title='bbox 761 812 804 844; x_wconf 81' lang='lat' dir='ltr'>ut&#39;</span> <span class='ocrx_word' id='word_1_58' title='bbox 813 814 946 854; x_wconf 85' lang='lat' dir='ltr'>egregie</span> <span class='ocrx_word' id='word_1_59' title='bbox 966 814 1007 844; x_wconf 88' lang='lat' dir='ltr'>de</span> <span class='ocrx_word' id='word_1_60' title='bbox 1023 823 1059 844; x_wconf 89' lang='lat' dir='ltr'>se</span> 
     </span>
     <span class='ocr_line' id='line_1_12' title="bbox 376 861 1058 902; baseline 0.001 -10"><span class='ocrx_word' id='word_1_61' title='bbox 376 861 497 893; x_wconf 77' lang='lat' dir='ltr'>Tibull.</span> <span class='ocrx_word' id='word_1_62' title='bbox 541 862 550 878; x_wconf 93' lang='lat'>‘</span> <span class='ocrx_word' id='word_1_63' title='bbox 566 861 683 893; x_wconf 87' lang='lat' dir='ltr'>Juravi</span> <span class='ocrx_word' id='word_1_64' title='bbox 713 863 844 902; x_wconf 84' lang='lat' dir='ltr'>quoties</span> <span class='ocrx_word' id='word_1_65' title='bbox 878 862 1058 893; x_wconf 87' lang='lat' dir='ltr'>rediturum</span> 
     </span>
     <span class='ocr_line' id='line_1_13' title="bbox 377 910 1060 951; baseline 0.001 -10"><span class='ocrx_word' id='word_1_66' title='bbox 377 910 420 941; x_wconf 87' lang='lat' dir='ltr'>ad</span> <span class='ocrx_word' id='word_1_67' title='bbox 445 910 558 942; x_wconf 90' lang='lat' dir='ltr'>limina</span> <span class='ocrx_word' id='word_1_68' title='bbox 581 913 763 951; x_wconf 87' lang='lat' dir='ltr'>nunqnam!</span> <span class='ocrx_word' id='word_1_69' title='bbox 805 912 888 942; x_wconf 90' lang='lat' dir='ltr'>Cum</span> <span class='ocrx_word' id='word_1_70' title='bbox 906 911 989 942; x_wconf 86' lang='lat' dir='ltr'>bene</span> <span class='ocrx_word' id='word_1_71' title='bbox 1007 912 1060 951; x_wconf 90' lang='lat' dir='ltr'>ju-</span> 
     </span>
     <span class='ocr_line' id='line_1_14' title="bbox 376 959 1060 999; baseline 0 -9"><span class='ocrx_word' id='word_1_72' title='bbox 376 959 460 999; x_wconf 85' lang='lat' dir='ltr'>ravi,</span> <span class='ocrx_word' id='word_1_73' title='bbox 485 969 544 999; x_wconf 98' lang='lat' dir='ltr'>pes</span> <span class='ocrx_word' id='word_1_74' title='bbox 562 963 671 990; x_wconf 87' lang='lat' dir='ltr'>tamen</span> <span class='ocrx_word' id='word_1_75' title='bbox 696 959 767 999; x_wconf 87' lang='lat' dir='ltr'>ipse</span> <span class='ocrx_word' id='word_1_76' title='bbox 785 960 895 991; x_wconf 89' lang='lat' dir='ltr'>redit.&#39;</span> <span class='ocrx_word' id='word_1_77' title='bbox 939 961 1060 991; x_wconf 72' lang='lat' dir='ltr'>Incerto</span> 
     </span>
     <span class='ocr_line' id='line_1_15' title="bbox 373 1007 1058 1048; baseline 0 -10"><span class='ocrx_word' id='word_1_78' title='bbox 373 1007 463 1047; x_wconf 78' lang='lat' dir='ltr'>pede]</span> <span class='ocrx_word' id='word_1_79' title='bbox 484 1008 639 1038; x_wconf 76' lang='lat' dir='ltr'>Incertus</span> <span class='ocrx_word' id='word_1_80' title='bbox 666 1017 731 1048; x_wconf 88' lang='lat' dir='ltr'>quo</span> <span class='ocrx_word' id='word_1_81' title='bbox 748 1008 828 1039; x_wconf 85' lang='lat' dir='ltr'>irem</span> <span class='ocrx_word' id='word_1_82' title='bbox 845 1008 966 1048; x_wconf 72' lang='lat' dir='ltr'>quidve</span> <span class='ocrx_word' id='word_1_83' title='bbox 983 1018 1058 1047; x_wconf 84' lang='lat' dir='ltr'>age-</span> 
     </span>
     <span class='ocr_line' id='line_1_16' title="bbox 377 1055 1059 1096; baseline 0 -10"><span class='ocrx_word' id='word_1_84' title='bbox 377 1065 460 1095; x_wconf 87' lang='lat' dir='ltr'>rem,</span> <span class='ocrx_word' id='word_1_85' title='bbox 477 1055 606 1087; x_wconf 86' lang='lat' dir='ltr'>ferebat</span> <span class='ocrx_word' id='word_1_86' title='bbox 621 1056 661 1086; x_wconf 90' lang='lat' dir='ltr'>ad</span> <span class='ocrx_word' id='word_1_87' title='bbox 685 1061 811 1095; x_wconf 90' lang='lat' dir='ltr'>postes,</span> <span class='ocrx_word' id='word_1_88' title='bbox 836 1056 870 1086; x_wconf 90' lang='lat' dir='ltr'>id</span> <span class='ocrx_word' id='word_1_89' title='bbox 895 1060 960 1096; x_wconf 85' lang='lat' dir='ltr'>est,</span> <span class='ocrx_word' id='word_1_90' title='bbox 986 1055 1059 1086; x_wconf 90' lang='lat' dir='ltr'>Ina-</span> 
     </span>
     <span class='ocr_line' id='line_1_17' title="bbox 375 1103 836 1135; baseline 0 0"><span class='ocrx_word' id='word_1_91' title='bbox 375 1104 460 1135; x_wconf 81' lang='lat' dir='ltr'>cltiae</span> <span class='ocrx_word' id='word_1_92' title='bbox 477 1103 565 1135; x_wconf 70' lang='lat' dir='ltr'>a‘des</span> <span class='ocrx_word' id='word_1_93' title='bbox 581 1104 660 1135; x_wconf 88' lang='lat' dir='ltr'>mihi</span> <span class='ocrx_word' id='word_1_94' title='bbox 677 1104 836 1135; x_wconf 83' lang='lat' dir='ltr'>inimicas.</span> 
     </span>
    </p>

    <p class='ocr_par' dir='ltr' id='par_1_5' title="bbox 376 1152 1058 1242">
     <span class='ocr_line' id='line_1_18' title="bbox 418 1152 1058 1192; baseline 0.003 -10"><span class='ocrx_word' id='word_1_95' title='bbox 418 1154 457 1182; x_wconf 87' lang='grc'>31</span> <span class='ocrx_word' id='word_1_96' title='bbox 485 1152 604 1183; x_wconf 78' lang='lat' dir='ltr'>Posteia</span> <span class='ocrx_word' id='word_1_97' title='bbox 617 1156 646 1183; x_wconf 74' lang='lat' dir='ltr'>et</span> <span class='ocrx_word' id='word_1_98' title='bbox 662 1152 734 1192; x_wconf 80' lang='lat' dir='ltr'>heu]</span> <span class='ocrx_word' id='word_1_99' title='bbox 758 1152 915 1192; x_wconf 83' lang='lat' dir='ltr'>Optimus</span> <span class='ocrx_word' id='word_1_100' title='bbox 941 1153 1058 1192; x_wconf 88' lang='lat' dir='ltr'>codex,</span> 
     </span>
     <span class='ocr_line' id='line_1_19' title="bbox 376 1201 817 1242; baseline 0.002 -11"><span class='ocrx_word' id='word_1_101' title='bbox 376 1201 494 1237; x_wconf 78' lang='lat' dir='ltr'>Postes,</span> <span class='ocrx_word' id='word_1_102' title='bbox 509 1201 595 1242; x_wconf 76' lang='lat' dir='ltr'>eheu,</span> <span class='ocrx_word' id='word_1_103' title='bbox 611 1201 696 1232; x_wconf 87' lang='lat' dir='ltr'>alter</span> <span class='ocrx_word' id='word_1_104' title='bbox 711 1202 817 1232; x_wconf 81' lang='lat' dir='ltr'>heheu.</span> 
     </span>
    </p>

    <p class='ocr_par' dir='ltr' id='par_1_6' title="bbox 376 1250 1059 1388">
     <span class='ocr_line' id='line_1_20' title="bbox 416 1250 1059 1291; baseline 0.003 -10"><span class='ocrx_word' id='word_1_105' title='bbox 416 1253 459 1281; x_wconf 81' lang='lat'>32</span> <span class='ocrx_word' id='word_1_106' title='bbox 481 1250 605 1282; x_wconf 78' lang='lat' dir='ltr'><strong><em>Limina</em></strong></span> <span class='ocrx_word' id='word_1_107' title='bbox 615 1250 707 1289; x_wconf 82' lang='lat' dir='ltr'>dura]</span> <span class='ocrx_word' id='word_1_108' title='bbox 730 1250 783 1282; x_wconf 91' lang='lat' dir='ltr'>Ad</span> <span class='ocrx_word' id='word_1_109' title='bbox 798 1251 880 1282; x_wconf 87' lang='lat' dir='ltr'>dura</span> <span class='ocrx_word' id='word_1_110' title='bbox 895 1251 966 1291; x_wconf 89' lang='lat' dir='ltr'>ejus</span> <span class='ocrx_word' id='word_1_111' title='bbox 986 1260 1059 1283; x_wconf 78' lang='lat' dir='ltr'>ves-</span> 
     </span>
     <span class='ocr_line' id='line_1_21' title="bbox 376 1299 1058 1341; baseline 0.003 -11"><span class='ocrx_word' id='word_1_112' title='bbox 376 1299 494 1339; x_wconf 87' lang='lat' dir='ltr'>tibula,</span> <span class='ocrx_word' id='word_1_113' title='bbox 507 1309 606 1339; x_wconf 84' lang='lat' dir='ltr'>super</span> <span class='ocrx_word' id='word_1_114' title='bbox 619 1309 693 1341; x_wconf 82' lang='lat' dir='ltr'>quae</span> <span class='ocrx_word' id='word_1_115' title='bbox 701 1300 859 1340; x_wconf 81' lang='lat' dir='ltr'>jacebam</span> <span class='ocrx_word' id='word_1_116' title='bbox 881 1305 967 1332; x_wconf 87' lang='lat' dir='ltr'>totas</span> <span class='ocrx_word' id='word_1_117' title='bbox 981 1310 1058 1332; x_wconf 90' lang='lat' dir='ltr'>noc-</span> 
     </span>
     <span class='ocr_line' id='line_1_22' title="bbox 376 1348 749 1388; baseline -0.003 -9"><span class='ocrx_word' id='word_1_118' title='bbox 376 1352 438 1380; x_wconf 86' lang='lat' dir='ltr'>tes.</span> <span class='ocrx_word' id='word_1_119' title='bbox 479 1348 639 1388; x_wconf 76' lang='lat' dir='ltr'>[Guelpli.</span> <span class='ocrx_word' id='word_1_120' title='bbox 655 1348 749 1388; x_wconf 70' lang='lat' dir='ltr'>dim]</span> 
     </span>
    </p>

    <p class='ocr_par' dir='ltr' id='par_1_7' title="bbox 373 1397 1059 1632">
     <span class='ocr_line' id='line_1_23' title="bbox 417 1397 1058 1438; baseline 0 -10"><span class='ocrx_word' id='word_1_121' title='bbox 417 1400 457 1428; x_wconf 77' lang='lat'>33</span> <span class='ocrx_word' id='word_1_122' title='bbox 494 1397 618 1436; x_wconf 79' lang='lat' dir='ltr'>Infregi</span> <span class='ocrx_word' id='word_1_123' title='bbox 645 1397 741 1437; x_wconf 77' lang='lat' dir='ltr'>latus]</span> <span class='ocrx_word' id='word_1_124' title='bbox 779 1397 854 1428; x_wconf 86' lang='lat' dir='ltr'>Hoc</span> <span class='ocrx_word' id='word_1_125' title='bbox 884 1401 947 1437; x_wconf 89' lang='lat' dir='ltr'>est,</span> <span class='ocrx_word' id='word_1_126' title='bbox 971 1398 1058 1438; x_wconf 85' lang='lat' dir='ltr'>qnod</span> 
     </span>
     <span class='ocr_line' id='line_1_24' title="bbox 375 1446 1058 1487; baseline -0.001 -10"><span class='ocrx_word' id='word_1_127' title='bbox 375 1446 475 1487; x_wconf 82' lang='lat' dir='ltr'>paulo</span> <span class='ocrx_word' id='word_1_128' title='bbox 501 1450 580 1476; x_wconf 90' lang='lat' dir='ltr'>ante</span> <span class='ocrx_word' id='word_1_129' title='bbox 602 1447 724 1483; x_wconf 90' lang='lat' dir='ltr'>monui,</span> <span class='ocrx_word' id='word_1_130' title='bbox 748 1446 780 1475; x_wconf 80' lang='lat' dir='ltr'>in</span> <span class='ocrx_word' id='word_1_131' title='bbox 800 1455 891 1485; x_wconf 83' lang='lat' dir='ltr'>saepe</span> <span class='ocrx_word' id='word_1_132' title='bbox 916 1446 1058 1484; x_wconf 79' lang='lat' dir='ltr'>epitasin</span> 
     </span>
     <span class='ocr_line' id='line_1_25' title="bbox 375 1494 1059 1535; baseline -0.001 -8"><span class='ocrx_word' id='word_1_133' title='bbox 375 1505 468 1535; x_wconf 86' lang='lat' dir='ltr'>esse;</span> <span class='ocrx_word' id='word_1_134' title='bbox 484 1501 521 1527; x_wconf 90' lang='lat' dir='ltr'>nt</span> <span class='ocrx_word' id='word_1_135' title='bbox 537 1495 626 1535; x_wconf 92' lang='lat' dir='ltr'>apud</span> <span class='ocrx_word' id='word_1_136' title='bbox 641 1495 735 1534; x_wconf 80' lang='lat' dir='ltr'>Virg.</span> <span class='ocrx_word' id='word_1_137' title='bbox 746 1494 877 1525; x_wconf 82' lang='lat' dir='ltr'>AEncid.</span> <span class='ocrx_word' id='word_1_138' title='bbox 890 1503 942 1525; x_wconf 84' lang='lat' dir='ltr'>vr.</span> <span class='ocrx_word' id='word_1_139' title='bbox 963 1497 972 1513; x_wconf 81' lang='lat'>⁸</span> <span class='ocrx_word' id='word_1_140' title='bbox 986 1496 1059 1526; x_wconf 89' lang='lat' dir='ltr'>Nec</span> 
     </span>
     <span class='ocr_line' id='line_1_26' title="bbox 373 1542 1058 1584; baseline -0.001 -9"><span class='ocrx_word' id='word_1_141' title='bbox 373 1544 468 1576; x_wconf 80' lang='lat' dir='ltr'>Jovis</span> <span class='ocrx_word' id='word_1_142' title='bbox 483 1543 621 1584; x_wconf 90' lang='lat' dir='ltr'>imperio</span> <span class='ocrx_word' id='word_1_143' title='bbox 645 1543 764 1574; x_wconf 77' lang='lat' dir='ltr'>fatisve</span> <span class='ocrx_word' id='word_1_144' title='bbox 785 1542 930 1574; x_wconf 86' lang='lat' dir='ltr'>infracta</span> <span class='ocrx_word' id='word_1_145' title='bbox 950 1543 1058 1584; x_wconf 87' lang='lat' dir='ltr'>quies-</span> 
     </span>
     <span class='ocr_line' id='line_1_27' title="bbox 374 1591 822 1632; baseline -0.004 -8"><span class='ocrx_word' id='word_1_146' title='bbox 374 1592 444 1624; x_wconf 63' lang='lat' dir='ltr'>cit!</span> <span class='ocrx_word' id='word_1_147' title='bbox 488 1591 822 1632; x_wconf 54' lang='lat' dir='ltr'>[Guelphdnfregitj</span> 
     </span>
    </p>

    <p class='ocr_par' dir='ltr' id='par_1_8' title="bbox 374 1639 1059 1819">
     <span class='ocr_line' id='line_1_28' title="bbox 408 1639 1059 1679; baseline -0.002 -7"><span class='ocrx_word' id='word_1_148' title='bbox 408 1644 449 1672; x_wconf 73' lang='lat'>3⁴</span> <span class='ocrx_word' id='word_1_149' title='bbox 467 1642 557 1672; x_wconf 77' lang='lat' dir='ltr'>Nunc</span> <span class='ocrx_word' id='word_1_150' title='bbox 565 1639 748 1679; x_wconf 68' lang='lat' dir='ltr'>gloriantis]</span> <span class='ocrx_word' id='word_1_151' title='bbox 760 1639 855 1670; x_wconf 90' lang='lat' dir='ltr'>Ordo</span> <span class='ocrx_word' id='word_1_152' title='bbox 871 1644 942 1670; x_wconf 80' lang='lat' dir='ltr'>eat:</span> <span class='ocrx_word' id='word_1_153' title='bbox 960 1640 1059 1671; x_wconf 91' lang='lat' dir='ltr'>Nunc</span> 
     </span>
     <span class='ocr_line' id='line_1_29' title="bbox 374 1688 1059 1728; baseline -0.003 -8"><span class='ocrx_word' id='word_1_154' title='bbox 374 1699 468 1720; x_wconf 85' lang='lat' dir='ltr'>amor</span> <span class='ocrx_word' id='word_1_155' title='bbox 504 1688 631 1728; x_wconf 81' lang='lat' dir='ltr'>Lycisci</span> <span class='ocrx_word' id='word_1_156' title='bbox 663 1688 833 1728; x_wconf 80' lang='lat' dir='ltr'>gloriantis</span> <span class='ocrx_word' id='word_1_157' title='bbox 861 1696 895 1718; x_wconf 84' lang='lat' dir='ltr'>se</span> <span class='ocrx_word' id='word_1_158' title='bbox 925 1688 1059 1719; x_wconf 88' lang='lat' dir='ltr'>vincere</span> 
     </span>
     <span class='ocr_line' id='line_1_30' title="bbox 374 1737 1058 1779; baseline -0.001 -10"><span class='ocrx_word' id='word_1_159' title='bbox 374 1739 515 1769; x_wconf 89' lang='lat' dir='ltr'>mollitia</span> <span class='ocrx_word' id='word_1_160' title='bbox 535 1737 719 1779; x_wconf 78' lang='lat' dir='ltr'>quamlibet</span> <span class='ocrx_word' id='word_1_161' title='bbox 742 1737 983 1778; x_wconf 81' lang='lat' dir='ltr'>mulierculam,</span> <span class='ocrx_word' id='word_1_162' title='bbox 1005 1746 1058 1768; x_wconf 86' lang='lat' dir='ltr'>me</span> 
     </span>
     <span class='ocr_line' id='line_1_31' title="bbox 375 1792 481 1819; baseline 0.009 -1"><span class='ocrx_word' id='word_1_163' title='bbox 375 1792 481 1819; x_wconf 90' lang='lat' dir='ltr'>tenet.</span> 
     </span>
    </p>

    <p class='ocr_par' dir='ltr' id='par_1_9' title="bbox 374 1836 1056 1974">
     <span class='ocr_line' id='line_1_32' title="bbox 417 1836 1056 1878; baseline -0.003 -9"><span class='ocrx_word' id='word_1_164' title='bbox 417 1841 457 1869; x_wconf 77' lang='lat'>3⁷</span> <span class='ocrx_word' id='word_1_165' title='bbox 485 1839 573 1869; x_wconf 82' lang='lat' dir='ltr'>Unde</span> <span class='ocrx_word' id='word_1_166' title='bbox 604 1836 760 1878; x_wconf 80' lang='lat' dir='ltr'>expedire]</span> <span class='ocrx_word' id='word_1_167' title='bbox 796 1837 827 1868; x_wconf 88' lang='lat' dir='ltr'>A</span> <span class='ocrx_word' id='word_1_168' title='bbox 855 1847 921 1878; x_wconf 89' lang='lat' dir='ltr'>quo</span> <span class='ocrx_word' id='word_1_169' title='bbox 944 1846 1056 1868; x_wconf 85' lang='lat' dir='ltr'>amore</span> 
     </span>
     <span class='ocr_line' id='line_1_33' title="bbox 374 1885 1056 1926; baseline -0.003 -8"><span class='ocrx_word' id='word_1_170' title='bbox 374 1896 427 1918; x_wconf 89' lang='lat' dir='ltr'>me</span> <span class='ocrx_word' id='word_1_171' title='bbox 443 1887 621 1925; x_wconf 75' lang='lat' dir='ltr'>extricare,</span> <span class='ocrx_word' id='word_1_172' title='bbox 635 1889 698 1917; x_wconf 88' lang='lat' dir='ltr'>&amp;c.</span> <span class='ocrx_word' id='word_1_173' title='bbox 725 1885 836 1925; x_wconf 82' lang='lat' dir='ltr'>[Unde</span> <span class='ocrx_word' id='word_1_174' title='bbox 845 1896 892 1917; x_wconf 83' lang='lat' dir='ltr'>me</span> <span class='ocrx_word' id='word_1_175' title='bbox 902 1886 1056 1926; x_wconf 79' lang='lat' dir='ltr'>expedire,</span> 
     </span>
     <span class='ocr_line' id='line_1_34' title="bbox 374 1933 837 1974; baseline -0.002 -9"><span class='ocrx_word' id='word_1_176' title='bbox 374 1935 445 1965; x_wconf 89' lang='lat' dir='ltr'>sine</span> <span class='ocrx_word' id='word_1_177' title='bbox 460 1945 531 1974; x_wconf 81' lang='lat' dir='ltr'>non,</span> <span class='ocrx_word' id='word_1_178' title='bbox 543 1933 771 1966; x_wconf 85' lang='lat' dir='ltr'>Schoenborn.</span> <span class='ocrx_word' id='word_1_179' title='bbox 787 1934 837 1973; x_wconf 85' lang='lat'>2.]</span> 
     </span>
    </p>

    <p class='ocr_par' dir='ltr' id='par_1_10' title="bbox 373 1982 1059 2063">
     <span class='ocr_line' id='line_1_35' title="bbox 417 1982 1059 2023; baseline -0.003 -8"><span class='ocrx_word' id='word_1_180' title='bbox 417 1987 459 2015; x_wconf 76' lang='grc'>38</span> <span class='ocrx_word' id='word_1_181' title='bbox 479 1984 592 2015; x_wconf 81' lang='lat' dir='ltr'>Libera</span> <span class='ocrx_word' id='word_1_182' title='bbox 603 1983 746 2023; x_wconf 78' lang='lat' dir='ltr'>consilia]</span> <span class='ocrx_word' id='word_1_183' title='bbox 769 1982 915 2014; x_wconf 78' lang='lat' dir='ltr'>Consilia</span> <span class='ocrx_word' id='word_1_184' title='bbox 930 1991 1008 2014; x_wconf 87' lang='lat' dir='ltr'>vera</span> <span class='ocrx_word' id='word_1_185' title='bbox 1024 1986 1059 2014; x_wconf 91' lang='lat' dir='ltr'>et</span> 
     </span>
     <span class='ocr_line' id='line_1_36' title="bbox 373 2031 752 2063; baseline -0.005 0"><span class='ocrx_word' id='word_1_186' title='bbox 373 2032 417 2063; x_wconf 85' lang='lat' dir='ltr'>ab</span> <span class='ocrx_word' id='word_1_187' title='bbox 432 2032 623 2063; x_wconf 76' lang='lat' dir='ltr'>adulatione</span> <span class='ocrx_word' id='word_1_188' title='bbox 638 2031 752 2062; x_wconf 79' lang='lat' dir='ltr'>libera.</span> 
     </span>
    </p>

    <p class='ocr_par' dir='ltr' id='par_1_11' title="bbox 415 2077 1058 2117">
     <span class='ocr_line' id='line_1_37' title="bbox 415 2077 1058 2117; baseline -0.002 -8"><span class='ocrx_word' id='word_1_189' title='bbox 415 2082 457 2110; x_wconf 76' lang='lat'>89</span> <span class='ocrx_word' id='word_1_190' title='bbox 482 2079 678 2109; x_wconf 71' lang='lat' dir='ltr'>Contumelia</span> <span class='ocrx_word' id='word_1_191' title='bbox 701 2077 827 2117; x_wconf 66' lang='lat' dir='ltr'>graves]</span> <span class='ocrx_word' id='word_1_192' title='bbox 851 2078 926 2108; x_wconf 85' lang='lat' dir='ltr'>Non</span> <span class='ocrx_word' id='word_1_193' title='bbox 947 2078 1058 2117; x_wconf 87' lang='lat' dir='ltr'>objur-</span> 
     </span>
    </p>
   </div>
   <div class='ocr_carea' id='block_1_3' title="bbox 372 2126 1060 2168">
    <p class='ocr_par' dir='ltr' id='par_1_12' title="bbox 372 2126 1060 2168">
     <span class='ocr_line' id='line_1_38' title="bbox 372 2126 1060 2168; baseline -0.006 -9"><span class='ocrx_word' id='word_1_194' title='bbox 372 2128 539 2168; x_wconf 77' lang='lat' dir='ltr'>gationes,</span> <span class='ocrx_word' id='word_1_195' title='bbox 567 2128 620 2157; x_wconf 79' lang='lat' dir='ltr'>vel</span> <span class='ocrx_word' id='word_1_196' title='bbox 648 2127 775 2165; x_wconf 85' lang='lat' dir='ltr'>injuriae</span> <span class='ocrx_word' id='word_1_197' title='bbox 803 2126 845 2156; x_wconf 89' lang='lat' dir='ltr'>ab</span> <span class='ocrx_word' id='word_1_198' title='bbox 867 2126 975 2156; x_wconf 89' lang='lat' dir='ltr'>amica</span> <span class='ocrx_word' id='word_1_199' title='bbox 1007 2134 1060 2156; x_wconf 84' lang='lat' dir='ltr'>ac-</span> 
     </span>
    </p>
   </div>
   <div class='ocr_carea' id='block_1_4' title="bbox 374 2180 1058 2262">
    <p class='ocr_par' dir='ltr' id='par_1_13' title="bbox 374 2180 1058 2262">
     <span class='ocr_line' id='line_1_39' title="bbox 374 2180 1058 2262; baseline -0.007 -6"><span class='ocrx_word' id='word_1_200' title='bbox 374 2180 541 2256; x_wconf 42' lang='lat' dir='ltr'>ceggaessed</span> <span class='ocrx_word' id='word_1_201' title='bbox 555 2223 649 2262; x_wconf 80' lang='lat' dir='ltr'>alius]</span> <span class='ocrx_word' id='word_1_202' title='bbox 664 2222 730 2254; x_wconf 88' lang='lat' dir='ltr'>Sed</span> <span class='ocrx_word' id='word_1_203' title='bbox 747 2222 828 2252; x_wconf 82' lang='lat' dir='ltr'>alins</span> <span class='ocrx_word' id='word_1_204' title='bbox 842 2230 943 2252; x_wconf 84' lang='lat' dir='ltr'>amor.</span> <span class='ocrx_word' id='word_1_205' title='bbox 957 2220 1058 2252; x_wconf 86' lang='lat' dir='ltr'>Ovid.</span> 
     </span>
    </p>
   </div>
   <div class='ocr_carea' id='block_1_5' title="bbox 371 2269 1061 2305">
    <p class='ocr_par' dir='ltr' id='par_1_14' title="bbox 371 2269 1061 2305">
     <span class='ocr_line' id='line_1_40' title="bbox 371 2269 1061 2305; baseline -0.009 0"><span class='ocrx_word' id='word_1_206' title='bbox 371 2274 380 2292; x_wconf 80' lang='lat'><strong><em>⁴</em></strong></span> <span class='ocrx_word' id='word_1_207' title='bbox 389 2274 590 2305; x_wconf 82' lang='lat' dir='ltr'>Successore</span> <span class='ocrx_word' id='word_1_208' title='bbox 600 2281 685 2302; x_wconf 72' lang='lat' dir='ltr'>novo</span> <span class='ocrx_word' id='word_1_209' title='bbox 697 2271 824 2302; x_wconf 88' lang='lat' dir='ltr'>tollitur</span> <span class='ocrx_word' id='word_1_210' title='bbox 833 2270 937 2300; x_wconf 85' lang='lat' dir='ltr'>omnis</span> <span class='ocrx_word' id='word_1_211' title='bbox 946 2269 1061 2300; x_wconf 60' lang='lat' dir='ltr'>amor?</span> 
     </span>
    </p>
   </div>
   <div class='ocr_carea' id='block_1_6' title="bbox 371 2318 1058 2796">
    <p class='ocr_par' dir='ltr' id='par_1_15' title="bbox 371 2318 1058 2604">
     <span class='ocr_line' id='line_1_41' title="bbox 372 2318 1057 2360; baseline -0.012 -5"><span class='ocrx_word' id='word_1_212' title='bbox 372 2323 464 2355; x_wconf 77' lang='lat' dir='ltr'>Alius</span> <span class='ocrx_word' id='word_1_213' title='bbox 477 2321 583 2360; x_wconf 77' lang='lat' dir='ltr'>ardor]</span> <span class='ocrx_word' id='word_1_214' title='bbox 609 2321 682 2351; x_wconf 84' lang='lat' dir='ltr'>Hoc</span> <span class='ocrx_word' id='word_1_215' title='bbox 695 2319 845 2350; x_wconf 88' lang='lat' dir='ltr'>nimirum</span> <span class='ocrx_word' id='word_1_216' title='bbox 858 2322 911 2349; x_wconf 86' lang='lat' dir='ltr'>est</span> <span class='ocrx_word' id='word_1_217' title='bbox 925 2318 1057 2348; x_wconf 88' lang='lat' dir='ltr'>clavum</span> 
     </span>
     <span class='ocr_line' id='line_1_42' title="bbox 373 2365 1058 2410; baseline -0.01 -8"><span class='ocrx_word' id='word_1_218' title='bbox 373 2371 471 2402; x_wconf 82' lang='lat' dir='ltr'>clavo</span> <span class='ocrx_word' id='word_1_219' title='bbox 487 2370 621 2410; x_wconf 84' lang='lat' dir='ltr'>pellere,</span> <span class='ocrx_word' id='word_1_220' title='bbox 649 2377 688 2398; x_wconf 78' lang='lat' dir='ltr'>ac</span> <span class='ocrx_word' id='word_1_221' title='bbox 716 2367 834 2398; x_wconf 86' lang='lat' dir='ltr'>malum</span> <span class='ocrx_word' id='word_1_222' title='bbox 857 2366 943 2396; x_wconf 88' lang='lat' dir='ltr'>malo</span> <span class='ocrx_word' id='word_1_223' title='bbox 957 2365 1058 2396; x_wconf 89' lang='lat' dir='ltr'>medi·</span> 
     </span>
     <span class='ocr_line' id='line_1_43' title="bbox 374 2415 1053 2457; baseline -0.009 -7"><span class='ocrx_word' id='word_1_224' title='bbox 374 2419 465 2457; x_wconf 86' lang='lat' dir='ltr'>cari;</span> <span class='ocrx_word' id='word_1_225' title='bbox 500 2422 548 2456; x_wconf 86' lang='lat' dir='ltr'>nt,</span> <span class='ocrx_word' id='word_1_226' title='bbox 573 2417 661 2457; x_wconf 92' lang='lat' dir='ltr'>quod</span> <span class='ocrx_word' id='word_1_227' title='bbox 689 2416 764 2446; x_wconf 85' lang='lat' dir='ltr'>alibi</span> <span class='ocrx_word' id='word_1_228' title='bbox 791 2416 838 2446; x_wconf 85' lang='lat' dir='ltr'>ait</span> <span class='ocrx_word' id='word_1_229' title='bbox 867 2415 1053 2446; x_wconf 81' lang='lat' dir='ltr'>Horatius:</span> 
     </span>
     <span class='ocr_line' id='line_1_44' title="bbox 371 2461 1057 2498; baseline -0.006 0"><span class='ocrx_word' id='word_1_230' title='bbox 371 2468 380 2483; x_wconf 89' lang='lat'>‘</span> <span class='ocrx_word' id='word_1_231' title='bbox 395 2468 557 2498; x_wconf 88' lang='lat' dir='ltr'>Emoveat</span> <span class='ocrx_word' id='word_1_232' title='bbox 582 2470 727 2496; x_wconf 88' lang='lat' dir='ltr'>veterem</span> <span class='ocrx_word' id='word_1_233' title='bbox 755 2464 905 2494; x_wconf 88' lang='lat' dir='ltr'>morbum</span> <span class='ocrx_word' id='word_1_234' title='bbox 928 2461 1057 2494; x_wconf 74' lang='lat' dir='ltr'>novus-⁹</span> 
     </span>
     <span class='ocr_line' id='line_1_45' title="bbox 374 2511 1056 2552; baseline -0.009 -5"><span class='ocrx_word' id='word_1_235' title='bbox 374 2517 496 2546; x_wconf 88' lang='lat' dir='ltr'>Parum</span> <span class='ocrx_word' id='word_1_236' title='bbox 519 2519 629 2545; x_wconf 88' lang='lat' dir='ltr'>tamen</span> <span class='ocrx_word' id='word_1_237' title='bbox 658 2513 800 2543; x_wconf 90' lang='lat' dir='ltr'>interest</span> <span class='ocrx_word' id='word_1_238' title='bbox 825 2521 891 2552; x_wconf 89' lang='lat' dir='ltr'>qno</span> <span class='ocrx_word' id='word_1_239' title='bbox 917 2511 1056 2552; x_wconf 86' lang='lat' dir='ltr'>quisque</span> 
     </span>
     <span class='ocr_line' id='line_1_46' title="bbox 373 2561 910 2604; baseline -0.004 -10"><span class='ocrx_word' id='word_1_240' title='bbox 373 2564 507 2604; x_wconf 81' lang='lat' dir='ltr'>gurgite</span> <span class='ocrx_word' id='word_1_241' title='bbox 521 2563 745 2602; x_wconf 81' lang='lat' dir='ltr'>demergatur.</span> <span class='ocrx_word' id='word_1_242' title='bbox 772 2561 910 2592; x_wconf 71' lang='lat' dir='ltr'>Tor-rent.</span> 
     </span>
    </p>

    <p class='ocr_par' dir='ltr' id='par_1_16' title="bbox 373 2609 1056 2796">
     <span class='ocr_line' id='line_1_47' title="bbox 413 2609 1056 2651; baseline -0.008 -8"><span class='ocrx_word' id='word_1_243' title='bbox 413 2615 453 2643; x_wconf 73' lang='lat'>41</span> <span class='ocrx_word' id='word_1_244' title='bbox 480 2611 596 2643; x_wconf 77' lang='lat' dir='ltr'>Teretis</span> <span class='ocrx_word' id='word_1_245' title='bbox 617 2611 719 2651; x_wconf 76' lang='lat' dir='ltr'>pueri]</span> <span class='ocrx_word' id='word_1_246' title='bbox 745 2610 820 2642; x_wconf 89' lang='lat' dir='ltr'>Non</span> <span class='ocrx_word' id='word_1_247' title='bbox 846 2610 931 2640; x_wconf 86' lang='lat' dir='ltr'>male</span> <span class='ocrx_word' id='word_1_248' title='bbox 954 2609 1056 2639; x_wconf 87' lang='lat' dir='ltr'>inter-</span> 
     </span>
     <span class='ocr_line' id='line_1_48' title="bbox 375 2658 1055 2700; baseline -0.006 -9"><span class='ocrx_word' id='word_1_249' title='bbox 375 2669 464 2700; x_wconf 86' lang='lat' dir='ltr'>pres,</span> <span class='ocrx_word' id='word_1_250' title='bbox 488 2661 520 2691; x_wconf 87' lang='lat' dir='ltr'>id</span> <span class='ocrx_word' id='word_1_251' title='bbox 537 2665 600 2699; x_wconf 82' lang='lat' dir='ltr'>est,</span> <span class='ocrx_word' id='word_1_252' title='bbox 614 2659 755 2695; x_wconf 78' lang='lat' dir='ltr'>chesnii,</span> <span class='ocrx_word' id='word_1_253' title='bbox 770 2668 869 2690; x_wconf 85' lang='lat' dir='ltr'>succo</span> <span class='ocrx_word' id='word_1_254' title='bbox 886 2658 989 2698; x_wconf 89' lang='lat' dir='ltr'>pleni,</span> <span class='ocrx_word' id='word_1_255' title='bbox 1004 2666 1055 2687; x_wconf 85' lang='lat' dir='ltr'>sn-</span> 
     </span>
     <span class='ocr_line' id='line_1_49' title="bbox 375 2706 1055 2740; baseline -0.003 -2"><span class='ocrx_word' id='word_1_256' title='bbox 375 2717 428 2739; x_wconf 87' lang='lat' dir='ltr'>ras</span> <span class='ocrx_word' id='word_1_257' title='bbox 442 2709 594 2740; x_wconf 84' lang='lat' dir='ltr'>habentis</span> <span class='ocrx_word' id='word_1_258' title='bbox 613 2713 737 2739; x_wconf 78' lang='lat' dir='ltr'>teretes</span> <span class='ocrx_word' id='word_1_259' title='bbox 753 2712 788 2739; x_wconf 89' lang='lat' dir='ltr'>et</span> <span class='ocrx_word' id='word_1_260' title='bbox 803 2707 974 2738; x_wconf 86' lang='lat' dir='ltr'>rotundas.</span> <span class='ocrx_word' id='word_1_261' title='bbox 1000 2706 1055 2736; x_wconf 84' lang='lat' dir='ltr'>Te-</span> 
     </span>
     <span class='ocr_line' id='line_1_50' title="bbox 373 2754 1055 2796; baseline -0.003 -9"><span class='ocrx_word' id='word_1_262' title='bbox 373 2756 449 2787; x_wconf 70' lang='lat' dir='ltr'>retis</span> <span class='ocrx_word' id='word_1_263' title='bbox 461 2757 563 2796; x_wconf 80' lang='lat' dir='ltr'>pueri]</span> <span class='ocrx_word' id='word_1_264' title='bbox 589 2757 753 2788; x_wconf 85' lang='lat' dir='ltr'>Habentis</span> <span class='ocrx_word' id='word_1_265' title='bbox 780 2755 927 2787; x_wconf 86' lang='lat' dir='ltr'>membra</span> <span class='ocrx_word' id='word_1_266' title='bbox 949 2754 1055 2786; x_wconf 81' lang='lat' dir='ltr'>solida</span> 
     </span>
    </p>
   </div>
   <div class='ocr_carea' id='block_1_7' title="bbox 826 286 1339 317">
    <p class='ocr_par' dir='ltr' id='par_1_17' title="bbox 826 286 1339 317">
     <span class='ocr_line' id='line_1_51' title="bbox 826 286 1339 317; baseline 0.004 -2"><span class='ocrx_word' id='word_1_267' title='bbox 826 286 966 316; x_wconf 80' lang='lat' dir='ltr'>NOTAE</span> <span class='ocrx_word' id='word_1_268' title='bbox 1001 286 1255 317; x_wconf 82' lang='lat' dir='ltr'>VARIORUM</span> <span class='ocrx_word' id='word_1_269' title='bbox 1288 287 1339 317; x_wconf 86' lang='lat' dir='ltr'>IN</span> 
     </span>
    </p>
   </div>
   <div class='ocr_carea' id='block_1_8' title="bbox 1107 379 1796 2792">
    <p class='ocr_par' dir='ltr' id='par_1_18' title="bbox 1113 379 1790 420">
     <span class='ocr_line' id='line_1_52' title="bbox 1113 379 1790 420; baseline 0.007 -11"><span class='ocrx_word' id='word_1_270' title='bbox 1113 382 1147 409; x_wconf 91' lang='lat' dir='ltr'>et</span> <span class='ocrx_word' id='word_1_271' title='bbox 1166 379 1258 410; x_wconf 86' lang='lat' dir='ltr'>succi</span> <span class='ocrx_word' id='word_1_272' title='bbox 1282 379 1389 419; x_wconf 84' lang='lat' dir='ltr'>plena.</span> <span class='ocrx_word' id='word_1_273' title='bbox 1431 379 1726 420; x_wconf 66' lang='lat' dir='ltr'>[Schoenborn.&#39;2.</span> <span class='ocrx_word' id='word_1_274' title='bbox 1748 385 1790 414; x_wconf 75' lang='lat' dir='ltr'>te-</span> 
     </span>
    </p>

    <p class='ocr_par' dir='ltr' id='par_1_19' title="bbox 1112 427 1207 468">
     <span class='ocr_line' id='line_1_53' title="bbox 1112 427 1207 468; baseline 0.011 -11"><span class='ocrx_word' id='word_1_275' title='bbox 1112 427 1207 468; x_wconf 75' lang='lat' dir='ltr'>neri-J</span> 
     </span>
    </p>

    <p class='ocr_par' dir='ltr' id='par_1_20' title="bbox 1113 476 1793 652">
     <span class='ocr_line' id='line_1_54' title="bbox 1152 476 1792 517; baseline 0.008 -11"><span class='ocrx_word' id='word_1_276' title='bbox 1152 478 1194 506; x_wconf 84' lang='grc'>42</span> <span class='ocrx_word' id='word_1_277' title='bbox 1219 476 1406 507; x_wconf 65' lang='lat' dir='ltr'>Romaanus</span> <span class='ocrx_word' id='word_1_278' title='bbox 1429 477 1557 517; x_wconf 81' lang='lat' dir='ltr'>comam]</span> <span class='ocrx_word' id='word_1_279' title='bbox 1579 477 1675 509; x_wconf 87' lang='lat' dir='ltr'>Alius</span> <span class='ocrx_word' id='word_1_280' title='bbox 1701 488 1792 511; x_wconf 82' lang='lat' dir='ltr'>amor</span> 
     </span>
     <span class='ocr_line' id='line_1_55' title="bbox 1113 524 1793 565; baseline 0.009 -13"><span class='ocrx_word' id='word_1_281' title='bbox 1113 524 1207 563; x_wconf 82' lang='lat' dir='ltr'>pueri</span> <span class='ocrx_word' id='word_1_282' title='bbox 1237 524 1268 554; x_wconf 89' lang='lat' dir='ltr'>in</span> <span class='ocrx_word' id='word_1_283' title='bbox 1290 525 1409 555; x_wconf 88' lang='lat' dir='ltr'>nodum</span> <span class='ocrx_word' id='word_1_284' title='bbox 1441 525 1630 565; x_wconf 78' lang='lat' dir='ltr'>colligentis</span> <span class='ocrx_word' id='word_1_285' title='bbox 1654 535 1793 558; x_wconf 84' lang='lat' dir='ltr'>comam.</span> 
     </span>
     <span class='ocr_line' id='line_1_56' title="bbox 1113 571 1792 615; baseline 0.003 -11"><span class='ocrx_word' id='word_1_286' title='bbox 1113 572 1209 604; x_wconf 82' lang='lat' dir='ltr'>Quod</span> <span class='ocrx_word' id='word_1_287' title='bbox 1225 571 1398 604; x_wconf 80' lang='lat' dir='ltr'>faciebant</span> <span class='ocrx_word' id='word_1_288' title='bbox 1412 574 1505 613; x_wconf 89' lang='lat' dir='ltr'>pueri</span> <span class='ocrx_word' id='word_1_289' title='bbox 1517 573 1686 615; x_wconf 86' lang='lat' dir='ltr'>impudici.</span> <span class='ocrx_word' id='word_1_290' title='bbox 1705 574 1792 606; x_wconf 83' lang='lat' dir='ltr'>Vide</span> 
     </span>
     <span class='ocr_line' id='line_1_57' title="bbox 1113 620 1310 652; baseline 0 -2"><span class='ocrx_word' id='word_1_291' title='bbox 1113 629 1160 650; x_wconf 83' lang='grc' dir='ltr'>ιν.</span> <span class='ocrx_word' id='word_1_292' title='bbox 1178 620 1243 651; x_wconf 88' lang='lat' dir='ltr'>Od.</span> <span class='ocrx_word' id='word_1_293' title='bbox 1261 624 1310 652; x_wconf 87' lang='grc'>10.</span> 
     </span>
    </p>

    <p class='ocr_par' dir='ltr' id='par_1_21' title="bbox 1114 671 1796 954">
     <span class='ocr_line' id='line_1_58' title="bbox 1114 671 1796 713; baseline 0.007 -13"><span class='ocrx_word' id='word_1_294' title='bbox 1114 671 1225 701; x_wconf 73' lang='lat' dir='ltr'>Eron.</span> <span class='ocrx_word' id='word_1_295' title='bbox 1246 678 1310 702; x_wconf 84' lang='lat' dir='ltr'>xn.</span> <span class='ocrx_word' id='word_1_296' title='bbox 1347 671 1388 702; x_wconf 74' lang='lat' dir='ltr'>IN</span> <span class='ocrx_word' id='word_1_297' title='bbox 1415 680 1519 703; x_wconf 69' lang='lat' dir='ltr'>anum</span> <span class='ocrx_word' id='word_1_298' title='bbox 1545 680 1796 713; x_wconf 63' lang='lat' dir='ltr'>marmanum,</span> 
     </span>
     <span class='ocr_line' id='line_1_59' title="bbox 1155 727 1794 755; baseline 0.005 -5"><span class='ocrx_word' id='word_1_299' title='bbox 1155 727 1235 751; x_wconf 53' lang='grc' dir='ltr'>ουκ</span> <span class='ocrx_word' id='word_1_300' title='bbox 1263 728 1303 750; x_wconf 76' lang='lat' dir='ltr'>sa</span> <span class='ocrx_word' id='word_1_301' title='bbox 1325 728 1372 751; x_wconf 73' lang='grc' dir='ltr'>ΑΒ</span> <span class='ocrx_word' id='word_1_302' title='bbox 1397 729 1441 750; x_wconf 72' lang='lat' dir='ltr'>so</span> <span class='ocrx_word' id='word_1_303' title='bbox 1466 729 1584 752; x_wconf 78' lang='lat' dir='ltr'>summ</span> <span class='ocrx_word' id='word_1_304' title='bbox 1605 729 1794 755; x_wconf 65' lang='lat' dir='ltr'>curtetur.</span> 
     </span>
     <span class='ocr_line' id='line_1_60' title="bbox 1152 766 1794 808; baseline 0.008 -11"><span class='ocrx_word' id='word_1_305' title='bbox 1152 766 1345 808; x_wconf 82' lang='lat' dir='ltr'>[Bamberg.</span> <span class='ocrx_word' id='word_1_306' title='bbox 1376 769 1416 799; x_wconf 84' lang='lat' dir='ltr'>In</span> <span class='ocrx_word' id='word_1_307' title='bbox 1446 770 1624 800; x_wconf 73' lang='lat' dir='ltr'>Gratidiam</span> <span class='ocrx_word' id='word_1_308' title='bbox 1654 779 1794 802; x_wconf 68' lang='lat' dir='ltr'>converso</span> 
     </span>
     <span class='ocr_line' id='line_1_61' title="bbox 1152 817 1793 858; baseline 0.003 -11"><span class='ocrx_word' id='word_1_309' title='bbox 1152 818 1280 848; x_wconf 80' lang='lat' dir='ltr'>nomine.</span> <span class='ocrx_word' id='word_1_310' title='bbox 1322 817 1468 848; x_wconf 67' lang='lat' dir='ltr'>&amp;narius</span> <span class='ocrx_word' id='word_1_311' title='bbox 1487 818 1611 858; x_wconf 64' lang='lat' dir='ltr'>Epio-us,</span> <span class='ocrx_word' id='word_1_312' title='bbox 1625 819 1793 858; x_wconf 70' lang='lat' dir='ltr'>quadratus</span> 
     </span>
     <span class='ocr_line' id='line_1_62' title="bbox 1154 865 1792 906; baseline 0.003 -10"><span class='ocrx_word' id='word_1_313' title='bbox 1154 866 1318 905; x_wconf 70' lang='lat' dir='ltr'>Dactylus,</span> <span class='ocrx_word' id='word_1_314' title='bbox 1333 866 1490 905; x_wconf 84' lang='lat' dir='ltr'>Epodicos.</span> <span class='ocrx_word' id='word_1_315' title='bbox 1535 865 1589 896; x_wconf 91' lang='lat' dir='ltr'>Al.</span> <span class='ocrx_word' id='word_1_316' title='bbox 1603 875 1656 906; x_wconf 82' lang='lat' dir='ltr'>ap.</span> <span class='ocrx_word' id='word_1_317' title='bbox 1670 865 1792 902; x_wconf 63' lang='lat' dir='ltr'>saecla,</span> 
     </span>
     <span class='ocr_line' id='line_1_63' title="bbox 1154 913 1599 954; baseline 0.002 -12"><span class='ocrx_word' id='word_1_318' title='bbox 1154 913 1206 943; x_wconf 80' lang='lat' dir='ltr'>Ad</span> <span class='ocrx_word' id='word_1_319' title='bbox 1218 913 1375 943; x_wconf 77' lang='lat' dir='ltr'>Inachiam</span> <span class='ocrx_word' id='word_1_320' title='bbox 1387 914 1599 954; x_wconf 66' lang='lat' dir='ltr'>meretricem]</span> 
     </span>
    </p>

    <p class='ocr_par' dir='ltr' id='par_1_22' title="bbox 1107 961 1795 2590">
     <span class='ocr_line' id='line_1_64' title="bbox 1156 961 1792 1000; baseline 0.003 -9"><span class='ocrx_word' id='word_1_321' title='bbox 1156 964 1169 991; x_wconf 85' lang='grc'>1</span> <span class='ocrx_word' id='word_1_322' title='bbox 1196 961 1324 1000; x_wconf 82' lang='lat' dir='ltr'>Barris]</span> <span class='ocrx_word' id='word_1_323' title='bbox 1347 961 1449 991; x_wconf 83' lang='lat' dir='ltr'>Turn.</span> <span class='ocrx_word' id='word_1_324' title='bbox 1465 970 1538 992; x_wconf 78' lang='lat' dir='ltr'>xiv.</span> <span class='ocrx_word' id='word_1_325' title='bbox 1552 964 1604 993; x_wconf 79' lang='grc'>20.</span> <span class='ocrx_word' id='word_1_326' title='bbox 1631 962 1771 993; x_wconf 80' lang='lat' dir='ltr'>‘Barros</span> <span class='ocrx_word' id='word_1_327' title='bbox 1784 962 1792 976; x_wconf 84' lang='lat'>¹</span> 
     </span>
     <span class='ocr_line' id='line_1_65' title="bbox 1114 1008 1792 1049; baseline 0.001 -10"><span class='ocrx_word' id='word_1_328' title='bbox 1114 1019 1174 1049; x_wconf 89' lang='lat' dir='ltr'>pro</span> <span class='ocrx_word' id='word_1_329' title='bbox 1190 1018 1254 1039; x_wconf 89' lang='lat' dir='ltr'>non</span> <span class='ocrx_word' id='word_1_330' title='bbox 1269 1009 1404 1048; x_wconf 62' lang='lat' dir='ltr'>optimae</span> <span class='ocrx_word' id='word_1_331' title='bbox 1427 1013 1513 1039; x_wconf 76' lang='lat' dir='ltr'>notae</span> <span class='ocrx_word' id='word_1_332' title='bbox 1533 1008 1792 1040; x_wconf 38' lang='lat' dir='ltr'>heminton-iex-</span> 
     </span>
     <span class='ocr_line' id='line_1_66' title="bbox 1113 1057 1794 1098; baseline 0 -9"><span class='ocrx_word' id='word_1_333' title='bbox 1113 1058 1219 1098; x_wconf 87' lang='lat' dir='ltr'>ponit‚</span> <span class='ocrx_word' id='word_1_334' title='bbox 1245 1057 1357 1097; x_wconf 85' lang='lat' dir='ltr'>quales</span> <span class='ocrx_word' id='word_1_335' title='bbox 1381 1057 1496 1088; x_wconf 81' lang='lat' dir='ltr'>Romae</span> <span class='ocrx_word' id='word_1_336' title='bbox 1520 1061 1598 1087; x_wconf 89' lang='lat' dir='ltr'>tnnc</span> <span class='ocrx_word' id='word_1_337' title='bbox 1620 1057 1729 1094; x_wconf 80' lang='lat' dir='ltr'>Barri.</span> <span class='ocrx_word' id='word_1_338' title='bbox 1751 1057 1794 1089; x_wconf 86' lang='lat' dir='ltr'>de</span> 
     </span>
     <span class='ocr_line' id='line_1_67' title="bbox 1113 1104 1794 1146; baseline -0.001 -10"><span class='ocrx_word' id='word_1_339' title='bbox 1113 1106 1229 1146; x_wconf 82' lang='lat' dir='ltr'>quibus</span> <span class='ocrx_word' id='word_1_340' title='bbox 1254 1106 1375 1137; x_wconf 89' lang='lat' dir='ltr'>Horat.</span> <span class='ocrx_word' id='word_1_341' title='bbox 1401 1114 1425 1136; x_wconf 87' lang='lat'>1.</span> <span class='ocrx_word' id='word_1_342' title='bbox 1449 1105 1520 1136; x_wconf 86' lang='lat' dir='ltr'>Sat.</span> <span class='ocrx_word' id='word_1_343' title='bbox 1541 1107 1574 1136; x_wconf 85' lang='grc'>6.</span> <span class='ocrx_word' id='word_1_344' title='bbox 1605 1104 1794 1144; x_wconf 55' lang='lat' dir='ltr'>‘Sisennam</span> 
     </span>
     <span class='ocr_line' id='line_1_68' title="bbox 1111 1153 1795 1195; baseline 0 -9"><span class='ocrx_word' id='word_1_345' title='bbox 1111 1156 1234 1186; x_wconf 87' lang='lat' dir='ltr'>Barros</span> <span class='ocrx_word' id='word_1_346' title='bbox 1260 1159 1299 1186; x_wconf 87' lang='lat' dir='ltr'>ut</span> <span class='ocrx_word' id='word_1_347' title='bbox 1324 1154 1418 1195; x_wconf 86' lang='lat' dir='ltr'>equis</span> <span class='ocrx_word' id='word_1_348' title='bbox 1444 1157 1665 1194; x_wconf 74' lang='lat' dir='ltr'>praecurreret</span> <span class='ocrx_word' id='word_1_349' title='bbox 1688 1153 1795 1186; x_wconf 69' lang='lat' dir='ltr'>albis!</span> 
     </span>
     <span class='ocr_line' id='line_1_69' title="bbox 1110 1200 1795 1242; baseline -0.001 -8"><span class='ocrx_word' id='word_1_350' title='bbox 1110 1204 1156 1234; x_wconf 90' lang='lat' dir='ltr'>Et</span> <span class='ocrx_word' id='word_1_351' title='bbox 1169 1203 1240 1234; x_wconf 79' lang='lat' dir='ltr'>Sat.</span> <span class='ocrx_word' id='word_1_352' title='bbox 1255 1211 1304 1234; x_wconf 77' lang='lat' dir='ltr'>tv.</span> <span class='ocrx_word' id='word_1_353' title='bbox 1332 1203 1341 1220; x_wconf 89' lang='lat'>‘</span> <span class='ocrx_word' id='word_1_354' title='bbox 1355 1202 1478 1232; x_wconf 87' lang='lat' dir='ltr'>Barrus</span> <span class='ocrx_word' id='word_1_355' title='bbox 1499 1200 1620 1241; x_wconf 65' lang='lat' dir='ltr'>inops!</span> <span class='ocrx_word' id='word_1_356' title='bbox 1662 1201 1795 1242; x_wconf 73' lang='lat' dir='ltr'>Ingeni-</span> 
     </span>
     <span class='ocr_line' id='line_1_70' title="bbox 1112 1250 1794 1291; baseline 0 -8"><span class='ocrx_word' id='word_1_357' title='bbox 1112 1261 1169 1283; x_wconf 86' lang='lat' dir='ltr'>ose</span> <span class='ocrx_word' id='word_1_358' title='bbox 1191 1251 1386 1283; x_wconf 86' lang='lat' dir='ltr'>Turnebus:</span> <span class='ocrx_word' id='word_1_359' title='bbox 1419 1251 1478 1282; x_wconf 88' lang='lat' dir='ltr'>sed</span> <span class='ocrx_word' id='word_1_360' title='bbox 1498 1250 1576 1281; x_wconf 81' lang='lat' dir='ltr'>nihil</span> <span class='ocrx_word' id='word_1_361' title='bbox 1597 1259 1735 1291; x_wconf 83' lang='lat' dir='ltr'>usquam</span> <span class='ocrx_word' id='word_1_362' title='bbox 1750 1250 1794 1283; x_wconf 88' lang='lat' dir='ltr'>de</span> 
     </span>
     <span class='ocr_line' id='line_1_71' title="bbox 1110 1299 1794 1340; baseline -0.001 -8"><span class='ocrx_word' id='word_1_363' title='bbox 1110 1301 1225 1332; x_wconf 81' lang='lat' dir='ltr'>Barris</span> <span class='ocrx_word' id='word_1_364' title='bbox 1243 1301 1363 1331; x_wconf 83' lang='lat' dir='ltr'>Horat.</span> <span class='ocrx_word' id='word_1_365' title='bbox 1380 1299 1422 1331; x_wconf 91' lang='lat' dir='ltr'>ob</span> <span class='ocrx_word' id='word_1_366' title='bbox 1433 1299 1518 1340; x_wconf 87' lang='lat' dir='ltr'>quod</span> <span class='ocrx_word' id='word_1_367' title='bbox 1542 1299 1686 1330; x_wconf 79' lang='lat' dir='ltr'>vetulam</span> <span class='ocrx_word' id='word_1_368' title='bbox 1708 1299 1794 1331; x_wconf 76' lang='lat' dir='ltr'>lianc</span> 
     </span>
     <span class='ocr_line' id='line_1_72' title="bbox 1112 1348 1794 1389; baseline 0 -9"><span class='ocrx_word' id='word_1_369' title='bbox 1112 1350 1179 1381; x_wconf 85' lang='lat' dir='ltr'>illis</span> <span class='ocrx_word' id='word_1_370' title='bbox 1204 1349 1406 1389; x_wconf 81' lang='lat' dir='ltr'>delegemus.</span> <span class='ocrx_word' id='word_1_371' title='bbox 1450 1348 1564 1380; x_wconf 88' lang='lat' dir='ltr'>Fuerit</span> <span class='ocrx_word' id='word_1_372' title='bbox 1588 1349 1713 1379; x_wconf 85' lang='lat' dir='ltr'>Barrus</span> <span class='ocrx_word' id='word_1_373' title='bbox 1735 1348 1794 1380; x_wconf 81' lang='lat' dir='ltr'>ali-</span> 
     </span>
     <span class='ocr_line' id='line_1_73' title="bbox 1112 1396 1791 1438; baseline -0.001 -10"><span class='ocrx_word' id='word_1_374' title='bbox 1112 1398 1184 1438; x_wconf 85' lang='lat' dir='ltr'>quis</span> <span class='ocrx_word' id='word_1_375' title='bbox 1214 1398 1384 1438; x_wconf 81' lang='lat' dir='ltr'>prodigus,</span> <span class='ocrx_word' id='word_1_376' title='bbox 1413 1406 1584 1436; x_wconf 78' lang='lat' dir='ltr'>arrogans,</span> <span class='ocrx_word' id='word_1_377' title='bbox 1612 1396 1719 1428; x_wconf 86' lang='lat' dir='ltr'>dicax.</span> <span class='ocrx_word' id='word_1_378' title='bbox 1749 1405 1791 1427; x_wconf 76' lang='lat' dir='ltr'>an</span> 
     </span>
     <span class='ocr_line' id='line_1_74' title="bbox 1112 1445 1793 1486; baseline 0 -10"><span class='ocrx_word' id='word_1_379' title='bbox 1112 1445 1188 1477; x_wconf 89' lang='lat' dir='ltr'>ideo</span> <span class='ocrx_word' id='word_1_380' title='bbox 1203 1447 1310 1477; x_wconf 85' lang='lat' dir='ltr'>minus</span> <span class='ocrx_word' id='word_1_381' title='bbox 1325 1446 1439 1477; x_wconf 87' lang='lat' dir='ltr'>amet?</span> <span class='ocrx_word' id='word_1_382' title='bbox 1483 1445 1570 1478; x_wconf 83' lang='lat' dir='ltr'>Quin</span> <span class='ocrx_word' id='word_1_383' title='bbox 1589 1446 1674 1477; x_wconf 86' lang='lat' dir='ltr'>tales</span> <span class='ocrx_word' id='word_1_384' title='bbox 1689 1454 1793 1486; x_wconf 85' lang='lat' dir='ltr'>exop-</span> 
     </span>
     <span class='ocr_line' id='line_1_75' title="bbox 1112 1494 1792 1535; baseline 0.001 -11"><span class='ocrx_word' id='word_1_385' title='bbox 1112 1498 1186 1524; x_wconf 88' lang='lat' dir='ltr'>tant</span> <span class='ocrx_word' id='word_1_386' title='bbox 1215 1494 1324 1533; x_wconf 86' lang='lat' dir='ltr'>potius</span> <span class='ocrx_word' id='word_1_387' title='bbox 1353 1494 1585 1525; x_wconf 63' lang='lat' dir='ltr'>meretriculas.</span> <span class='ocrx_word' id='word_1_388' title='bbox 1630 1494 1792 1535; x_wconf 82' lang='lat' dir='ltr'>Cruquius</span> 
     </span>
     <span class='ocr_line' id='line_1_76' title="bbox 1111 1542 1791 1582; baseline 0.001 -10"><span class='ocrx_word' id='word_1_389' title='bbox 1111 1542 1243 1572; x_wconf 82' lang='lat' dir='ltr'>Lectori</span> <span class='ocrx_word' id='word_1_390' title='bbox 1266 1542 1480 1581; x_wconf 81' lang='lat' dir='ltr'>cogitandum</span> <span class='ocrx_word' id='word_1_391' title='bbox 1509 1542 1680 1582; x_wconf 89' lang='lat' dir='ltr'>relinquit,</span> <span class='ocrx_word' id='word_1_392' title='bbox 1705 1550 1791 1573; x_wconf 87' lang='lat' dir='ltr'>anne</span> 
     </span>
     <span class='ocr_line' id='line_1_77' title="bbox 1111 1589 1793 1630; baseline 0.003 -10"><span class='ocrx_word' id='word_1_393' title='bbox 1111 1589 1214 1620; x_wconf 81' lang='lat' dir='ltr'>bardis</span> <span class='ocrx_word' id='word_1_394' title='bbox 1228 1591 1339 1629; x_wconf 87' lang='lat' dir='ltr'>potius</span> <span class='ocrx_word' id='word_1_395' title='bbox 1355 1589 1531 1630; x_wconf 84' lang='lat' dir='ltr'>legendum</span> <span class='ocrx_word' id='word_1_396' title='bbox 1547 1590 1603 1621; x_wconf 83' lang='lat' dir='ltr'>sit.</span> <span class='ocrx_word' id='word_1_397' title='bbox 1646 1594 1655 1608; x_wconf 86' lang='lat'>‘</span> <span class='ocrx_word' id='word_1_398' title='bbox 1667 1590 1772 1622; x_wconf 85' lang='lat' dir='ltr'>Bardi</span> <span class='ocrx_word' id='word_1_399' title='bbox 1783 1591 1793 1605; x_wconf 83' lang='lat'><em>’</em></span> 
     </span>
     <span class='ocr_line' id='line_1_78' title="bbox 1110 1639 1792 1680; baseline 0.004 -12"><span class='ocrx_word' id='word_1_400' title='bbox 1110 1639 1199 1669; x_wconf 90' lang='lat' dir='ltr'>enim</span> <span class='ocrx_word' id='word_1_401' title='bbox 1221 1639 1315 1669; x_wconf 88' lang='lat' dir='ltr'>stulti</span> <span class='ocrx_word' id='word_1_402' title='bbox 1330 1639 1520 1680; x_wconf 84' lang='lat' dir='ltr'>stolidique,</span> <span class='ocrx_word' id='word_1_403' title='bbox 1536 1639 1577 1670; x_wconf 85' lang='lat' dir='ltr'>ab</span> <span class='ocrx_word' id='word_1_404' title='bbox 1592 1639 1716 1680; x_wconf 77' lang='lat' dir='ltr'>ingenii</span> <span class='ocrx_word' id='word_1_405' title='bbox 1731 1640 1792 1671; x_wconf 80' lang='lat' dir='ltr'>sci-</span> 
     </span>
     <span class='ocr_line' id='line_1_79' title="bbox 1110 1687 1792 1721; baseline 0.006 -4"><span class='ocrx_word' id='word_1_406' title='bbox 1110 1687 1190 1718; x_wconf 92' lang='lat' dir='ltr'>licet</span> <span class='ocrx_word' id='word_1_407' title='bbox 1213 1687 1375 1717; x_wconf 82' lang='lat' dir='ltr'>tarditate</span> <span class='ocrx_word' id='word_1_408' title='bbox 1398 1687 1482 1718; x_wconf 91' lang='lat' dir='ltr'>dicti</span> <span class='ocrx_word' id='word_1_409' title='bbox 1502 1692 1592 1720; x_wconf 85' lang='lat' dir='ltr'>sunt.</span> <span class='ocrx_word' id='word_1_410' title='bbox 1635 1689 1701 1720; x_wconf 87' lang='lat' dir='ltr'>Sed</span> <span class='ocrx_word' id='word_1_411' title='bbox 1716 1689 1792 1721; x_wconf 80' lang='lat' dir='ltr'>huic</span> 
     </span>
     <span class='ocr_line' id='line_1_80' title="bbox 1111 1733 1793 1768; baseline 0.004 -3"><span class='ocrx_word' id='word_1_412' title='bbox 1111 1734 1248 1765; x_wconf 86' lang='lat' dir='ltr'>lectioni</span> <span class='ocrx_word' id='word_1_413' title='bbox 1264 1734 1395 1765; x_wconf 83' lang='lat' dir='ltr'>obsistit</span> <span class='ocrx_word' id='word_1_414' title='bbox 1416 1733 1574 1765; x_wconf 83' lang='lat' dir='ltr'>librorum</span> <span class='ocrx_word' id='word_1_415' title='bbox 1596 1736 1740 1767; x_wconf 87' lang='lat' dir='ltr'>omnium</span> <span class='ocrx_word' id='word_1_416' title='bbox 1754 1737 1793 1768; x_wconf 83' lang='lat' dir='ltr'>fi-</span> 
     </span>
     <span class='ocr_line' id='line_1_81' title="bbox 1111 1783 1793 1823; baseline 0.003 -9"><span class='ocrx_word' id='word_1_417' title='bbox 1111 1784 1192 1814; x_wconf 87' lang='lat' dir='ltr'>des:</span> <span class='ocrx_word' id='word_1_418' title='bbox 1218 1783 1400 1823; x_wconf 86' lang='lat' dir='ltr'>Epitheton</span> <span class='ocrx_word' id='word_1_419' title='bbox 1422 1783 1526 1823; x_wconf 60' lang='lat' dir='ltr'>nigris</span> <span class='ocrx_word' id='word_1_420' title='bbox 1549 1783 1705 1816; x_wconf 82' lang='lat' dir='ltr'>dubitare</span> <span class='ocrx_word' id='word_1_421' title='bbox 1733 1793 1793 1816; x_wconf 83' lang='lat' dir='ltr'>nos</span> 
     </span>
     <span class='ocr_line' id='line_1_82' title="bbox 1110 1832 1794 1874; baseline 0.003 -11"><span class='ocrx_word' id='word_1_422' title='bbox 1110 1842 1175 1864; x_wconf 89' lang='lat' dir='ltr'>non</span> <span class='ocrx_word' id='word_1_423' title='bbox 1192 1833 1319 1873; x_wconf 83' lang='lat' dir='ltr'>patitur</span> <span class='ocrx_word' id='word_1_424' title='bbox 1331 1832 1410 1874; x_wconf 87' lang='lat' dir='ltr'>quin</span> <span class='ocrx_word' id='word_1_425' title='bbox 1424 1833 1544 1864; x_wconf 70' lang='lat' dir='ltr'>‘Burri</span> <span class='ocrx_word' id='word_1_426' title='bbox 1554 1832 1563 1846; x_wconf 87' lang='lat'>’</span> <span class='ocrx_word' id='word_1_427' title='bbox 1579 1837 1637 1865; x_wconf 87' lang='lat' dir='ltr'>aut</span> <span class='ocrx_word' id='word_1_428' title='bbox 1647 1833 1794 1865; x_wconf 84' lang='lat' dir='ltr'>homines</span> 
     </span>
     <span class='ocr_line' id='line_1_83' title="bbox 1110 1881 1794 1922; baseline 0.001 -10"><span class='ocrx_word' id='word_1_429' title='bbox 1110 1885 1170 1912; x_wconf 89' lang='lat' dir='ltr'>aut</span> <span class='ocrx_word' id='word_1_430' title='bbox 1194 1881 1311 1912; x_wconf 80' lang='lat' dir='ltr'>bestioe</span> <span class='ocrx_word' id='word_1_431' title='bbox 1333 1881 1467 1913; x_wconf 87' lang='lat' dir='ltr'>fuerint.</span> <span class='ocrx_word' id='word_1_432' title='bbox 1511 1881 1582 1913; x_wconf 85' lang='lat' dir='ltr'>Nos</span> <span class='ocrx_word' id='word_1_433' title='bbox 1603 1882 1718 1922; x_wconf 85' lang='lat' dir='ltr'>itaque</span> <span class='ocrx_word' id='word_1_434' title='bbox 1733 1891 1794 1922; x_wconf 90' lang='lat' dir='ltr'>pro</span> 
     </span>
     <span class='ocr_line' id='line_1_84' title="bbox 1110 1929 1794 1971; baseline 0.001 -11"><span class='ocrx_word' id='word_1_435' title='bbox 1110 1929 1294 1961; x_wconf 83' lang='lat' dir='ltr'>hominibus</span> <span class='ocrx_word' id='word_1_436' title='bbox 1307 1930 1524 1970; x_wconf 82' lang='lat' dir='ltr'>accipiamus,</span> <span class='ocrx_word' id='word_1_437' title='bbox 1537 1931 1595 1961; x_wconf 68' lang='lat' dir='ltr'>secl</span> <span class='ocrx_word' id='word_1_438' title='bbox 1611 1929 1667 1971; x_wconf 91' lang='lat' dir='ltr'>qui</span> <span class='ocrx_word' id='word_1_439' title='bbox 1683 1929 1794 1962; x_wconf 79' lang='lat' dir='ltr'>defor-</span> 
     </span>
     <span class='ocr_line' id='line_1_85' title="bbox 1110 1978 1794 2019; baseline 0.003 -11"><span class='ocrx_word' id='word_1_440' title='bbox 1110 1978 1154 2009; x_wconf 84' lang='lat' dir='ltr'>mi</span> <span class='ocrx_word' id='word_1_441' title='bbox 1179 1979 1293 2018; x_wconf 87' lang='lat' dir='ltr'>specie</span> <span class='ocrx_word' id='word_1_442' title='bbox 1321 1978 1533 2019; x_wconf 87' lang='lat' dir='ltr'>moribusque</span> <span class='ocrx_word' id='word_1_443' title='bbox 1566 1978 1794 2018; x_wconf 78' lang='lat' dir='ltr'>incompositis</span> 
     </span>
     <span class='ocr_line' id='line_1_86' title="bbox 1110 2027 1792 2066; baseline 0.001 -9"><span class='ocrx_word' id='word_1_444' title='bbox 1110 2027 1296 2066; x_wconf 82' lang='lat' dir='ltr'>elephantis</span> <span class='ocrx_word' id='word_1_445' title='bbox 1315 2027 1438 2058; x_wconf 88' lang='lat' dir='ltr'>similes</span> <span class='ocrx_word' id='word_1_446' title='bbox 1454 2028 1531 2058; x_wconf 86' lang='lat' dir='ltr'>sint.</span> <span class='ocrx_word' id='word_1_447' title='bbox 1574 2028 1638 2059; x_wconf 85' lang='lat' dir='ltr'>Vel</span> <span class='ocrx_word' id='word_1_448' title='bbox 1654 2033 1691 2058; x_wconf 88' lang='lat' dir='ltr'>ut</span> <span class='ocrx_word' id='word_1_449' title='bbox 1709 2027 1792 2058; x_wconf 85' lang='lat' dir='ltr'>Cru-</span> 
     </span>
     <span class='ocr_line' id='line_1_87' title="bbox 1109 2075 1793 2115; baseline 0.003 -11"><span class='ocrx_word' id='word_1_450' title='bbox 1109 2075 1205 2114; x_wconf 82' lang='lat' dir='ltr'>quius</span> <span class='ocrx_word' id='word_1_451' title='bbox 1227 2076 1316 2105; x_wconf 84' lang='lat' dir='ltr'>vult:</span> <span class='ocrx_word' id='word_1_452' title='bbox 1339 2076 1347 2092; x_wconf 89' lang='lat'>‘</span> <span class='ocrx_word' id='word_1_453' title='bbox 1360 2075 1475 2106; x_wconf 86' lang='lat' dir='ltr'>Barri&#39;</span> <span class='ocrx_word' id='word_1_454' title='bbox 1490 2075 1556 2106; x_wconf 83' lang='lat' dir='ltr'>dici</span> <span class='ocrx_word' id='word_1_455' title='bbox 1578 2080 1718 2115; x_wconf 82' lang='lat' dir='ltr'>possunt</span> <span class='ocrx_word' id='word_1_456' title='bbox 1736 2084 1793 2115; x_wconf 73' lang='lat' dir='ltr'>ge-</span> 
     </span>
     <span class='ocr_line' id='line_1_88' title="bbox 1110 2122 1792 2162; baseline 0.003 -11"><span class='ocrx_word' id='word_1_457' title='bbox 1110 2122 1173 2152; x_wconf 89' lang='lat' dir='ltr'>ruli</span> <span class='ocrx_word' id='word_1_458' title='bbox 1196 2122 1305 2152; x_wconf 83' lang='lat' dir='ltr'>adusti</span> <span class='ocrx_word' id='word_1_459' title='bbox 1329 2127 1494 2161; x_wconf 85' lang='lat' dir='ltr'>perpetuo</span> <span class='ocrx_word' id='word_1_460' title='bbox 1520 2123 1607 2162; x_wconf 89' lang='lat' dir='ltr'>Sole,</span> <span class='ocrx_word' id='word_1_461' title='bbox 1625 2122 1734 2152; x_wconf 83' lang='lat' dir='ltr'>valido</span> <span class='ocrx_word' id='word_1_462' title='bbox 1756 2126 1792 2153; x_wconf 89' lang='lat' dir='ltr'>et</span> 
     </span>
     <span class='ocr_line' id='line_1_89' title="bbox 1109 2169 1791 2210; baseline 0.003 -11"><span class='ocrx_word' id='word_1_463' title='bbox 1109 2169 1307 2199; x_wconf 87' lang='lat' dir='ltr'>succulento</span> <span class='ocrx_word' id='word_1_464' title='bbox 1343 2177 1495 2207; x_wconf 89' lang='lat' dir='ltr'>corpore,</span> <span class='ocrx_word' id='word_1_465' title='bbox 1523 2169 1580 2210; x_wconf 89' lang='lat' dir='ltr'>qui</span> <span class='ocrx_word' id='word_1_466' title='bbox 1613 2174 1651 2200; x_wconf 89' lang='lat' dir='ltr'>ut</span> <span class='ocrx_word' id='word_1_467' title='bbox 1673 2178 1791 2210; x_wconf 77' lang='lat' dir='ltr'>magno</span> 
     </span>
     <span class='ocr_line' id='line_1_90' title="bbox 1109 2217 1791 2257; baseline 0.004 -10"><span class='ocrx_word' id='word_1_468' title='bbox 1109 2221 1206 2248; x_wconf 89' lang='lat' dir='ltr'>erant</span> <span class='ocrx_word' id='word_1_469' title='bbox 1221 2217 1321 2248; x_wconf 87' lang='lat' dir='ltr'>animi</span> <span class='ocrx_word' id='word_1_470' title='bbox 1336 2221 1486 2257; x_wconf 89' lang='lat' dir='ltr'>stupore,</span> <span class='ocrx_word' id='word_1_471' title='bbox 1509 2218 1558 2248; x_wconf 89' lang='lat' dir='ltr'>ita</span> <span class='ocrx_word' id='word_1_472' title='bbox 1577 2218 1666 2250; x_wconf 89' lang='lat' dir='ltr'>nullo</span> <span class='ocrx_word' id='word_1_473' title='bbox 1681 2219 1791 2251; x_wconf 82' lang='lat' dir='ltr'>nitore</span> 
     </span>
     <span class='ocr_line' id='line_1_91' title="bbox 1108 2267 1792 2308; baseline 0.003 -11"><span class='ocrx_word' id='word_1_474' title='bbox 1108 2267 1271 2307; x_wconf 85' lang='lat' dir='ltr'>corporis,</span> <span class='ocrx_word' id='word_1_475' title='bbox 1291 2267 1381 2296; x_wconf 89' lang='lat' dir='ltr'>nulla</span> <span class='ocrx_word' id='word_1_476' title='bbox 1406 2267 1567 2298; x_wconf 86' lang='lat' dir='ltr'>munditie</span> <span class='ocrx_word' id='word_1_477' title='bbox 1592 2267 1792 2308; x_wconf 74' lang='lat' dir='ltr'>gaudebant.</span> 
     </span>
     <span class='ocr_line' id='line_1_92' title="bbox 1107 2315 1792 2356; baseline 0.004 -11"><span class='ocrx_word' id='word_1_478' title='bbox 1107 2315 1258 2346; x_wconf 85' lang='lat' dir='ltr'>homines</span> <span class='ocrx_word' id='word_1_479' title='bbox 1269 2315 1404 2354; x_wconf 83' lang='lat' dir='ltr'>plebeii,</span> <span class='ocrx_word' id='word_1_480' title='bbox 1415 2321 1450 2346; x_wconf 88' lang='lat' dir='ltr'>et</span> <span class='ocrx_word' id='word_1_481' title='bbox 1463 2315 1606 2346; x_wconf 85' lang='lat' dir='ltr'>moribus</span> <span class='ocrx_word' id='word_1_482' title='bbox 1618 2316 1716 2356; x_wconf 86' lang='lat' dir='ltr'>plane</span> <span class='ocrx_word' id='word_1_483' title='bbox 1731 2316 1792 2348; x_wconf 90' lang='lat' dir='ltr'>im-</span> 
     </span>
     <span class='ocr_line' id='line_1_93' title="bbox 1108 2363 1792 2408; baseline 0.001 -14"><span class='ocrx_word' id='word_1_484' title='bbox 1108 2363 1225 2408; x_wconf 35' lang='lat' dir='ltr'>politi.s</span> <span class='ocrx_word' id='word_1_485' title='bbox 1240 2363 1329 2394; x_wconf 79' lang='lat' dir='ltr'>Torr.</span> <span class='ocrx_word' id='word_1_486' title='bbox 1372 2363 1501 2403; x_wconf 77' lang='lat' dir='ltr'>Bar-ris]</span> <span class='ocrx_word' id='word_1_487' title='bbox 1536 2364 1612 2395; x_wconf 87' lang='lat' dir='ltr'>Nou</span> <span class='ocrx_word' id='word_1_488' title='bbox 1627 2363 1705 2395; x_wconf 88' lang='lat' dir='ltr'>viris</span> <span class='ocrx_word' id='word_1_489' title='bbox 1719 2364 1792 2405; x_wconf 73' lang='lat' dir='ltr'>dig-</span> 
     </span>
     <span class='ocr_line' id='line_1_94' title="bbox 1107 2406 1793 2452; baseline 0.003 -10"><span class='ocrx_word' id='word_1_490' title='bbox 1107 2421 1172 2449; x_wconf 79' lang='lat' dir='ltr'>na3</span> <span class='ocrx_word' id='word_1_491' title='bbox 1195 2412 1254 2442; x_wconf 89' lang='lat' dir='ltr'>sed</span> <span class='ocrx_word' id='word_1_492' title='bbox 1271 2406 1385 2451; x_wconf 78' lang='lat' dir='ltr'>barris,</span> <span class='ocrx_word' id='word_1_493' title='bbox 1409 2412 1441 2442; x_wconf 86' lang='lat' dir='ltr'>id</span> <span class='ocrx_word' id='word_1_494' title='bbox 1461 2417 1525 2451; x_wconf 88' lang='lat' dir='ltr'>est,</span> <span class='ocrx_word' id='word_1_495' title='bbox 1538 2412 1722 2452; x_wconf 84' lang='lat' dir='ltr'>elephantis</span> <span class='ocrx_word' id='word_1_496' title='bbox 1737 2413 1793 2444; x_wconf 87' lang='lat' dir='ltr'>In-</span> 
     </span>
     <span class='ocr_line' id='line_1_95' title="bbox 1108 2459 1793 2500; baseline 0.003 -10"><span class='ocrx_word' id='word_1_497' title='bbox 1108 2459 1205 2498; x_wconf 88' lang='lat' dir='ltr'>dicis,</span> <span class='ocrx_word' id='word_1_498' title='bbox 1233 2460 1288 2500; x_wconf 89' lang='lat' dir='ltr'>qni</span> <span class='ocrx_word' id='word_1_499' title='bbox 1316 2469 1435 2499; x_wconf 84' lang='lat' dir='ltr'>magna</span> <span class='ocrx_word' id='word_1_500' title='bbox 1459 2459 1582 2491; x_wconf 83' lang='lat' dir='ltr'>habent</span> <span class='ocrx_word' id='word_1_501' title='bbox 1611 2460 1793 2500; x_wconf 75' lang='lat' dir='ltr'>genitalia3</span> 
     </span>
     <span class='ocr_line' id='line_1_96' title="bbox 1107 2506 1793 2547; baseline 0.003 -9"><span class='ocrx_word' id='word_1_502' title='bbox 1107 2506 1263 2546; x_wconf 83' lang='lat' dir='ltr'>fortasse,</span> <span class='ocrx_word' id='word_1_503' title='bbox 1295 2507 1452 2547; x_wconf 78' lang='lat' dir='ltr'>intelligit</span> <span class='ocrx_word' id='word_1_504' title='bbox 1486 2508 1728 2540; x_wconf 73' lang='lat' dir='ltr'>valentissimos</span> <span class='ocrx_word' id='word_1_505' title='bbox 1753 2517 1793 2540; x_wconf 82' lang='lat' dir='ltr'>ac</span> 
     </span>
     <span class='ocr_line' id='line_1_97' title="bbox 1108 2558 1593 2590; baseline 0.002 -2"><span class='ocrx_word' id='word_1_506' title='bbox 1108 2558 1403 2588; x_wconf 82' lang='lat' dir='ltr'>mentulatissimos</span> <span class='ocrx_word' id='word_1_507' title='bbox 1418 2562 1593 2590; x_wconf 80' lang='lat' dir='ltr'>amatores.</span> 
     </span>
    </p>

    <p class='ocr_par' dir='ltr' id='par_1_23' title="bbox 1107 2607 1791 2792">
     <span class='ocr_line' id='line_1_98' title="bbox 1150 2607 1791 2647; baseline 0.002 -9"><span class='ocrx_word' id='word_1_508' title='bbox 1150 2610 1170 2638; x_wconf 81' lang='grc'><strong>2</strong></span> <span class='ocrx_word' id='word_1_509' title='bbox 1192 2607 1324 2638; x_wconf 79' lang='lat' dir='ltr'>Munera</span> <span class='ocrx_word' id='word_1_510' title='bbox 1338 2616 1393 2637; x_wconf 85' lang='lat' dir='ltr'>cur</span> <span class='ocrx_word' id='word_1_511' title='bbox 1412 2607 1503 2647; x_wconf 78' lang='lat' dir='ltr'>milii]</span> <span class='ocrx_word' id='word_1_512' title='bbox 1525 2607 1580 2638; x_wconf 89' lang='lat' dir='ltr'>Sic</span> <span class='ocrx_word' id='word_1_513' title='bbox 1602 2607 1706 2638; x_wconf 86' lang='lat' dir='ltr'>nostri</span> <span class='ocrx_word' id='word_1_514' title='bbox 1722 2616 1791 2639; x_wconf 87' lang='lat' dir='ltr'>om-</span> 
     </span>
     <span class='ocr_line' id='line_1_99' title="bbox 1107 2655 1790 2699; baseline 0 -13"><span class='ocrx_word' id='word_1_515' title='bbox 1107 2665 1176 2687; x_wconf 80' lang='lat' dir='ltr'>nes.</span> <span class='ocrx_word' id='word_1_516' title='bbox 1221 2655 1360 2699; x_wconf 76' lang='lat' dir='ltr'>Canteri</span> <span class='ocrx_word' id='word_1_517' title='bbox 1375 2655 1494 2691; x_wconf 82' lang='lat' dir='ltr'>codex.</span> <span class='ocrx_word' id='word_1_518' title='bbox 1511 2655 1632 2686; x_wconf 82' lang='lat' dir='ltr'>nteit:</span> <span class='ocrx_word' id='word_1_519' title='bbox 1656 2655 1790 2687; x_wconf 69' lang='lat' dir='ltr'>Manere</span> 
     </span>
     <span class='ocr_line' id='line_1_100' title="bbox 1107 2701 1788 2745; baseline -0.004 -9"><span class='ocrx_word' id='word_1_520' title='bbox 1107 2705 1181 2745; x_wconf 77' lang='lat' dir='ltr'>quid</span> <span class='ocrx_word' id='word_1_521' title='bbox 1205 2704 1292 2740; x_wconf 71' lang='lat' dir='ltr'>mihi,</span> <span class='ocrx_word' id='word_1_522' title='bbox 1317 2704 1424 2744; x_wconf 79' lang='lat' dir='ltr'>quidve</span> <span class='ocrx_word' id='word_1_523' title='bbox 1449 2704 1592 2734; x_wconf 73' lang='lat' dir='ltr'>tabelias?</span> <span class='ocrx_word' id='word_1_524' title='bbox 1637 2701 1788 2741; x_wconf 70' lang='lat' dir='ltr'>Tuben-n]</span> 
     </span>
     <span class='ocr_line' id='line_1_101' title="bbox 1109 2748 1785 2792; baseline -0.01 -7"><span class='ocrx_word' id='word_1_525' title='bbox 1109 2754 1178 2785; x_wconf 89' lang='lat' dir='ltr'>Cur</span> <span class='ocrx_word' id='word_1_526' title='bbox 1204 2752 1306 2784; x_wconf 80' lang='lat' dir='ltr'>mittis</span> <span class='ocrx_word' id='word_1_527' title='bbox 1330 2752 1495 2792; x_wconf 65' lang='lat' dir='ltr'>Epistola-³</span> <span class='ocrx_word' id='word_1_528' title='bbox 1523 2751 1642 2792; x_wconf 83' lang='lat' dir='ltr'>quibus</span> <span class='ocrx_word' id='word_1_529' title='bbox 1666 2759 1718 2781; x_wconf 87' lang='lat' dir='ltr'>me</span> <span class='ocrx_word' id='word_1_530' title='bbox 1743 2748 1785 2779; x_wconf 75' lang='lat' dir='ltr'>ad</span> 
     </span>
    </p>
   </div>
  </div>
 </body>
</html>
