1904 3216
340 222 475 293 '1672
504 283 507 285 a

342 374 347 377 -
365 354 487 385 Juven.
513 355 564 384 vel
592 352 739 390 Persius,
754 360 827 381 eam
843 351 1046 381 observavit.

367 403 469 442 Cujus
491 406 601 432 tamen
627 401 760 431 violatae
786 409 874 434 reus,
901 399 1049 438 ridicule,

366 461 432 483 non
454 452 553 482 aliter
578 458 675 490 quam
704 449 729 478 si
755 448 915 479 adversus
941 447 1048 487 legem

365 500 489 532 Juliam
505 497 691 537 majestatis
713 496 865 535 fecisset,
889 496 955 527 Icti
972 505 1048 527 con-

366 548 474 578 silium
491 546 632 586 expetit.
674 545 739 576 Vel
760 545 844 576 ultra
866 546 973 583 legem,
988 545 1050 576 hoc

367 600 430 631 est,
454 595 544 624 ultra
565 593 697 624 modum
722 597 757 624 et
775 594 929 624 usitatam
945 593 976 623 in
992 602 1051 623 no-

366 642 476 672 tandis
491 642 578 672 vitiis
592 641 866 672 consuetudinem
879 651 888 679 ;
912 640 1052 680 perinde

365 700 406 722 ac
432 691 459 721 si
481 691 552 721 sine
577 699 728 730 personae
745 690 889 727 delectu,
905 688 1051 720 ferocius

367 741 500 780 quosvis
513 741 688 771 laceraret.
703 739 798 778 Cruq.
838 739 931 769 Ultra
944 739 1052 777 legem,

366 789 433 828 ξω]
446 788 606 819 Ediderat
616 788 762 828 priorem
772 788 967 818 Sermonum
980 796 1051 817 suo-

368 847 439 868 rum
456 837 604 868 libellum
628 836 802 874 Horatius,
826 845 865 867 ac
877 841 915 867 ut
930 835 981 875 fit,
997 845 1053 866 va·

367 887 418 916 ria
431 886 472 917 de
483 896 522 917 eo
535 886 700 916 hominum
713 884 842 925 judicia
856 885 967 925 spargi
979 893 1052 915 sen-

367 941 468 966 serat.
511 936 597 965 Pars
623 934 816 973 languidum
840 943 879 965 ac
899 942 1054 964 enervem

368 993 454 1023 esse,
469 984 627 1024 nulloque
642 983 795 1023 Satyrico
809 987 905 1013 aceto
920 982 1055 1012 dictita-

368 1032 460 1063 bant.
505 1031 573 1062 Alii
590 1037 719 1070 contra,
735 1036 831 1062 tanta
858 1031 1056 1068 acerbitate,

369 1090 432 1111 non
457 1081 490 1111 in
515 1080 597 1110 vitia
620 1079 731 1119 modo,
757 1079 816 1109 sed
844 1079 876 1109 in
893 1079 981 1118 ipsos
997 1078 1055 1108 ho-

370 1129 485 1167 mines,
506 1128 607 1168 idque
630 1127 821 1158 nominatim
841 1126 988 1166 singulos
1004 1135 1056 1156 ar-

370 1179 536 1219 ripiendo,
550 1178 687 1218 stringi3
711 1182 749 1208 ut
771 1187 845 1208 eum
862 1177 996 1207 violatae
1009 1177 1056 1207 le-

371 1230 421 1268 gis
450 1232 671 1263 arcesserent,
701 1237 766 1268 qna
795 1226 983 1257 Decemviri
1022 1225 1055 1255 in

371 1277 503 1318 eOS‚qui
516 1277 636 1307 malum
650 1277 804 1316 Carmen,
817 1275 878 1306 hoc
891 1279 954 1309 est,
968 1273 1056 1314 quod

370 1325 539 1356 infamiam
555 1325 653 1356 alteri
667 1323 798 1355 faceret
814 1323 1056 1361 condidissent,

371 1374 492 1413 capitis
518 1383 649 1413 poenam
670 1378 864 1404 sanxerunt.
911 1372 953 1402 Et
982 1371 1058 1411 quia

372 1423 425 1453 hic
449 1422 555 1452 nodus
581 1422 702 1461 dignus
719 1421 850 1451 vindice
867 1420 1057 1458 videbatur,

371 1480 411 1500 ac
434 1470 569 1501 oracula
591 1469 731 1508 Delphis
746 1468 937 1506 cessabant,
950 1467 1058 1499 Juris-

373 1519 561 1549 consultum
576 1517 782 1555 Trebatium,
798 1520 835 1546 ut
850 1516 883 1546 in
904 1516 987 1555 legis
1011 1515 1059 1545 in-

372 1567 629 1608 terpretatione,
645 1565 728 1596 adiri
743 1564 879 1604 placuit.
921 1564 998 1596 Jam
1016 1563 1057 1593 ad

374 1626 455 1645 rem.
501 1614 650 1644 Primum
674 1613 754 1643 illud
772 1614 854 1642 ultra
868 1614 977 1651 legem,
993 1620 1058 1642 non

374 1664 417 1694 de
442 1664 585 1703 Satyrae,
611 1665 649 1692 ut
672 1661 878 1700 interpretes
901 1660 944 1690 ad
960 1669 1059 1690 unum

374 1721 499 1751 omnes,
515 1711 574 1741 sed
591 1710 633 1740 de
643 1708 870 1741 Decemvirali
886 1709 961 1748 lege
975 1708 1062 1739 acci-

375 1761 494 1801 pimus.
538 1760 660 1799 Neque
672 1758 771 1789 aliter
784 1758 956 1798 accepisse
971 1756 1062 1787 vide-

374 1814 430 1839 tur
447 1808 620 1839 Horatius.
665 1807 748 1838 Cum
775 1806 863 1837 enim
890 1805 931 1836 ad
956 1805 1062 1838 Juris-

375 1859 563 1889 consultum
580 1858 646 1888 iret
661 1857 693 1888 in
712 1865 747 1887 re
761 1855 901 1894 ludicra,
916 1855 1064 1886 urbanis-

377 1909 458 1938 sime
487 1908 596 1947 legem
621 1905 787 1941 obtendit,
818 1914 915 1946 qnam
945 1904 1062 1935 eodem

377 1957 459 1995 sale,
475 1966 539 1997 quo
555 1955 738 1986 eaminitio
752 1955 882 1994 Satyrae
906 1962 1064 1994 proposu-

377 2011 464 2040 erat,
475 2005 508 2035 in
527 2005 591 2036 fine
607 2004 769 2035 eluderet.
812 2003 909 2036 Quod
926 2008 961 2034 et
976 2003 1009 2034 in
1025 2003 1063 2033 il-

376 2055 416 2084 lis
430 2054 521 2084 circa
535 2053 634 2084 finem
650 2052 747 2083 fecit:
772 2053 781 2069 ‘
795 2052 830 2082 Si
843 2052 931 2082 mala
951 2051 1064 2082 condi-

378 2102 466 2131 derit
482 2101 514 2131 in
532 2111 629 2140 quem
644 2101 716 2140 quis
738 2100 896 2138 carmina,
913 2099 970 2138 jus
993 2099 1066 2136 est,’

377 2152 440 2180 &e.
485 2149 616 2180 Deinde
642 2157 740 2178 versu
764 2151 795 2178 9.
820 2148 958 2187 legimus
984 2148 1063 2177 Irri-

375 2207 519 2237 guumve,
552 2206 619 2227 non
658 2196 886 2236 Irriguumque.
942 2196 1064 2236 Neque

379 2246 467 2277 enim
498 2251 609 2277 tantus
632 2245 717 2284 juris
745 2250 781 2275 et
811 2244 898 2285 aequi
928 2244 1066 2283 arbiter,

379 2300 541 2335 quantum
568 2294 766 2325 Trebatium
798 2292 901 2324 fnisse
933 2293 1065 2332 accepi-

379 2354 464 2382 mu8‚
490 2349 557 2376 tam
574 2344 725 2374 immanis
741 2342 979 2374 existimandus
1003 2347 1065 2382 est,

380 2400 418 2425 ut
430 2394 597 2428 clientem,
613 2393 670 2434 qui
682 2393 805 2423 leniter
818 2391 916 2422 modo
930 2400 1064 2432 sopora-

380 2446 408 2476 ri
426 2449 593 2485 posceret,
613 2452 678 2474 uno
700 2442 849 2478 consilio,
869 2440 966 2472 simul
988 2445 1023 2471 et
1045 2449 1063 2471 e

380 2498 497 2525 natatu
533 2492 741 2530 lassitudine,
769 2496 804 2522 et
833 2501 876 2522 ex
900 2490 1064 2522 ebrietate

383 2542 564 2582 gravedine
591 2545 770 2572 enecaret:
801 2540 942 2571 alterum
967 2539 1067 2579 enim,

382 2591 471 2622 adid
487 2590 575 2631 quod
588 2589 725 2621 volebat
742 2588 914 2625 Horatius,
930 2587 1065 2620 sufficit.

384 2641 533 2679 Rutgers.

426 2692 446 2719 2
469 2689 544 2720 Sine
567 2687 686 2728 nervis]
705 2687 783 2718 Sine
810 2687 909 2718 rebus
937 2691 971 2717 et
994 2695 1066 2717 sen-

385 2739 510 2769 tentiis.
539 2740 658 2778 Altera,
672 2737 831 2778 quicquid]
844 2735 963 2770 Altera
977 2745 1067 2776 pars,

823 259 958 290 No'rAE
989 259 1247 290 VARIORUM
1282 261 1333 291 IN

1096 350 1129 381 id
1146 357 1211 390 est,
1225 350 1280 381 alii
1295 350 1454 381 homines.

1138 400 1157 428 4
1172 398 1290 429 Deduci
1303 398 1403 438 posse]
1415 398 1708 438 Tanquam-lanam
1723 399 1780 431 de·

1098 446 1187 486 duci,
1203 446 1236 476 id
1249 453 1312 484 est,
1327 446 1428 477 scribi
1443 456 1551 487 posse.
1586 447 1708 487 [Codd.
1727 457 1780 488 ap.

1099 495 1210 530 Feam,
1229 494 1366 534 diduci]

1139 546 1158 573 5
1190 542 1376 582 Praescribe]
1413 542 1591 574 Constitue
1615 543 1713 583 qussi
1739 548 1784 574 'ex

1099 591 1192 630 lege;
1216 600 1292 622 nam
1308 596 1343 621 tu
1365 601 1401 622 es
1423 592 1533 622 clarus
1557 591 1783 624 ,Iurisconsul-

1101 645 1167 671 tus.
1213 641 1372 681 Quiercus]
1388 641 1582 681 Respondet
1597 641 1786 672 Trebatius.

1103 688 1277 726 Quiescas,
1289 689 1320 719 id
1332 694 1394 728 est,
1408 689 1551 720 desistas
1563 699 1582 720 a
1595 689 1785 721 scribendo.

1103 737 1153 768 Ne
1164 737 1298 778 faciam]
1325 738 1411 769 Hoec
1426 742 1503 769 sunt
1519 738 1623 769 verba
1642 738 1786 770 Horatii.

1100 785 1290 826 [Coddmp.
1315 787 1430 826 Feam,
1454 787 1624 827 perscribe:
1649 788 1707 820 alii
1731 797 1785 828 ap.

1102 835 1257 873 eundem,
1271 836 1459 877 Quiescam]

1145 886 1165 913 6
1186 883 1261 923 Aio]
1289 885 1434 924 Egregie
1457 885 1612 916 decorum
1639 885 1683 916 de
1703 885 1783 925 jure

1103 930 1337 970 respondentis
1360 932 1536 963 observat:
1560 932 1670 972 ‘Aio,'
1693 933 1784 964 ‘Ne-

1104 978 1169 1018 go,'
1191 979 1200 995 ‘
1215 979 1478 1010 Deliberandum
1492 981 1601 1011 sentio
1615 981 1635 1011 :’
1649 981 1786 1011 nonali-

1104 1032 1166 1066 ter,
1177 1036 1274 1067 quam
1285 1028 1311 1057 si
1324 1028 1430 1067 legem
1442 1027 1616 1059 conderet.
1639 1028 1685 1058 Et
1696 1037 1788 1063 sane.

1105 1085 1262 1115 responsa
1289 1076 1489 1115 prudentum
1511 1085 1585 1117 quae
1611 1075 1788 1115 vocabant,

1106 1132 1165 1163 pro
1181 1123 1309 1163 legibus
1323 1124 1541 1155 habebantur.
1585 1124 1638 1155 De
1652 1124 1714 1155 boc
1731 1133 1788 1154 au-

1106 1177 1172 1202 tem
1189 1173 1383 1203 consulendi
1399 1181 1503 1212 more,
1520 1171 1703 1204 videbimus
1719 1173 1788 1204 Sat.

1106 1230 1163 1252 ιιι.
1186 1222 1196 1238 ‘
1211 1221 1301 1260 Ergo
1316 1222 1502 1262 consulere,
1516 1226 1552 1253 et
1566 1231 1642 1252 mox
1655 1231 1791 1261 respon-

1106 1269 1187 1300 dere
1211 1269 1349 1303 licebit.'
1379 1271 1518 1300 Tor-rent.
1562 1269 1639 1310 Aio]
1665 1270 1788 1301 Treba—

1107 1318 1174 1349 tius
1189 1317 1342 1350 affirmat.
1395 1319 1539 1360 Peream]
1559 1319 1720 1351 Horatius
1741 1321 1789 1350 lo-

1107 1367 1231 1408 quitur.

1149 1418 1168 1446 7
1192 1417 1317 1456 Nequeo
1341 1417 1490 1458 dormire]
1516 1417 1642 1450 Jocosa
1671 1417 1713 1450 de
1742 1418 1790 1449 in-

1109 1468 1236 1498 somnia
1250 1469 1468 1507 querimonia,
1483 1478 1546 1500 nec
1559 1469 1666 1500 minus
1674 1469 1791 1509 jocosa

1110 1515 1268 1546 adversus
1284 1525 1358 1546 eum
1373 1517 1524 1547 morbum
1541 1516 1666 1548 tradita
1679 1526 1699 1547 a
1709 1516 1790 1547 Tre-

1109 1563 1200 1594 batio
1213 1563 1399 1596 medicina:
1424 1566 1482 1596 Ter
1496 1566 1582 1596 uncti
1599 1565 1792 1597 Trou-manto

1112 1613 1254 1643 Tiberim.
1299 1613 1393 1644 Licet
1409 1613 1497 1645 enim
1512 1615 1711 1654 tempestiva
1723 1623 1794 1645 om-

1110 1659 1160 1689 nis
1185 1660 1382 1691 exercitatio
1405 1661 1446 1691 ad
1463 1670 1609 1692 somnum
1625 1661 1792 1701 conferat,

1111 1716 1152 1737 ea
1164 1707 1307 1738 maxime
1332 1717 1406 1748 quae
1427 1709 1575 1747 natando
1589 1708 1639 1748 fit,
1651 1709 1736 1741 sicut
1757 1715 1795 1742 et

1113 1756 1237 1796 largior
1252 1756 1407 1788 invitatio
1424 1767 1432 1786 ι
1455 1756 1665 1788 manifestum
1679 1762 1730 1789 est
1745 1762 1795 1788 ta-

1113 1815 1189 1836 men
1204 1805 1256 1836 hic
1273 1806 1335 1836 ista
1351 1805 1481 1837 ridiculi
1496 1815 1612 1838 caussa
1625 1806 1714 1838 dici.⁴
1727 1806 1795 1838 Sed

1114 1859 1150 1885 et
1178 1855 1272 1893 illud,
1297 1855 1382 1886 uncti
1403 1858 1595 1896 transnanto,
1616 1855 1720 1895 magis
1734 1864 1795 1886 nos

1114 1903 1313 1944 oblectabit,
1332 1904 1359 1934 si
1375 1904 1619 1935 meminerimus
1635 1904 1797 1935 Romano-

1115 1961 1186 1983 rum
1206 1953 1476 1985 consuetudinis:
1498 1953 1575 1985 lassi
1597 1953 1685 1984 enim
1707 1962 1795 1984 cam-

1116 2001 1284 2040 pestribus
1304 2002 1488 2041 exercitiis,
1510 2001 1665 2036 sudorem
1680 2002 1796 2043 pulve-

1115 2058 1264 2090 remque,
1293 2055 1394 2090 atque
1419 2051 1554 2082 odorem
1581 2051 1658 2091 olei,
1689 2051 1796 2082 vicino

1115 2097 1227 2127 Tiberi
1253 2102 1408 2128 natantes
1430 2098 1621 2134 abluebant,
1635 2103 1674 2130 ut
1687 2107 1712 2129 1.
1729 2098 1797 2130 Od.

1116 2147 1146 2174 8.
1174 2144 1326 2175 vidimus.
1369 2146 1467 2177 Quod
1497 2155 1576 2177 vero
1592 2150 1651 2177 ,ter
1677 2147 1795 2186 inquit,

1115 2195 1307 2231 transnanto,
1323 2192 1355 2222 id
1372 2202 1505 2233 quoque
1520 2199 1555 2225 et
1569 2203 1588 2224 a
1602 2194 1740 2226 medicis
1759 2201 1796 2226 et

1115 2250 1133 2271 a
1149 2242 1254 2280 magis
1270 2242 1410 2281 petitum
1427 2246 1494 2273 est:
1519 2242 1638 2282 impari
1656 2243 1743 2275 enim
1759 2249 1796 2275 et

1116 2290 1288 2330 praecipue
1311 2290 1458 2321 ternario
1485 2300 1620 2323 numero
1637 2301 1795 2324 summam

1115 2341 1180 2370 vim
1197 2339 1244 2369 illi
1262 2339 1424 2371 tribuunt.
1443 2340 1581 2372 Torreat.
1626 2341 1684 2372 Ter
1696 2342 1797 2382 uncti]

1114 2387 1452 2419 Trebatiiconsilium.
1463 2388 1621 2420 Nataturi
1631 2389 1799 2430 ungeban-

1116 2442 1183 2477 tur,
1199 2442 1237 2468 ut
1252 2437 1316 2468 olei
1332 2437 1443 2468 calore
1459 2437 1618 2468 adversus
1633 2447 1727 2480 aquae
1741 2438 1799 2471 fri-

1114 2495 1175 2526 gus
1185 2486 1401 2517 munirentur.

1157 2538 1178 2566 9
1206 2535 1368 2574 Irriguum
1389 2534 1485 2574 mero]
1510 2535 1684 2567 Madidum
1712 2535 1799 2571 vino.

1117 2584 1183 2616 Sub
1196 2585 1326 2625 noctem]
1349 2584 1456 2615 Paulo
1471 2589 1549 2616 ante
1565 2590 1710 2618 noctem.

1161 2637 1200 2664 12
1214 2633 1365 2674 laturus]
1378 2633 1602 2674 Accepturus.
1634 2635 1798 2675 Cupidum]

1118 2685 1196 2715 Duo
1212 2683 1428 2724 exemplaria,
1441 2683 1564 2724 cupido,
1585 2693 1651 2715 non
1673 2685 1797 2725 placet.

1118 2734 1239 2766 Similis
1261 2737 1372 2766 autem
1388 2733 1569 2775 excusatio,
1583 2742 1608 2768 ι,
1626 2733 1692 2766 Od.
1707 2736 1737 2765 6.
1753 2733 1797 2765 ad
