1930 3204
388 277 498 321 1510

389 379 492 411 bebat
506 379 699 420 particulam
718 379 764 418 in,
780 382 872 410 recte
896 378 1030 419 quidem
1053 388 1072 409 a

391 427 552 459 Lambino
577 428 745 458 additam:
779 427 836 458 sed
862 437 934 458 eam
957 427 1073 467 optimi

393 475 526 506 codices
546 476 642 507 initio
665 477 806 506 extremi
835 476 987 506 versiculi
1017 475 1074 506 ad-

388 524 549 564 jungunt,
571 526 604 554 in
618 525 752 555 Pulvere
774 525 898 555 Teucro.
919 524 1073 554 Torrent.

396 573 563 612 posuitque
577 572 700 612 collum]
725 573 908 604 Occubuit.

437 623 476 651 12
500 621 645 660 Pulvere]
667 620 831 661 Apposita
845 631 920 660 vox,
932 621 1025 662 equis
1041 625 1076 652 et

394 669 592 699 militaribus
607 669 698 709 viris,
711 674 813 710 atque
828 670 911 700 adeo
926 670 1074 701 omnibus

396 717 579 758 exercitiis,
594 726 660 748 non
685 719 836 758 corporis
861 723 1002 757 tantum,
1017 719 1074 749 sed

397 770 433 796 et
441 767 688 806 metaphoricfis
698 767 814 797 animi:
839 777 912 798 nam
924 768 995 798 sine
1005 769 1076 808 pul-

398 823 476 845 vere
506 816 697 854 contingere
726 815 862 854 dicitur,
888 816 975 856 quod
1004 816 1076 856 quis

397 862 498 894 facile
521 869 578 895 aut
603 865 694 895 nulla
714 874 818 904 opera
839 865 1076 904 consequitur:

397 911 474 942 hinc
487 910 601 942 ἀκονιτὶ
616 913 688 943 sine
704 914 853 952 pulvere,
868 912 950 942 citra
966 912 1078 951 pulve-

399 959 444 989 ris
461 963 598 991 tactum.
612 961 707 999 Cruq.

441 1009 481 1037 13
505 1007 563 1037 Ille
586 1017 647 1038 non
668 1008 816 1047 inclusus]
841 1008 989 1039 Achilles
1013 1017 1078 1038 non

398 1053 538 1092 insidiis,
559 1059 617 1085 aut
637 1055 726 1094 dolo,
740 1055 799 1085 sed
822 1061 940 1094 aperto
967 1056 1080 1086 Marte

397 1101 529 1142 Trojam
558 1107 795 1142 expugnasset,
823 1103 884 1133 nisi
912 1113 931 1133 a
959 1104 1081 1134 Paride

399 1154 457 1180 tua
471 1159 586 1189 opera,
599 1156 635 1181 et
650 1151 803 1190 impulsu,
820 1151 909 1190 prius
929 1157 1017 1182 esset
1033 1152 1083 1182 in-

400 1196 576 1229 terfectus.
619 1199 708 1238 Equo
731 1199 902 1238 Minervoe]
926 1201 967 1231 In
997 1210 1082 1241 equo

399 1248 522 1288 ligneo,
535 1248 591 1288 qui
607 1249 767 1279 Minervae
790 1259 885 1280 sacra
899 1251 1083 1281 mentieba-

399 1301 467 1333 tur,
483 1301 519 1326 et
539 1297 726 1329 simulabat.
770 1297 855 1328 Nam
877 1298 990 1328 Graeci
1007 1299 1084 1330 ideo

401 1353 522 1384 equum
538 1343 738 1375 fabricatum
755 1344 938 1386 fingebant,
956 1352 992 1379 ut
1009 1348 1084 1378 Pal-

403 1391 514 1422 ladem
528 1390 687 1422 offensam
706 1393 891 1432 placarent.

447 1441 485 1469 14
518 1439 603 1470 Male
618 1440 769 1480 feriatos]
803 1443 845 1473 Id
876 1448 940 1483 est,
965 1445 1086 1484 ignavo

404 1487 578 1527 inutilique
592 1489 661 1520 otio
687 1495 858 1529 vacantes,
879 1497 915 1522 ut
940 1492 1086 1523 Budaeus

406 1537 474 1567 ait:
498 1538 609 1567 malim
624 1542 733 1568 tamen
748 1541 824 1570 male
837 1530 972 1578 seridtos
986 1541 1087 1571 inter-

408 1586 547 1625 pretari,
569 1591 694 1616 temere
720 1587 762 1617 ab
785 1589 882 1618 armis
897 1594 1086 1619 cessantes:

409 1635 497 1675 qnod
523 1640 620 1675 turpe
642 1641 694 1666 est
719 1637 752 1667 in
777 1637 854 1667 viris
881 1639 1089 1677 militaribus,

410 1682 466 1722 qui
482 1683 556 1722 soli,
571 1684 672 1714 etiam
687 1684 786 1714 ferias
802 1690 924 1724 agente
943 1687 1091 1716 multitu-

412 1731 502 1771 dine,
531 1741 597 1762 non
620 1733 746 1763 debent
769 1734 890 1771 omnia,
920 1734 971 1763 vel
995 1733 1091 1764 hoste

413 1780 502 1811 victo
514 1784 832 1821 superatoque,tuta
847 1786 977 1821 putare.
994 1783 1090 1822 Cruq.

455 1831 497 1858 16
518 1828 654 1860 Falleret
667 1830 781 1869 aulam]
803 1829 952 1861 Achilles
966 1840 1029 1861 non
1044 1830 1092 1861 fe-

414 1877 554 1908 fellisset
567 1879 724 1918 Trojanos
747 1888 806 1909 suo
828 1880 914 1910 malo
935 1880 1092 1917 otiantes,

414 1930 449 1956 et
475 1925 546 1956 dies
571 1925 674 1957 festos
699 1927 922 1958 celebrantes.
964 1928 1090 1967 Aulam]

413 1975 558 2006 Domum
573 1976 697 2013 regiam
714 1976 853 2014 Priami,
875 1980 910 2006 et
924 1978 972 2006 ita
987 1980 1092 2007 totam

414 2024 542 2053 urbem.
564 2023 704 2052 Lombin.

459 2074 497 2101 17
519 2070 582 2100 Sed
593 2072 694 2109 palam
706 2071 811 2111 victis]
826 2071 920 2101 Unus
935 2071 1092 2102 librorum

417 2122 603 2150 nostrorum
626 2118 690 2148 Sed
712 2119 812 2158 polam
825 2119 924 2148 vicem·
937 2119 1093 2150 habebat.

417 2171 451 2197 et
466 2167 566 2206 paulo
581 2171 657 2206 post
679 2175 740 2206 pro
763 2167 915 2205 latenteis,
929 2167 1094 2207 jacentem,

417 2215 472 2246 alii
487 2224 600 2245 omnes
621 2214 777 2252 latentem,
798 2214 885 2253 quod
905 2223 1037 2254 sequor,
1060 2221 1095 2246 et

417 2262 613 2294 Lambinum
627 2261 750 2301 fugisse
766 2261 875 2292 miror.
907 2262 969 2293 Est
983 2268 1094 2293 autem

416 2319 482 2341 non
495 2309 695 2340 inconcinna
707 2310 832 2339 numeri
845 2311 996 2342 mutatio.
1025 2311 1095 2342 Vic-

417 2363 467 2391 tor
492 2359 592 2389 etiam
621 2367 687 2389 non
712 2358 879 2399 displicet,
900 2368 1096 2400 quamquam

417 2408 509 2438 victis
522 2407 666 2438 fortasse
689 2406 863 2446 legendum
879 2407 934 2438 sit.
957 2408 1096 2440 Torrent.

420 2457 482 2488 Sed
504 2458 605 2496 palam
624 2457 714 2487 victis
734 2454 856 2494 gravis]
891 2456 955 2487 Sed
979 2462 1098 2497 aperto

419 2506 508 2537 bello
525 2515 643 2540 saevus,
657 2510 694 2536 et
707 2505 855 2543 immitis,
866 2504 962 2535 etiam
980 2515 1098 2545 parvos

419 2554 578 2594 infantes,
599 2558 634 2585 et
655 2557 807 2584 materno
823 2553 932 2584 ventri
956 2553 1098 2585 inclusos

422 2602 649 2633 combussisse.
671 2601 741 2632 Alii
755 2602 869 2641 legunt
884 2602 992 2641 caplis.
1020 2602 1099 2642 [Sed

420 2652 523 2689 palam
547 2651 666 2689 gravis,
693 2652 750 2682 hen
777 2651 890 2688 πρίω]
917 2650 998 2682 heu!
1027 2652 1098 2683 sine

421 2699 518 2735 captis
531 2699 563 2728 in
576 2698 768 2738 Bamberg]

460 2747 494 2775 21
523 2746 569 2775 Ni
583 2747 644 2777 tuis
658 2746 773 2785 victus]
807 2747 971 2788 Cruquius
987 2757 1028 2779 ex
1045 2759 1098 2781 ve-

829 288 973 319 NOTAE
1004 286 1263 319 vAmoRuM
1299 288 1350 318 IN

1121 378 1184 409 teri
1201 378 1316 409 codice
1331 378 1413 418 legit
1419 378 1537 419 flexus,
1559 387 1624 409 non
1636 377 1749 410 videns
1763 380 1797 411 id

1121 435 1162 456 ex
1186 428 1455 457 commentatoris
1483 427 1643 466 glossario
1665 427 1698 457 in
1722 436 1799 458 con-

1121 478 1250 505 textum
1262 475 1402 506 venisse.
1421 475 1559 506 Torrent.
1605 475 1652 505 Ni
1667 474 1729 505 luis
1739 475 1800 506 vic-

1122 523 1185 563 tus]
1211 523 1285 554 Nisi
1299 524 1460 564 ,luppiter
1474 523 1580 554 flexus
1597 524 1664 554 tuis
1677 524 1714 554 et
1732 523 1801 563 pla-

1124 571 1208 603 cidae
1233 571 1372 602 Veneris
1400 572 1556 611 precibus
1581 571 1802 602 concessisset

1125 620 1234 650 AEneae
1250 620 1416 651 laboribus
1432 630 1540 651 muros
1555 621 1718 651 Romanos
1731 621 1803 651 duc-

1125 669 1184 704 tos,
1213 667 1244 697 id
1271 673 1336 706 est,
1373 668 1538 698 duceudos
1567 673 1602 698 et
1624 667 1803 707 erigendos

1126 715 1254 753 potiore
1271 716 1364 754 alite,
1387 716 1419 746 id
1441 721 1505 756 est,
1529 715 1719 746 melioribus
1745 724 1803 746 an-

1125 763 1251 803 spiciis.

1167 813 1207 841 23
1219 811 1343 842 Potiore
1351 812 1469 851 ductos]
1482 812 1606 842 Urbem
1617 812 1701 842 enim
1711 821 1806 842 suam

1127 860 1299 891 credidere
1316 861 1453 891 Romani
1470 862 1706 900 sempiternam
1721 859 1806 890 fore.

1128 908 1218 938 Hinc
1235 909 1351 939 Roma
1366 909 1532 939 AETERNAE
1553 914 1587 939 et
1609 909 1640 939 in
1667 907 1807 939 nummis

1128 961 1162 986 et
1187 956 1220 986 in
1247 956 1461 986 marmoribus
1485 957 1626 996 antiquis
1649 956 1806 996 seriptum

1129 1004 1305 1034 cernimus.
1348 1003 1396 1034 Ut
1412 1013 1491 1034 vero
1507 1004 1666 1034 Horatius
1680 1004 1690 1022 ‘
1702 1003 1808 1035 alitis'

1131 1053 1293 1083 vocabulo
1315 1055 1350 1082 et
1365 1061 1425 1091 pro
1440 1052 1510 1082 avis
1526 1058 1562 1082 et
1579 1061 1639 1091 pro
1661 1050 1809 1090 auspicio

1131 1101 1257 1139 utitur;
1280 1106 1314 1131 et
1330 1101 1442 1131 Graeci
1458 1099 1578 1131 οἰωνοὺς
1593 1103 1714 1131 vocant
1738 1099 1811 1139 ipsa

1131 1150 1231 1180 etiam
1247 1149 1408 1189 auspicia.
1450 1149 1539 1180 Vide
1557 1156 1581 1179 ι.
1598 1148 1666 1179 Od.
1681 1150 1712 1178 ὃ.
1735 1147 1811 1178 Tor·

1131 1202 1210 1229 rent.

1173 1249 1213 1277 25
1239 1246 1356 1277 Doctor
1379 1247 1514 1287 arguta]
1535 1246 1576 1277 In
1597 1245 1702 1277 tribus
1722 1245 1813 1277 codi-

1133 1295 1227 1326 cibus
1243 1296 1402 1335 scriptum
1419 1296 1564 1336 repperi,
1584 1297 1704 1326 Ductor
1716 1295 1812 1334 Argi-

1132 1353 1179 1374 voe
1195 1344 1313 1383 fidicen
1331 1345 1466 1375 Tlmtioe:
1489 1349 1524 1375 et
1538 1350 1631 1376 recte
1646 1345 1678 1375 ni
1702 1342 1811 1375 fallor.

1133 1390 1339 1429 Μουσηγέτης
1361 1392 1445 1422 enim
1466 1392 1595 1422 celebre
1613 1391 1700 1431 apud
1717 1391 1812 1422 Grae·

1134 1451 1190 1472 cos
1215 1441 1379 1481 Apollinis
1401 1450 1593 1481 cognomen.
1615 1450 1680 1481 quo
1694 1439 1812 1472 ducem

1134 1490 1354 1530 comitemque
1375 1491 1546 1521 Musarum
1561 1499 1635 1520 esse
1649 1488 1814 1529 significa-

1135 1540 1226 1571 bant.
1286 1540 1413 1571 Medici
1439 1550 1532 1579 ergo,
1554 1545 1591 1571 ut
1614 1540 1814 1570 Plutarchus

1136 1588 1240 1619 refert
1260 1589 1411 1629 Sympos.
1428 1589 1647 1628 AEsculapium
1663 1592 1697 1618 et
1711 1587 1815 1627 Apol-

1135 1637 1248 1676 linem,
1259 1638 1315 1678 qui
1333 1638 1435 1668 Paean
1449 1637 1713 1676 cognominetur,
1727 1636 1817 1666 invo-

1137 1687 1272 1724 cabant,
1293 1695 1358 1716 non
1381 1686 1437 1725 qui
1462 1686 1667 1724 Musagotes,
1686 1685 1714 1715 is
1728 1685 1831 1726 enimi

1139 1733 1256 1764 Po‘etis
1271 1733 1438 1763 convenit.
1481 1733 1595 1764 Quare
1609 1741 1684 1762 eum
1699 1732 1816 1772 implo-

1140 1785 1192 1811 rat
1205 1781 1382 1818 Horatius;
1401 1784 1450 1820 ut,
1463 1780 1550 1810 sicut
1565 1779 1703 1819 Argiva.
1719 1780 1768 1824 ita
1781 1785 1817 1811 et

1141 1831 1272 1861 Daunia
1290 1831 1336 1861 illi
1360 1830 1458 1860 Musa
1480 1829 1575 1860 cordi
1598 1829 1653 1860 sit.
1679 1829 1818 1860 Torrent-

1143 1880 1257 1910 Ductor
1269 1879 1404 1919 arg-uter]
1424 1879 1455 1909 0
1470 1878 1599 1909 Phoebe
1613 1877 1747 1917 fidicen,
1761 1878 1818 1918 qni

1141 1927 1241 1958 doces
1255 1927 1403 1957 Thaliam
1418 1926 1548 1956 Musam
1563 1929 1683 1965 argute
1697 1933 1821 1956 canen-

1142 1982 1221 2008 tem.

1185 2029 1227 2056 26
1250 2026 1375 2056 Xantho
1400 2024 1501 2063 omne]
1538 2022 1685 2063 Παρᾰτὸ
1712 2021 1820 2060 ξανθὰς

1142 2073 1252 2113 τρίχας
1277 2074 1374 2103 ποιεῖν
1406 2074 1471 2103 τοῖς
1502 2070 1678 2110 λουομένοις
1709 2071 1819 2101 ἐκεῖσε·

1143 2122 1205 2151 hoc
1219 2124 1280 2158 est,
1302 2120 1426 2159 quadiu
1447 2129 1481 2149 eo
1505 2119 1562 2150 1012·
1574 2119 1655 2158 flavi
1670 2118 1756 2159 fiant
1769 2128 1819 2149 ca-

1139 2169 1218 2208 pilli.
1263 2169 1312 2198 Eo
1327 2168 1359 2198 ni
1375 2168 1470 2198 fallor
1485 2166 1633 2206 respexit
1645 2166 1818 2198 Horatius.

1143 2216 1233 2246 Nota
1247 2216 1333 2246 enim
1348 2214 1512 2255 Apollinis
1527 2213 1677 2254 capillitii
1699 2214 1820 2254 pulcri-

1142 2264 1234 2294 tudo.
1258 2264 1399 2294 Torreat.
1446 2263 1574 2293 Xantho
1587 2262 1689 2302 amne]
1709 2263 1819 2303 Trojoe

1140 2311 1253 2343 fluvio.

1184 2364 1225 2392 27
1248 2361 1399 2401 Daunioe]
1432 2360 1580 2392 Patriam
1604 2369 1695 2392 snam
1717 2360 1823 2400 respi-

1144 2410 1209 2441 cit:
1231 2415 1270 2440 ut
1285 2418 1340 2441 m.
1358 2409 1425 2440 Od.
1440 2412 1494 2440 30.
1537 2408 1592 2440 Its
1606 2409 1694 2439 enim
1720 2409 1730 2426 ‘
1744 2409 1822 2439 Ceae

1144 2457 1335 2493 Camoenae,'
1357 2459 1367 2475 ⁴
1386 2458 1537 2489 Calabrae.
1564 2456 1740 2496 Pierides:
1761 2466 1823 2497 pro

1145 2507 1323 2538 Simonidis
1359 2510 1394 2537 et
1421 2506 1519 2538 Ennii
1549 2505 1697 2537 versibus
1724 2505 1823 2538 dixit.

1148 2556 1288 2586 Torrent.
1329 2554 1476 2594 Daunia]
1499 2554 1625 2586 Latinas
1644 2555 1822 2592 Camoenae,

1146 2604 1179 2635 id
1194 2609 1259 2644 est,
1273 2604 1426 2635 carminis
1439 2604 1486 2633 sui
1504 2603 1627 2644 Lyrici.

1187 2655 1228 2683 28
1261 2652 1363 2683 Loevis
1390 2651 1527 2692 Agyieu]
1562 2650 1685 2681 Mirum
1717 2649 1820 2686 dictu,

1145 2711 1244 2742 quam
1270 2701 1359 2732 varie
1385 2700 1447 2731 boc
1463 2699 1627 2739 Apollinis
1640 2705 1820 2738 cognomen

1145 2749 1319 2791 proferant
1345 2749 1473 2789 antiqui
1497 2747 1638 2779 codices.
1679 2745 1764 2776 Nam
1786 2748 1821 2775 et
