1916 3262
505 283 717 316 HoRA'rn
751 282 1022 315 caussinum
1057 284 1156 315 ms.
1188 284 1220 314 1.
1247 273 1320 315 20.

181 378 344 419 Insulam,
355 378 412 410 ubi
428 376 678 418 religiosissime
688 375 879 408 colebatur.

179 429 328 470 Scythas]
364 429 565 471 Scytharum
598 433 635 459 et
672 427 879 460 Parthorum

180 482 271 513 bella
290 481 496 514 describere.

222 533 262 564 11
285 531 457 570 Reversis,
473 528 544 571 ξω]
575 528 706 560 Eodem
730 528 880 561 referen-

175 581 260 614 dum
290 581 374 614 illud
405 580 540 621 virgilii
556 590 566 611 z
600 581 610 598 ‘
630 580 879 620 Fidentemque

177 631 260 672 fuga
296 631 476 672 Parthum,
512 630 686 672 versisque
719 629 879 671 sagittis!

176 676 303 718 Bland.
319 680 420 713 codd.
433 680 560 712 habent
575 681 716 712 Aversis.
759 681 881 724 Ver-sis]

178 731 301 763 Parthi
315 730 484 772 fugientes
499 740 542 761 ex
558 731 654 771 equis
669 737 837 771 pugnant.

222 783 263 812 12
280 781 348 812 Nec
360 779 444 821 qm]
460 780 534 812 Nec
543 780 662 812 Venus
679 790 732 812 me
750 781 880 822 patitur

177 839 220 862 ea
235 829 350 862 dicere
362 839 436 871 quae
452 829 535 861 nihil
552 835 712 871 spectant
728 832 771 864 ad
789 841 879 864 amo-

177 889 263 920 rem,
278 879 312 911 id
329 884 397 919 est,
412 879 503 912 bella
518 881 645 913 dicere.

222 933 261 962 13
286 929 354 962 Hic
375 930 494 972 vivum]
527 930 582 962 Ad
610 931 781 964 Venerem
809 933 881 974 pla-

175 980 332 1020 candam,
363 987 401 1013 ut
431 980 567 1014 facilius
598 982 759 1023 Glycerae
791 994 882 1016 com-

177 1032 282 1072 plexu
298 1031 404 1064 fruar.
448 1033 479 1065 Ο
506 1033 669 1073 pueri‚-i‹l
693 1038 759 1074 est,
775 1044 795 1066 ο
811 1043 882 1065 ser-

179 1081 225 1121 vi,
238 1082 356 1123 ponite
369 1087 404 1114 et
419 1089 539 1123 parate
554 1082 635 1114 mihi
651 1083 820 1123 cespitem
834 1084 881 1115 vi-

178 1141 270 1171 vum,
284 1131 319 1163 id
335 1136 399 1172 est,
413 1131 556 1164 viridem
572 1131 686 1174 (eujus
701 1133 807 1164 herba
822 1133 880 1164 ad-

177 1181 243 1213 huc
259 1181 377 1213 viridis
393 1181 462 1223 est)
489 1187 528 1214 ut
546 1192 650 1223 super
664 1193 739 1214 eam
754 1184 883 1215 Veneri

177 1232 380 1267 sacrificem.
414 1234 522 1274 Nota,
538 1233 627 1276 quod
644 1234 676 1265 in
693 1234 796 1266 rebus
812 1235 883 1266 lon-

178 1293 255 1324 gam
269 1292 396 1315 moram
408 1293 474 1315 non
489 1283 689 1324 ferentibus,
701 1294 820 1324 cespes
835 1285 884 1316 lo-

178 1343 255 1365 cum
267 1342 337 1365 arae
355 1334 547 1365 obtinebat.
594 1333 766 1373 Cespitem]
783 1334 882 1364 Lam—

178 1383 277 1414 binus
289 1383 446 1423 caespitem
460 1392 521 1422 per
536 1382 786 1423 diphthongum
801 1383 884 1414 scri·

177 1431 242 1464 bit.
267 1432 364 1464 Turn.
380 1440 460 1464 xxr.
475 1435 528 1463 21.

219 1485 261 1515 14
290 1482 446 1515 Ver-beruas
464 1483 586 1525 ponite]
619 1483 677 1516 Sic
692 1483 877 1524 Virgilius:

171 1532 182 1551 ‘
198 1531 446 1575 Verbenasque
463 1533 562 1565 adole
584 1533 727 1575 pingues
745 1539 780 1566 et
795 1544 883 1566 mas-

176 1584 255 1616 cula
274 1584 397 1617 thura.’
441 1585 539 1616 Bene
565 1585 746 1625 verbenas,
772 1586 883 1628 cespi-

177 1638 260 1675 tem,
277 1639 314 1666 et
338 1635 414 1666 thus
441 1635 570 1667 Veneri
596 1636 780 1677 promittit,
805 1646 882 1678 quae

174 1693 242 1716 nou
259 1684 416 1726 placatur
431 1686 612 1727 sanguine.
657 1686 741 1718 Cum
763 1687 883 1728 itaque

175 1735 322 1766 Veneris
333 1745 468 1777 quoque
479 1736 669 1776 proprium,
679 1741 782 1777 atque
794 1736 883 1777 apud

176 1784 346 1816 Romanos
364 1794 452 1825 pene
474 1790 678 1825 perpetuum
694 1794 884 1824 cognomen

177 1834 224 1866 sit
241 1834 407 1874 Genitrix,
421 1833 517 1865 nefas
533 1834 655 1866 merito
679 1833 790 1865 videri
807 1844 884 1875 pos·

177 1888 244 1921 set,
268 1883 365 1915 cassia
387 1893 462 1915 eam
487 1883 607 1915 hostiis
631 1883 799 1924 venerari,
822 1894 885 1924 per

177 1942 279 1974 quam
304 1933 377 1965 vita
398 1933 620 1965 concedatur.
665 1933 817 1975 Eamque
841 1934 884 1966 ob

177 1991 315 2014 causam
342 1982 503 2014 Erasmus
524 1983 614 2014 hunc
630 1983 742 2015 locum
759 1983 808 2016 sic
825 1993 884 2016 ex-

177 2032 286 2074 ponit,
310 2039 347 2064 ut
370 2035 380 2050 ⁴
396 2032 592 2064 venturam'
616 2032 712 2065 dicat
735 2038 744 2051 ‘
758 2033 883 2075 Glyce-

177 2090 248 2113 ram
264 2082 441 2120 leviorem,
465 2091 566 2123 quam
582 2087 735 2115 mactata
747 2083 792 2115 sit
804 2084 883 2116 hos-

177 2130 245 2163 tia.¹
304 2131 461 2163 Nunnius
493 2133 641 2165 Miscell.
671 2143 731 2166 ιιι.
765 2134 882 2166 Acron.

179 2181 322 2213 Torrent-
371 2181 543 2222 Verbenas]
567 2182 704 2214 Herbas
720 2193 846 2216 sacras.

221 2234 260 2263 15
285 2231 389 2272 Bimi]
415 2232 568 2264 Duorum
586 2242 764 2265 annorum.

220 2285 263 2314 16
284 2283 446 2324 Mactata]
477 2280 667 2324 Postquain
685 2282 814 2315 factum
830 2282 883 2315 fu-

177 2331 244 2364 erit
254 2331 472 2373 sacrificium,
483 2332 634 2374 Glycera
649 2334 763 2365 veniet
775 2334 883 2366 multo

179 2381 286 2413 leuior
300 2386 337 2413 et
353 2382 574 2422 mansuetior,
588 2392 658 2416 non
674 2389 850 2425 proterva.

180 2429 265 2462 Ona
280 2439 344 2463 xx.
370 2432 586 2471 Πραγματική.
621 2433 682 2466 An
698 2435 883 2467 Miscens·

223 2488 313 2512 rans.
350 2481 481 2513 Invitat
497 2483 728 2516 Maecenatem
743 2485 785 2517 ad
803 2495 883 2518 con-

223 2529 362 2572 yivium,
385 2531 524 2562 minime
539 2538 786 2574 sumptuosum.

225 2582 242 2612 1
273 2579 355 2620 Vite]
377 2580 446 2612 Per
470 2590 507 2613 se
530 2582 668 2622 quidem
691 2584 771 2620 vile,
797 2594 884 2625 prae-

181 2631 300 2663 sertim
314 2630 503 2662 Maecenati
519 2636 658 2663 assueto
674 2633 885 2675 melioribus,

181 2680 242 2713 sed
272 2681 455 2721 multiplici
486 2680 622 2711 nomine
649 2684 884 2715 commendau-

182 2730 275 2762 dum.
320 2730 410 2762 Nam
436 2734 472 2762 et
497 2730 589 2771 apud
613 2739 650 2762 se
665 2738 797 2769 natum,
813 2739 848 2765 et
864 2744 885 2766 a

182 2791 219 2813 se
247 2781 419 2813 conditum
450 2782 582 2822 scribit,
615 2787 650 2814 et
679 2783 817 2824 quidem
843 2794 884 2817 eo

183 2839 349 2874 tempore,
372 2842 439 2874 quo
455 2832 652 2873 Maecenati,
669 2837 765 2865 tanto
781 2836 883 2867 totius

1519 275 1631 319 1371

930 376 1018 418 Pop.
1030 377 1127 410 Rom.
1139 386 1320 416 consensu,
1335 376 1380 408 ob
1396 378 1590 412 restitutam
1602 382 1634 412 ei

930 427 1163 458 valetudinem
1188 426 1222 458 iu
1250 427 1403 458 Theatro
1433 427 1634 467 applausum

929 475 1008 508 fuit.
1034 476 1102 508 Alii
1117 477 1178 509 vile
1194 481 1328 517 vocant,
1339 477 1419 518 quia
1434 477 1636 518 inemptum.

927 527 998 559 Sed
1024 528 1109 560 illud
1133 528 1270 560 malim:
1294 528 1421 560 nullius
1438 527 1526 559 enim
1543 533 1633 561 notae

930 579 1045 611 vinum
1062 579 1239 611 Sabinum.
1259 579 1406 611 Torreat.
1447 578 1534 620 Vile]
1556 579 1636 611 Non

929 629 1044 670 magni
1071 629 1193 670 precii.
1244 628 1413 670 Sabinum]
1446 629 1575 661 Vinum
1602 630 1636 661 in

928 678 1104 711 montibus
1120 679 1252 711 Sabinis
1267 683 1398 712 natum.

955 730 993 772 ,2
1021 729 1209 771 Cantharis]
1246 729 1289 760 In
1319 727 1452 770 poculis
1481 728 1638 769 modicis,

929 787 997 811 non
1012 778 1194 811 admodum
1211 779 1408 820 capacibus.
1445 779 1560 810 Groeca
1575 781 1636 810 tes-

929 828 989 870 ta]
1004 829 1109 860 Dolia
1125 833 1279 861 veterum
1295 828 1418 875 fictilia
1432 827 1536 861 fuisse
1552 829 1638 861 dicit

929 879 1129 911 Torrentius
1143 889 1153 911 z
1172 884 1209 911 et
1226 879 1304 911 hinc
1317 880 1327 896 ‘
1341 882 1482 911 testam'
1498 889 1562 920 pro
1578 879 1638 911 do·

928 930 976 962 lio
993 930 1119 962 dixisse
1133 930 1318 962 Lambinus
1333 935 1462 972 negat:
1487 940 1565 963 nam
1578 940 1638 962 an-

931 980 1087 1023 tiquitus,
1112 980 1212 1022 dicit,
1232 980 1432 1012 condebant
1459 982 1574 1012 vinum
1602 981 1637 1012 in

931 1031 1047 1071 testis,
1061 1031 1095 1063 id
1113 1036 1177 1071 est,
1191 1031 1373 1073 amphoris,
1389 1040 1449 1063 seu
1465 1031 1562 1063 cadis
1579 1030 1638 1063 fic-

932 1081 1070 1113 tilibus:
1103 1090 1245 1123 quarum
1271 1082 1412 1121 optimae
1437 1086 1537 1113 eraut
1561 1091 1639 1122 quae

931 1131 1152 1173 fingebantur
1168 1132 1203 1163 in
1219 1131 1370 1164 Graecia.
1418 1132 1564 1163 Graecum
1579 1141 1645 1162 au·-

935 1189 1003 1216 tem
1019 1187 1144 1224 restam,
1157 1185 1347 1216 Cumanam
1359 1184 1413 1216 vel
1427 1184 1574 1215 Samiam
1590 1184 1641 1215 in·
1675 1186 1677 1189 '

933 1234 1063 1274 tellige.
1092 1235 1188 1266 Turn.
1216 1243 1293 1266 xvt.
1319 1237 1352 1266 5.
1412 1233 1519 1275 Testa]
1543 1232 1640 1266 Cado

933 1284 1045 1324 fictili,
1070 1285 1126 1316 vel
1151 1285 1326 1326 amphora,
1346 1294 1423 1326 quae
1444 1284 1640 1326 tingebatur

932 1334 967 1364 in
983 1334 1135 1365 Graecia.

975 1387 995 1415 3
1021 1386 1189 1416 conditum
1204 1383 1282 1424 levi]
1306 1385 1516 1425 Diligentem
1529 1394 1639 1416 asser-

934 1434 1106 1465 vationem
1122 1434 1206 1475 vini,
1228 1434 1318 1476 quod
1345 1434 1489 1466 daturus
1505 1439 1571 1471 est,
1590 1434 1641 1464 in-

931 1484 1043 1516 dicat:
1062 1483 1232 1527 siquidem
1245 1489 1369 1516 testam
1382 1484 1456 1525 ipse
1469 1493 1641 1516 suamauu

931 1535 1132 1567 obleverat:
1157 1535 1248 1577 quod
1266 1536 1321 1567 vel
1349 1544 1443 1576 cera,
1468 1535 1522 1566 vel
1551 1535 1640 1575 pice,

932 1587 988 1618 vel
1014 1586 1167 1618 crassiori
1197 1587 1311 1628 aliquo
1328 1586 1455 1627 gummi
1470 1586 1545 1617 fieri
1562 1595 1642 1618 con-

932 1637 1057 1670 suevit.
1102 1637 1183 1669 Levi
1212 1642 1325 1668 autem
1356 1641 1393 1668 et
1419 1636 1477 1668 livi
1503 1636 1642 1668 dicitur.

934 1686 1013 1718 binc
1024 1687 1166 1719 relinere.
1181 1687 1344 1718 Torrent.
1388 1685 1484 1725 Levi]
1508 1685 1645 1726 Picavi,

936 1736 991 1768 vel
1008 1736 1086 1777 pice
1103 1736 1200 1775 inivi,
1216 1746 1235 1767 a
1252 1736 1357 1767 verbo
1372 1736 1447 1766 lino.

977 1789 999 1817 4
1024 1786 1146 1826 Quum]
1180 1787 1258 1819 Quo
1275 1791 1429 1827 tempore
1445 1785 1591 1826 populus
1606 1785 1642 1816 in

936 1835 1074 1868 theatro
1091 1836 1154 1867 tibi
1171 1835 1417 1877 applaudebat,
1431 1838 1573 1876 recepta
1587 1843 1646 1865 va-

935 1885 1105 1918 letudine.

979 1940 998 1967 5
1017 1935 1135 1978 Eques]
1152 1935 1194 1967 In
1211 1935 1364 1976 equestri
1381 1935 1551 1975 dignitate
1567 1944 1644 1976 per—

935 1995 1086 2018 manens.
1134 1986 1178 2017 Ue
1192 1984 1335 2025 paterni]
1351 1985 1420 2021 Sic,
1435 1989 1473 2016 ut
1488 1985 1570 2026 ripae
1583 1985 1643 2016 Ti-

935 2035 1029 2067 beris
1052 2040 1088 2067 et
1110 2044 1206 2066 mons
1221 2035 1410 2066 Vaticanus
1430 2035 1528 2066 simul
1551 2044 1644 2066 reso-

934 2089 1058 2116 narent
1074 2084 1117 2115 ad
1139 2085 1418 2116 acclamationem
1437 2090 1472 2115 et
1489 2085 1643 2125 plausum

934 2134 1052 2176 populi
1070 2134 1134 2166 tibi
1150 2134 1283 2173 datum,
1302 2133 1591 2175 quemadmodum
1608 2136 1643 2165 in

933 2185 1082 2217 Theatro
1098 2184 1212 2226 excipi
1236 2185 1395 2216 solebant
1412 2184 1476 2215 viri
1495 2184 1582 2216 bene
1599 2183 1642 2215 de

934 2236 1124 2277 Republica
1140 2235 1267 2275 meriti,
1292 2235 1373 2266 mali
1397 2239 1521 2267 contra
1537 2234 1644 2266 sibilis

933 2285 1222 2327 explodebantur.

975 2338 997 2367 6
1012 2335 1148 2366 Paterni
1151 2333 1314 2375 fluminis]
1330 2333 1485 2375 Propter
1495 2334 1641 2375 patriam

933 2386 1006 2428 ejus
1035 2385 1234 2420 'l‘husciaun
1265 2384 1325 2415 ubi
1358 2384 1491 2415 Tiberis
1520 2385 1642 2416 oritur.

938 2437 1110 2467 Comment.
1144 2433 1318 2474 Fluminis]
1333 2434 1482 2474 Tiberis,
1494 2435 1552 2476 qui
1568 2433 1644 2465 fluit

935 2486 980 2517 ab
994 2485 1161 2516 Hetruria
1177 2484 1381 2516 Maecenatis
1398 2485 1521 2524 patria.

977 2538 997 2567 7
1035 2535 1196 2574 Vaticani]
1235 2535 1424 2565 Vaticanus
1462 2543 1557 2565 mons
1592 2538 1644 2565 est

935 2585 1071 2617 theatro
1087 2583 1245 2624 Pompeii
1260 2583 1406 2621 vicinus,
1421 2591 1529 2623 prope
1542 2583 1644 2614 Tibe-

937 2645 1011 2666 rim.

979 2688 999 2717 8
1023 2682 1148 2724 Imago]
1181 2683 1287 2722 Echo,
1317 2691 1394 2723 quae
1423 2682 1552 2714 ultimae
1581 2692 1642 2714 seu

935 2741 1100 2768 extremae
1130 2733 1223 2764 vocis
1250 2732 1435 2763 desinentis
1462 2741 1642 2774 repercus-

936 2786 1031 2818 sione
1044 2783 1155 2824 jocari
1172 2781 1320 2814 videtur.

979 2838 1000 2866 9
1026 2832 1210 2873 Coecuhum]
1236 2831 1359 2864 Vinum
1376 2830 1570 2873 Campaniae
1587 2841 1640 2864 re·
