1930 3204
508 287 711 320 HORATu
745 286 1017 318 cARMlNUM
1054 286 1148 316 LlB.
1182 284 1252 315 lv:
1278 274 1349 314 15.

197 383 385 424 stupefieri,
413 383 447 415 in
471 392 538 425 quo
560 383 678 413 horror
695 379 832 421 qnidam
849 388 888 410 ac

197 443 291 475 saepe
319 433 423 466 etiam
453 432 625 464 veneratio
653 433 717 462 est.
762 429 888 460 Pulcre

196 483 239 514 de
254 483 373 524 apibus
384 484 479 524 Virg.
496 482 586 523 regis
599 480 811 521 majestatem
831 477 887 509 de-

195 533 348 565 scribens
362 544 371 564 :
396 539 404 552 ‘
418 534 483 566 Ille
498 539 639 574 operum
654 534 780 569 custos,
794 529 888 560 illum

197 582 433 623 admiramini-‚³
443 585 506 614 &c-

236 635 278 665 44
312 633 513 673 nomineque
532 629 661 670 Roma]
699 629 826 668 Recte,
850 632 890 660 ut

195 686 232 714 et
255 682 424 714 Romanos
461 690 571 712 rerum
607 679 775 710 dominos‘
807 678 889 711 dici-

194 741 280 769 mus.
305 731 407 773 Atqui
424 731 452 762 si
468 731 657 771 Augustum
671 730 681 747 ‘
695 729 866 760 dominum
877 727 887 743 '

194 780 416 821 appellasset,
441 785 477 812 et
501 780 652 821 graviter
675 778 888 821 offendisset,

193 835 230 860 et
246 830 353 861 minus
369 830 400 862 ei
415 831 525 862 laudis
542 830 715 862 tribuisset
729 841 736 860 ε
761 833 770 847 “
785 829 888 861 domi-

189 878 246 911 ni’
269 880 359 911 enim
383 889 504 911 nomeu
529 889 571 910 ne
598 889 659 920 per
678 880 794 920 jocum
816 878 889 920 qui-

190 928 269 961 dem
285 930 375 969 tulit,
400 931 428 962 si
451 931 613 962 Suetonio
636 930 830 962 credimus:
854 934 890 961 et

191 980 298 1012 multo
326 980 511 1021 speciosius
543 985 607 1018 est,
628 981 764 1020 patriae,
789 989 889 1021 quam

190 1029 254 1060 sibi
270 1029 448 1070 imperium
465 1039 632 1071 quaerere.
651 1029 794 1063 Turrem.
819 1030 890 1065 Do-

191 1079 341 1118 mumque
366 1079 490 1119 Romoe]
514 1080 630 1110 Romae
659 1079 824 1121 principis
838 1089 890 1111 ur-

193 1127 297 1159 binm-
340 1128 431 1159 Vide.
446 1139 548 1169 supra
565 1129 633 1161 Od.
651 1131 684 1161 3.

233 1180 274 1209 45
302 1177 347 1209 To
361 1178 518 1218 sontium]
541 1179 640 1210 Nilus
669 1179 806 1220 AEgypti
826 1178 891 1211 fln-

190 1227 279 1266 vius,
293 1228 351 1269 qui
366 1228 458 1260 celat
478 1229 641 1270 originem
664 1239 799 1260 suorum
816 1229 890 1260 fon-

191 1277 273 1308 tium
291 1278 342 1319 (id
360 1284 426 1319 est,
443 1280 542 1320 cnjus
562 1278 675 1311 fontes
692 1284 726 1311 et
741 1280 889 1321 origines

124 1335 126 1337 ’
191 1330 303 1362 adhuc
315 1340 413 1363 nemo
426 1331 547 1371 scivit)
559 1331 654 1362 audit
669 1336 716 1371 te,
730 1331 764 1363 id
777 1337 841 1371 est,
854 1337 888 1364 te

189 1381 285 1421 colit,
300 1385 337 1411 et
354 1384 547 1412 veneratur.
592 1407 595 1410 ,

230 1429 386 1470 4⁶11th
403 1429 579 1475 Dwtubius
595 1428 718 1460 fluvius
736 1438 888 1470 permag-

187 1489 262 1512 nus.
302 1480 424 1522 Tigris]
441 1479 552 1520 Tigris
568 1485 621 1511 est
637 1479 809 1511 Armeniae
825 1479 886 1511 flu-

188 1529 276 1573 vius.
294 1529 381 1562 adeo
398 1531 510 1570 velox,
534 1534 573 1562 ut
599 1530 780 1572 aliquando
804 1540 887 1562 saxa

187 1579 340 1620 ingentia
353 1589 467 1612 secum
485 1580 607 1620 rapiat.

230 1632 272 1661 47
295 1630 474 1671 Beuuom]
499 1630 648 1671 Novum,
670 1629 731 1661 sed
757 1630 888 1671 perele-

189 1688 272 1720 gans
299 1679 430 1712 Oceani
458 1680 661 1721 epithetum,
684 1685 720 1711 et
751 1680 886 1721 quidem

188 1730 399 1762 verissimum
414 1740 422 1760 :
447 1731 475 1761 si
492 1730 628 1770 quidem
643 1730 781 1761 Tiberio
797 1731 888 1770 prin-

189 1780 266 1821 cipe
279 1781 312 1812 in
325 1781 467 1811 insulam
480 1781 648 1820 quandam
663 1784 785 1810 contra
798 1781 888 1820 Lug-

189 1829 349 1861 dunensis
370 1830 552 1869 provinciae
583 1829 691 1864 littus,
715 1833 887 1860 trecentas

190 1877 335 1918 auiplius
362 1877 492 1908 belluas
520 1878 754 1918 reciprocam,
782 1878 888 1910 desti·

189 1928 268 1960 tuit.
300 1927 392 1960 Plin.
405 1937 459 1960 tx.
473 1931 504 1960 5.
548 1928 712 1960 Belluosus
725 1930 778 1969 qui
793 1938 889 1960 remo·

187 1978 249 2019 tis]
271 1978 320 2010 Te
345 1977 440 2010 audit
461 1978 632 2014 Oceanus,
655 1978 713 2019 qui
731 1979 887 2018 ingentes

188 2027 320 2060 belluas
334 2028 369 2060 in
381 2038 418 2060 se
434 2029 615 2060 continens
627 2029 808 2060 Britannos
821 2029 887 2060 cir-

187 2083 365 2111 cumsonat
381 2088 402 2110 a
416 2080 511 2111 nobis
527 2080 627 2119 longe
642 2079 829 2118 sejunctos.

230 2130 273 2160 ⁴9
295 2129 370 2160 Non
397 2129 540 2170 paventis
564 2127 699 2168 sunem]
742 2128 885 2160 Druidae

185 2178 274 2210 enim
284 2178 449 2219 imprimis
461 2179 524 2210 hoc
537 2179 654 2209 volunt
667 2179 887 2219 persuadere,

185 2237 253 2260 nou
269 2227 409 2260 interire
425 2228 566 2264 animas,
582 2227 642 2259 sed
659 2228 702 2259 ab
719 2229 792 2260 aliis
809 2233 886 2269 post

185 2281 328 2310 mortem
344 2278 490 2309 transire
506 2279 547 2309 ad
575 2278 670 2317 alios,
693 2284 795 2320 atque
820 2279 884 2310 hoc

184 2327 332 2359 maxime
347 2328 391 2360 ad
404 2328 566 2360 virtutem
580 2329 732 2360 excitare
750 2334 885 2369 putant,

187 2381 282 2408 metu
298 2377 416 2408 mortis
445 2378 608 2415 neglecto.
652 2378 770 2409 Caesar
785 2379 825 2408 de
843 2379 885 2410 Β.

188 2425 232 2457 G.
249 2435 301 2457 vr.
338 2426 463 2459 Funera
481 2426 612 2466 Gallioe]
635 2427 727 2458 Galli
743 2433 885 2459 mortem

188 2484 256 2506 nou
277 2476 556 2514 extimescebam,
581 2477 647 2513 vel,
671 2482 813 2518 propter
836 2478 886 2508 iu-

189 2526 339 2566 genitam
364 2524 594 2562 ferocitatem.
623 2526 689 2565 vel,
716 2527 795 2567 quia
823 2527 887 2558 sibi

189 2574 451 2616 persuadebant,
473 2574 562 2615 quod
579 2575 760 2616 aliquando
774 2586 887 2608 renas-

188 2630 362 2658 cerentur.
406 2625 480 2667 [Te‚
494 2635 553 2656 mm
570 2624 706 2665 feroces,
720 2627 773 2666 asc.
804 2627 886 2659 Var.

189 2676 286 2708 nect.
303 2685 359 2716 ap.
370 2674 511 2716 jaeck}

229 2728 273 2756 50
297 2725 456 2766 Dumque
469 2724 577 2766 tellus]
596 2725 790 2758 Laboriosae
807 2726 887 2758 His-

190 2775 314 2816 paniae.

230 2827 270 2859 ⁵1
295 2824 468 2867 Sicambri]
494 2825 579 2866 Hos,
605 2825 886 2867 quemadmodum

1521 275 1634 317 1529

939 382 974 410 et
999 380 1140 416 Suevos,
1165 379 1199 409 in
1221 377 1367 409 Galliam
1387 376 1540 409 traduxit
1564 380 1636 411 Au-

938 427 1068 469 gustus,
1080 429 1256 469 locumque
1267 427 1315 458 eis
1325 427 1522 468 assignavit.
1538 438 1634 468 quam

939 477 1154 510 clementiam
1171 476 1308 517 experti
1321 477 1418 516 victi,
1431 477 1552 508 merito
1570 479 1637 509 vic·

939 534 1048 560 torem
1065 528 1326 559 venerabantur.
1346 527 1435 558 Torr.
1467 526 1637 567 Sicambri]

938 578 1132 610 Germaniae
1146 577 1262 618 populi
1280 576 1447 608 bellicosi.
1482 576 1572 608 Vide
1584 586 1638 608 su-

938 638 1001 672 pra
1018 627 1086 660 Od.
1100 630 1133 660 2.
1175 635 1189 640 '¹

980 681 1023 710 52
1047 678 1233 718 Compositis
1247 680 1433 709 eenerantur
1446 675 1556 717 armis]
1571 675 1637 707 Ar-

938 729 1001 760 mis
1017 730 1050 759 in
1066 738 1133 759 uno
1148 729 1224 760 loco
1240 728 1336 759 simul
1354 727 1487 768 positis,
1509 732 1544 758 et
1559 736 1639 758 con-

939 779 1030 815 ditis,
1047 778 1080 809 id
1094 783 1160 816 est,
1174 778 1266 809 bello
1279 777 1394 808 sedato
1410 782 1446 809 et
1461 777 1569 807 finito.

941 829 1024 861 Onu
1056 837 1118 860 xv.
1152 827 1411 868 Ἒγκῳμιαστική.
1472 826 1636 858 Ancum

981 879 1134 911 LAunns.

983 929 1069 961 Haec
1099 929 1177 962 Ode
1203 929 1378 961 invenitur
1401 929 1434 960 in
1463 928 1548 960 Cod.
1572 928 1639 960 Ms.

940 979 1114 1012 adhaerere
1144 979 1355 1021 praecedenti
1385 979 1532 1010 indivisa
1549 989 1558 1009 z
1596 987 1638 1010 ea

939 1028 1088 1062 fortasse
1102 1030 1146 1063 de
1161 1040 1294 1075 caussa,
1313 1029 1401 1071 quod
1426 1029 1553 1060 eisdem
1578 1037 1639 1059 nu-

939 1081 1044 1112 meris
1072 1086 1107 1112 et
1135 1079 1244 1112 modis
1274 1085 1363 1113 esset
1389 1080 1574 1119 descripta,
1602 1083 1639 1110 et

939 1136 1031 1162 esset
1047 1131 1209 1171 ⁴ejusdem
1238 1131 1437 1170 argumenti.
1471 1129 1640 1170 Cruquius.

923 1189 927 1194 ’
941 1179 1053 1210 Poeta
1069 1190 1189 1211 novam
1206 1177 1367 1212 laudandi
1380 1179 1568 1220 Augustum
1583 1189 1640 1210 oc-

939 1230 1109 1262 casionem
1119 1231 1276 1272 arripuit,
1288 1237 1323 1262 et
1337 1236 1494 1271 tanquam
1507 1240 1527 1261 a
1539 1229 1638 1260 Phoe-

940 1279 982 1312 bo
994 1279 1200 1320 admonitus,
1214 1291 1256 1312 ne
1272 1281 1361 1312 bella
1380 1281 1510 1321 Lyricis
1524 1289 1640 1311 uume-

938 1331 984 1362 ris
999 1331 1153 1372 adoptet.
1175 1331 1302 1362 leviora
1317 1330 1498 1361 scribenda
1514 1330 1614 1360 sumit
1629 1340 1636 1359 ε

890 1384 892 1386 “
925 1384 976 1411 'ut
992 1386 1071 1412 ante
1092 1381 1186 1416 belli,
1208 1381 1256 1411 sic
1273 1390 1362 1411 nunc
1378 1381 1469 1421 pacis
1483 1380 1588 1411 arteis
1604 1379 1638 1410 iu

937 1431 1067 1471 optimo
1089 1431 1242 1471 principe
1258 1430 1470 1462 collaudans.
1494 1430 1638 1461 Tot-rent.

937 1480 1006 1520 [Aa
1021 1481 1140 1512 Divum
1155 1481 1336 1520 Augustum
1353 1480 1554 1520 Bamberg.]

980 1533 996 1561 1
1023 1530 1158 1562 Phoebus
1181 1530 1330 1562 volentem
1353 1529 1480 1570 praelia]
1514 1528 1639 1570 Apollo

937 1580 1120 1621 increpuit,
1155 1580 1188 1612 id
1213 1585 1279 1619 est,
1303 1580 1496 1621 objurgavit
1519 1584 1555 1611 et
1580 1579 1638 1610 ad-

936 1633 1066 1663 monuit
1080 1642 1134 1663 me
1151 1632 1319 1662 volentem
1338 1631 1471 1671 praelia,
1485 1634 1521 1662 et
1531 1631 1640 1662 victas

937 1682 1038 1713 urbes
1060 1682 1150 1722 loqui
1175 1682 1261 1722 lyra,
1283 1682 1317 1712 id
1343 1684 1398 1712 est
1424 1681 1549 1720 Lyrico
1564 1690 1639 1712 car-

938 1730 1039 1762 mine.
1074 1730 1108 1770 [‘
1126 1730 1373 1760 Markland-us:
1390 1730 1511 1760 volente
1528 1750 1536 1759 .
1549 1749 1578 1760 ..
1591 1731 1639 1770 ly-

936 1789 1029 1816 ram;
1052 1789 1150 1820 quam
1177 1785 1292 1810 tamen
1308 1783 1420 1810 uotam
1446 1782 1564 1819 postea
1580 1778 1639 1810 de-

938 1828 1050 1860 levit!
1072 1828 1204 1869 Jaeck.]

980 1881 1000 1910 2
1023 1879 1183 1919 Increpuit
1198 1878 1284 1919 lyra]
1307 1878 1427 1910 Dictio
1442 1879 1524 1920 lyra,
1538 1879 1640 1919 paulo

938 1929 1099 1960 remotius
1115 1939 1134 1960 a
1148 1928 1252 1959 verbo
1262 1929 1344 1968 loqui
1359 1928 1639 1969 posita,nonuihil

938 1977 1150 2010 difficultatis
1167 1979 1276 2020 parit:
1293 1979 1375 2009 satis
1388 1984 1510 2019 aperta
1525 1983 1638 2010 tamen
1667 2021 1670 2023 ‚

937 2030 1108 2060 sententia
1125 2033 1189 2060 est.
1233 2028 1270 2060 Si
1286 2029 1361 2070 quis
1387 2034 1501 2060 tamen
1527 2034 1638 2061 totum

937 2079 1020 2110 illud
1032 2079 1183 2119 increpuit
1194 2079 1263 2119 lyra
1274 2079 1315 2108 ad
1328 2078 1494 2110 Phoebum
1507 2078 1638 2110 referre

936 2129 1045 2167 malit,
1059 2138 1112 2159 nie
1129 2129 1264 2159 volente
1279 2127 1315 2158 id
1329 2126 1452 2159 faciet:
1478 2129 1532 2160 vel
1548 2129 1637 2170 quod

936 2179 1044 2219 lyram
1073 2183 1208 2218 tenens,
1234 2182 1272 2210 ut
1298 2177 1373 2209 fere
1401 2179 1565 2220 pingitur,
1584 2180 1639 2211 vel

936 2229 1025 2270 quod
1054 2229 1158 2261 etiam
1187 2230 1262 2270 lyra
1291 2229 1462 2270 accinens,
1491 2230 1637 2262 Poetam

935 2279 1179 2320 objurgaverit.
1217 2278 1444 2320 Apertissima
1458 2285 1551 2312 esset
1563 2290 1638 2312 seu-

938 2330 1048 2360 tentia
1064 2330 1091 2360 si
1108 2339 1171 2371 pro
1193 2330 1356 2366 colentem,
1370 2332 1490 2362 volente
1506 2331 1638 2371 legere-

938 2382 1012 2409 tur:
1031 2383 1101 2410 tum
1114 2380 1290 2420 eleganter
1303 2381 1474 2412 diceretur
1486 2382 1638 2421 increpuit

937 2429 1018 2469 lyra,
1035 2438 1096 2468 pro
1112 2429 1260 2462 insonuit
1277 2431 1371 2471 lyra:
1393 2441 1458 2472 quo
1476 2432 1542 2463 Dei
1557 2441 1636 2463 con-

938 2478 1106 2509 citatioris
1133 2479 1321 2520 indignatio
1345 2481 1500 2521 quaedam
1524 2482 1638 2522 expri-

937 2529 1055 2558 mitur.
1100 2527 1205 2559 Ovid.
1229 2530 1322 2561 Fast.
1338 2539 1388 2562 vr.
1410 2529 1563 2562 ‘Annuit
1577 2530 1637 2563 Al-

938 2577 1032 2608 cides
1047 2579 1287 2620 increpuitque
1304 2579 1402 2620 lyra!
1446 2580 1536 2612 Quid
1553 2590 1635 2622 ergo

937 2628 966 2657 si
988 2627 1136 2659 Phoebus
1162 2629 1213 2659 sic
1238 2634 1351 2659 vatem
1375 2633 1528 2661 nostrum
1543 2630 1637 2672 loqui

937 2678 1058 2718 proelia
1075 2677 1246 2709 volentem
1258 2679 1342 2719 lyrae
1357 2679 1504 2719 impulsu
1522 2680 1634 2713 deter-

937 2727 1030 2758 ruit?

978 2780 998 2810 3
1022 2779 1073 2809 Ne
1084 2787 1183 2818 parva
1200 2778 1396 2819 Tyrrhenum
1413 2779 1485 2820 per]
1508 2779 1562 2816 Ne
1579 2790 1633 2813 res

937 2828 1082 2869 grandes
1100 2829 1193 2861 tenni
1210 2829 1310 2860 Musa
1326 2838 1496 2863 canerem.
1542 2830 1633 2864 Ane-
