1916 3262
352 257 368 297 J
378 254 462 296 418

395 360 435 390 14
456 357 580 398 Adrioe]
604 357 716 388 Adriae
742 359 863 398 sonori,
889 365 923 391 et
951 364 1034 391 tem·

352 407 500 447 pestuosi
530 407 638 438 maris.
691 407 971 453 PoniturlAdria
1000 411 1033 439 in

352 459 472 487 neutro
503 466 638 496 genere,
668 462 704 487 ut
742 466 843 496 supra
876 459 952 489 Ode
983 461 1035 490 ll.

350 506 594 546 [Schoenborn.
610 510 640 537 2.
662 508 764 537 raucis
777 507 926 547 fluctibus
938 509 1036 539 adire.

395 559 432 586 16
465 556 637 587 Autumnos
666 556 831 595 nocentem]
865 556 1035 588 Autumno

347 602 474 644 (inquit
487 603 789 644 Hippocr.Aphor.
802 613 857 636 m.
869 605 917 645 9.)
927 606 1034 637 morbi

347 656 424 683 sum
439 652 623 683 acutissimi
639 657 740 693 atque
759 654 914 684 exitiales
931 655 1034 685 maxi-

348 710 403 732 ma
431 711 474 731 ex
502 706 613 741 parte.
671 702 796 733 Causas
830 703 916 734 citat
955 704 1033 735 Gai.

347 750 505 791 quinque,
522 759 620 791 quem
636 751 773 782 consule
791 750 835 792 (si
851 751 978 793 placet)
999 753 1034 783 in

347 798 492 829 eundem
508 798 636 838 Aphor.
776 825 781 831 ,

390 850 431 878 16
452 847 616 887 Austrum]
639 848 755 879 Austri
770 849 917 880 auditum
933 848 1033 880 hebe-

347 900 434 936 tant,
449 897 622 936 caliginem
638 896 829 936 offundunt,
843 904 944 938 caput
960 906 1036 938 gra-

346 950 439 980 vant,
466 945 660 976 tarditatem
685 951 807 984 motus,
832 956 871 978 ac
898 947 1035 986 languo-

347 1001 416 1024 rem
434 993 610 1024 inducunt.
653 994 734 1024 Gal.
748 995 781 1024 in
794 993 922 1034 Apiior.
935 1003 990 1026 ιιι.
1004 998 1036 1026 5.

389 1044 428 1072 1⁷
456 1042 608 1073 Visendue
633 1042 716 1082 ater]
741 1043 835 1073 Ordo
852 1049 924 1074 est:
952 1043 1035 1074 Ater

346 1090 495 1130 Cocytus
510 1090 646 1122 flumine
672 1092 829 1131 languido
852 1098 902 1123 est
927 1093 1034 1123 visen-

345 1140 417 1178 dus,
433 1139 467 1170 id
483 1144 546 1178 est,
563 1140 767 1170 moriendum
785 1146 848 1171 est.
893 1142 1036 1174 Flumine

342 1188 503 1228 languido]
520 1188 619 1229 Aqua
635 1189 730 1229 pigre
740 1188 880 1225 fluente,
897 1196 1035 1231 propter

344 1240 414 1277 ejus
439 1239 637 1270 crassitiem.
681 1239 851 1280 [visendus
864 1239 932 1276 not,
957 1241 979 1272 i.
1004 1249 1034 1272 e.

343 1291 456 1325 autem,
471 1288 634 1328 Gueiph.]

387 1338 426 1366 18
445 1336 577 1375 Cocytus
591 1335 712 1374 errans]
733 1335 828 1374 Virg.
843 1335 972 1366 AEneid.
983 1344 1033 1367 vr·

342 1383 352 1401 ‘
370 1384 585 1424 Cocytusque
607 1383 680 1413 sinu
700 1383 815 1414 labens
835 1383 1034 1416 circumfluit

344 1431 443 1463 atro)
481 1431 594 1462 Graeci
611 1431 755 1462 Κωκυτὸν
769 1437 891 1463 vocant
906 1432 966 1463 ἀπὸ
978 1434 1034 1464 τοῦ

343 1479 482 1521 κωκύειν,
495 1481 582 1522 quod
599 1492 674 1513 cnm
695 1482 815 1521 gemitu
827 1482 910 1523 flere
933 1487 1032 1524 atque

343 1530 457 1567 &utare
485 1530 665 1570 significat.
700 1531 841 1562 Tmeut.
902 1533 1034 1573 Cocytus

342 1579 466 1618 errans]
488 1580 635 1619 Cocytus
658 1583 712 1610 est
731 1578 852 1610 fluvius
866 1579 1032 1612 flexuosus

344 1627 527 1666 infernalis,
554 1637 575 1658 a
610 1628 715 1668 Styge
752 1628 935 1661 derivatus.
988 1631 1032 1661 Et

345 1675 468 1715 Danai]
493 1676 538 1706 Et
554 1676 662 1707 Danai
676 1677 752 1707 fiuae
769 1676 924 1715 infames,
943 1680 1033 1719 quod

344 1733 410 1755 una
433 1730 534 1756 nocte
559 1726 664 1766 patris
680 1726 775 1765 jussu
797 1727 935 1757 maritos
957 1737 1032 1758 suos

343 1774 584 1805 interficerent.
621 1775 728 1806 Danai
739 1774 852 1814 genus]
868 1775 961 1806 Fiuae
978 1779 1031 1807 50.

344 1822 516 1853 Danaides
531 1823 645 1860 dictae,
667 1833 686 1852 a
707 1828 804 1863 patre
821 1824 941 1856 Danao
957 1825 1032 1857 Beli

343 1870 424 1911 filio,
447 1880 467 1902 a
486 1881 552 1912 quo
570 1877 606 1903 et
622 1872 751 1903 Belides
771 1873 813 1904 ab
830 1882 892 1904 avo
907 1883 1034 1906 nuncu-

345 1925 447 1959 patae.
474 1921 570 1960 Cruq.

385 1972 427 2000 20
457 1969 625 2010 Sisyphus]
659 1970 855 2002 Martanum
885 1972 1031 2003 omnium

343 2018 577 2056 astutissimus,
606 2019 632 2048 si
669 2018 818 2049 Homero
853 2019 1033 2050 credimus.

343 2066 443 2097 Unde
472 2065 608 2104 Σισύφου
635 2066 783 2105 μηχαναὶ,
820 2076 878 2097 seu
906 2067 1032 2107 Sisyphi

341 2119 437 2156 artes,
460 2116 492 2145 in
517 2117 728 2155 proverbium
746 2115 918 2148 abierunt:
945 2123 1032 2148 utet

341 2164 501 2204 ‘Sisyphi
529 2163 670 2201 saxum,'
695 2174 792 2204 quem
823 2165 878 2195 iiie
909 2175 1030 2206 perpe-

343 2217 437 2244 tuum
461 2212 610 2243 laborem
629 2213 787 2242 maiarum
803 2214 923 2244 artium
944 2224 1031 2245 mer-

342 2261 461 2292 cedem
475 2262 602 2292 retulit.
629 2261 716 2292 Torr.
761 2261 926 2302 Sisyphus]
940 2263 1032 2303 sisy-

344 2310 427 2350 phua
443 2311 524 2341 AEoii
544 2309 629 2340 fitius
645 2311 693 2340 sic
709 2309 895 2350 damnatus,
909 2317 945 2343 ut
961 2313 1029 2344 ion-

342 2368 419 2399 gum
436 2359 584 2390 laborem
601 2367 767 2399 nunquam
780 2359 904 2391 finiret.

383 2411 425 2440 22
442 2409 548 2448 Neque
560 2407 682 2447 harum]
700 2408 795 2439 Ordo
811 2413 862 2440 est
876 2421 884 2441 t
909 2409 1029 2450 Neque

341 2458 412 2489 niis
437 2458 551 2489 irarum
572 2457 742 2495 arborum,
761 2466 842 2497 quas
867 2458 962 2496 coiis,
979 2468 1029 2489 se-

342 2511 464 2547 quetur
482 2512 515 2537 te
533 2506 666 2537 brevem
692 2505 873 2546 dominum,
895 2507 946 2548 (id
968 2513 1033 2548 est,

342 2560 376 2586 te
394 2555 487 2586 brevi
504 2553 698 2594 victurum,)
713 2560 838 2595 praeter
854 2564 1030 2596 cupressos

341 2604 477 2642 invisas,
492 2604 525 2635 id
548 2608 614 2644 est,
633 2602 790 2634 funebres
806 2611 839 2635 et
857 2605 1031 2647 Proserpi·

342 2662 394 2683 nae
410 2657 630 2684 consecratas.
677 2654 760 2689 Quas
773 2655 862 2696 cocis]
882 2654 936 2687 Ad
953 2657 1032 2689 ‹ieli-

342 2701 413 2732 cias
434 2706 469 2731 et
488 2703 696 2741 voluptatem
712 2709 933 2746 comparatas,
949 2714 1030 2747 qua·

342 2751 390 2781 ies
406 2755 482 2780 suut
501 2751 665 2792 platanus,
680 2755 742 2785 διο.

805 266 945 298 No'rAE
979 268 1239 299 vAluoRuM
1273 269 1324 299 IN

1129 363 1169 392 23
1193 361 1312 392 Invisae
1326 361 1496 401 cupressos]
1519 363 1595 394 Duo
1611 363 1715 394 nostri
1733 364 1772 396 ii-

1086 409 1137 440 bri
1167 419 1326 450 cupressus
1354 411 1498 441 habent:
1522 415 1560 441 ut
1585 412 1773 444 autemhio

1086 459 1212 499 invisas,
1234 460 1281 490 sic
1308 460 1414 499 Epod.
1436 469 1469 489 v.
1499 460 1508 477 ‘
1523 459 1679 491 funebres
1690 459 1713 499 ;’
1737 465 1774 493 et

1087 507 1183 547 Virg.
1205 507 1279 538 AEn.
1301 517 1350 539 vr.
1374 511 1383 526 ⁸
1401 508 1541 539 ferales’
1567 514 1679 540 voeat.
1721 509 1772 541 Ao

1088 555 1258 587 funeream
1274 565 1345 588 esse
1359 567 1564 598 cupressum,
1575 562 1674 598 atque
1684 557 1772 589 adeo

1089 605 1160 635 Diti
1175 610 1210 635 et
1226 605 1434 646 Proserpinae
1454 616 1598 646 sacram,
1619 612 1656 637 et
1676 606 1772 637 fune-

1089 653 1133 682 ris
1165 653 1288 684 indicio
1318 660 1397 684 aute
1425 659 1628 686 mortuorum
1657 655 1773 686 domos

1087 702 1253 743 collocari,
1270 703 1420 734 omnibus
1437 709 1563 736 uotum.
1589 705 1730 736 Torrent-

1126 754 1168 782 24
1192 750 1323 783 Brevem
1347 752 1515 792 domiuum]
1545 753 1664 784 Brevis
1692 753 1773 784 vitae

1086 798 1269 839 dominum,
1296 805 1331 832 ut
1360 801 1483 832 ‘breve
1507 801 1632 832 fliium-³
1677 801 1775 842 [Vita

1085 848 1212 887 brevem,
1225 850 1277 887 asc.
1301 849 1497 890 Bamberg]

1127 899 1167 927 25
1192 897 1339 929 Absumet
1352 898 1462 938 hares]
1487 899 1608 931 Haeres
1622 902 1701 930 tuus
1724 898 1772 930 ef-

1085 944 1251 977 fusissime
1281 954 1466 988 consumet,
1503 957 1576 989 qum
1605 953 1643 979 tu
1674 948 1772 979 nimis

1087 1004 1190 1035 parce
1217 997 1456 1037 conquisivisti.
1510 997 1653 1037 Cecuba]
1685 997 1774 1029 Vina

1088 1045 1335 1076 accuratissime
1359 1050 1506 1078 servata.
1551 1047 1707 1086 Dignior]
1725 1046 1775 1077 Te

1087 1093 1236 1132 dignior,
1265 1095 1344 1134 quia
1373 1095 1478 1126 utitur
1509 1105 1583 1136 quoe
1612 1096 1774 1170 possidet,

1088 1151 1187 1182 quum
1205 1147 1239 1173 tu
1258 1152 1391 1182 parcas,
1405 1149 1442 1174 ut
1459 1145 1573 1175 sacris.

1129 1194 1170 1223 27
1189 1192 1302 1231 ringet
1312 1192 1533 1233 pavimentum]
1547 1193 1668 1225 Haeres
1682 1163 1774 1225 avari

1086 1240 1199 1272 divitis
1213 1241 1401 1272 luxuriosus
1425 1242 1511 1282 vino,
1531 1243 1618 1284 quod
1641 1243 1696 1275 ine
1719 1244 1774 1286 vix

1086 1294 1220 1327 gustare
1235 1299 1333 1322 ausus
1354 1290 1470 1330 fuerit,
1491 1291 1540 1323 sie
1556 1292 1721 1332 abutitur,
1736 1298 1776 1324 ut

1086 1346 1126 1368 eo
1150 1338 1250 1368 etiarn
1277 1339 1468 1377 pavimenta
1490 1349 1554 1379 per
1574 1340 1774 1372 ebrietatem

1086 1390 1273 1426 respergat,
1303 1395 1342 1418 ac
1374 1388 1452 1418 dum
1481 1389 1568 1420 bibit
1591 1393 1628 1421 et
1655 1391 1774 1430 vomit,

1077 1435 1086 1452 ‘
1097 1435 1322 1467 Marmoribus
1331 1436 1392 1467 rivi
1402 1437 1605 1478 properent?
1619 1438 1772 1480 Superbo]

1085 1485 1194 1516 Vocat
1210 1493 1335 1516 merum
1351 1487 1544 1526 superbum,
1567 1487 1622 1518 vei
1646 1487 1691 1518 ob
1714 1496 1774 1519 no-

1084 1532 1250 1564 bilitatem
1278 1543 1317 1564 ac
1352 1534 1509 1575 pretium,
1542 1535 1593 1566 vei
1620 1535 1708 1576 quod
1736 1537 1772 1567 in

1085 1583 1253 1614 dominum
1284 1589 1351 1614 tam
1385 1584 1567 1624 superbum
1599 1585 1773 1618 inciderit.

1085 1632 1228 1664 Quidam
1245 1632 1421 1672 legendum
1438 1637 1590 1674 censent,
1601 1635 1772 1675 samer-bunt.

1083 1681 1238 1711 Torrent.
1293 1681 1407 1719 Tinget
1434 1683 1640 1721 pauiu-cutm
1669 1693 1772 1724 super-

1085 1729 1169 1768 bum]
1195 1730 1382 1769 Resperget
1405 1730 1616 1769 magnificum
1636 1731 1774 1764 triclinii

1086 1777 1311 1816 pavimentum
1325 1777 1400 1808 vino
1413 1778 1668 1820 melioramentum
1682 1781 1773 1821 quod

1086 1821 1184 1856 datur
1211 1826 1244 1856 in
1266 1826 1369 1856 coenis
1392 1827 1603 1866 pontificum.
1645 1828 1774 1870 [affigaet

1080 1874 1288 1914 pavimentum
1302 1874 1466 1916 Gneiph.]

1126 1926 1167 1954 28
1191 1923 1378 1963 Pontificum
1392 1924 1499 1964 coenis]
1521 1924 1563 1956 Id
1579 1929 1642 1965 est,
1662 1934 1775 1967 sump-
1826 1919 1830 1928 ’

1085 1972 1199 2010 tunsis,
1215 1972 1378 2011 opiparis.
1423 1973 1500 2004 Vid.
1519 1983 1544 2005 ι.
1569 1975 1639 2006 Od.
1662 1978 1716 2006 3⁷.
1741 1978 1773 2006 2.

1085 2019 1206 2050 Caeiius
1229 2028 1295 2050 vn.
1317 2022 1370 2051 26.
1422 2021 1546 2059 [codd.
1573 2031 1627 2061 sp.
1650 2023 1772 2062 Jaeck,

1080 2067 1199 2107 potiore
1221 2075 1306 2106 cena,
1330 2068 1382 2098 vei
1399 2069 1501 2106 canis,
1524 2070 1576 2099 vei
1592 2079 1692 2110 scena,
1718 2072 1771 2102 vei

1083 2115 1194 2154 cenis]

1084 2163 1166 2194 Om:
1188 2172 1247 2194 xv.
1279 2163 1455 2201 Μεμπτική.
1507 2164 1545 2195 In
1570 2166 1620 2196 sui
1647 2167 1771 2198 Saecuii

1125 2213 1251 2243 luxum.
1294 2212 1423 2243 Luxum
1445 2213 1535 2244 circa
1559 2214 1702 2245 aedificia
1723 2216 1772 2245 in-

1126 2266 1260 2300 gentem
1293 2261 1526 2300 reprehendit:
1555 2268 1589 2293 et
1619 2268 1771 2303 veterum

1125 2314 1243 2341 contra
1267 2308 1494 2348 frugalitatem
1520 2317 1770 2343 commemorat.

1124 2358 1287 2399 [Bambei
1291 2368 1321 2398 g.
1345 2358 1425 2389 Haec
1440 2360 1477 2390 de
1487 2360 1633 2398 proesenti
1648 2362 1773 2393 luxuria

1124 2407 1271 2447 temporis
1286 2407 1371 2438 dicit.
1374 2407 1388 2446 ]

1125 2461 1141 2488 l
1152 2460 1267 2489 Aratro
1274 2456 1406 2496 Jugera]
1416 2456 1468 2487 Ad
1480 2457 1656 2490 arandumx
1669 2438 1771 2500 quum

1083 2508 1187 2537 omnis
1214 2515 1299 2545 pem
1327 2515 1406 2546 ager
1429 2511 1644 2546 sumptuosus
1665 2508 1772 2539 domi-

1084 2556 1156 2596 bus,
1179 2555 1328 2596 piscinis,
1351 2560 1385 2586 et
1411 2555 1516 2586 hortis
1537 2555 1592 2586 vix
1615 2556 1770 2588 sufficiat.

1083 2606 1195 2645 Regia:
1208 2603 1314 2644 moles]
1333 2604 1389 2635 Sic
1403 2605 1704 2645 sumptuosissimam
1718 2605 1769 2637 sni

1084 2655 1197 2686 saecuii
1214 2653 1306 2684 villas
1328 2658 1438 2692 vocat,
1459 2653 1492 2684 iu
1521 2654 1652 2686 urbium
1673 2663 1768 2695 pune

1084 2704 1217 2736 niodum
1243 2701 1447 2740 aedificatas;
1467 2703 1662 2734 Structuras
1685 2711 1766 2741 ope-

1084 2763 1174 2786 rosas
1190 2757 1225 2784 et
1240 2756 1366 2783 sumtus
1382 2751 1512 2782 infiniti.
1531 2751 1671 2782 Tau-rent.
1702 2750 1765 2782 Re-
