1916 3262
341 280 451 322 1436

342 383 435 422 gioso
449 381 590 423 quodam
612 381 742 413 silentio
766 382 1023 422 peragebantur.

341 431 416 463 Qua
431 431 473 461 de
489 431 726 471 superstitione
742 430 799 470 qui
826 431 923 470 plura
938 431 1026 462 scire

339 479 432 519 velit,
454 480 694 510 Tertullianum
720 479 832 519 adeat,
849 479 943 510 initio
967 480 1025 511 lib.

339 535 455 561 contra
481 531 653 562 Valentin.
692 531 738 561 Et
763 530 939 571 Augustin.
972 533 1024 562 Dc

340 579 485 610 Civitate
502 581 579 620 Dei,
596 589 660 610 vu.
675 583 731 611 20.

379 631 421 659 28
447 628 611 668 Trabilms]
633 628 703 660 Sub
719 629 835 659 eodem
853 632 955 661 tecto.

378 679 421 708 29
447 677 622 718 Phaselum]
646 679 777 709 Navem
800 679 960 713 velocem,
990 683 1026 710 et

337 726 524 766 oblongam.
567 727 741 767 Diespiter]
770 726 908 767 Jupiter
938 727 1023 768 (diei

338 780 372 805 et
388 776 472 806 lucis
495 776 610 816 pater)
634 786 697 806 non
721 776 829 807 cultus
847 786 938 816 saepe
955 786 1026 806 cas-

339 827 390 853 tos
417 828 452 854 et
473 824 668 855 innocentes
695 825 791 865 punit
811 834 884 856 cum
911 825 1024 866 impiis

338 878 374 902 et
390 873 599 904 incestuosis.

379 924 420 952 30
443 921 561 952 Incesto
572 923 692 960 addidit
705 922 873 962 integrum]
891 923 1024 962 Nempe

337 979 413 1000 cum
440 970 482 1000 ob
511 970 651 1000 infanda
680 979 859 1009 paucorum
889 971 1027 1010 scelera,

337 1017 473 1058 publica
500 1019 727 1049 immittuntur
749 1020 848 1058 mala,
872 1029 946 1060 quae
969 1029 1025 1050 ve·

337 1071 427 1097 teres
458 1066 630 1098 sacrificiis
657 1077 697 1098 ac
727 1070 1025 1109 supplicationibus

336 1118 491 1146 avertere
509 1115 678 1156 solebant,
699 1121 757 1148 aut
776 1119 925 1159 expiare.
951 1120 1025 1150 Tor-

335 1167 415 1195 rent.

377 1215 415 1243 31
458 1213 542 1245 Raro
582 1216 809 1248 antecedentem
848 1218 1024 1259 scelestum]

337 1262 484 1293 Pulchra
504 1263 622 1294 Poe'tae
647 1266 754 1296 nostri
771 1265 815 1296 de
831 1265 944 1298 divina
953 1268 1026 1307 jus—

336 1310 412 1341 titia
426 1312 604 1344 sententia.
637 1314 797 1345 Quamvis
813 1315 910 1345 tarda
923 1325 1024 1355 saepe,

335 1361 484 1389 attamen
528 1364 622 1391 certa
665 1363 830 1393 scelerum
867 1363 1024 1394 vindicta.

335 1408 412 1439 Quo
440 1406 528 1439 bene
557 1409 773 1448 proverbium
801 1410 882 1441 illud
918 1410 1024 1442 refert

334 1455 559 1496 Porphyrion,
584 1458 594 1475 ‘
608 1457 667 1488 Dii
687 1459 801 1489 laneos
823 1459 950 1490 habent
963 1469 1022 1499 pe-

334 1504 419 1535 des!
473 1506 559 1536 Raro
590 1508 814 1538 antecedentem
850 1509 1020 1548 scelestum]

334 1553 440 1584 Poena
455 1554 552 1585 tardo
565 1555 650 1595 pede
661 1556 831 1596 incedens,
846 1565 922 1587 raro
937 1558 1022 1597 pati-

334 1605 390 1631 tur
414 1602 591 1633 scelestum
621 1603 786 1634 hominem
814 1609 1021 1644 praeeuntem

334 1648 498 1688 effugere,
514 1650 572 1680 sed
589 1660 664 1681 eum
681 1651 860 1691 aliquando
877 1653 1022 1693 assequi-

334 1703 400 1737 tur,
413 1703 447 1729 et
459 1693 723 1739 comprehendit.

376 1749 417 1777 32
440 1747 604 1788 Deseruit]
627 1748 906 1790 Ostenditculpae
921 1751 1023 1781 comi-

334 1800 402 1825 tem
420 1805 493 1827 esse
510 1806 653 1836 poenflm,
667 1801 704 1827 ut
719 1797 846 1828 1v.Od.
863 1802 894 1828 5.
919 1802 928 1816 ¹
945 1799 1023 1830 Cul-

334 1853 410 1883 pam
428 1853 525 1884 poena
548 1845 669 1885 premit
690 1845 826 1877 comes.'
860 1847 1022 1887 [Schoen-

335 1892 428 1923 born.
443 1896 475 1923 2.
489 1894 566 1933 pede
580 1894 698 1934 eluda]

334 1941 414 1972 One
445 1951 502 1974 ιιι.
539 1942 755 1983 Πραγματική.
805 1945 867 1975 Vir
896 1945 1023 1976 virtute

374 1991 536 2031 praeditus
553 1993 636 2023 nihil
652 1993 858 2024 extimescit.
901 1994 1023 2026 Oratio

373 2040 518 2071 Junonis
541 2041 704 2080 de’Troja
720 2051 850 2082 eversa,
870 2043 913 2074 de
935 2045 1022 2076 bello

373 2088 517 2128 Trojano
525 2089 634 2130 finito,
645 2089 754 2130 deque
763 2090 912 2130 Imperio
925 2091 1022 2123 Rom.

376 2145 396 2166 a
410 2137 561 2176 Trojunis
576 2137 707 2168 initium
724 2143 875 2178 capturo.

374 2186 393 2214 1
420 2185 566 2216 Tenacem
585 2185 751 2226 propositi]
776 2186 957 2218 Ἐπιεικείας
971 2187 1022 2219 καὶ

332 2233 559 2274 χρηστότητος,
582 2235 616 2265 id
637 2239 702 2275 est,
725 2236 862 2276 (equique
883 2236 1020 2276 bonique,

333 2291 409 2324 quae
437 2283 471 2314 in
505 2283 633 2324 Repub.
661 2283 710 2315 ita
737 2284 852 2324 vigere
881 2293 1021 2316 necesse

333 2336 398 2370 est,
420 2336 456 2362 nt
477 2331 547 2362 sine
573 2331 613 2362 iis
633 2341 706 2363 esse
732 2341 798 2362 non
822 2333 939 2372 possit,
963 2343 1021 2364 ne-

333 2381 411 2411 dum
437 2379 567 2412 florere.
599 2381 694 2420 Cruq.
741 2381 886 2412 Tenacem
912 2392 1020 2422 propo-

332 2428 404 2468 siti]
426 2430 544 2460 Virum
559 2429 732 2470 proposito
755 2434 848 2461 recto
865 2440 1020 2471 perseve-

334 2485 476 2508 tantem.

374 2529 394 2558 2
417 2527 491 2557 Non
509 2526 636 2566 civium]
661 2526 738 2558 Non
755 2526 875 2558 seditio
898 2527 1019 2559 civium

332 2574 462 2615 iniquas
484 2576 575 2615 leges
607 2576 814 2615 ponentium,
840 2585 916 2616 quae
944 2586 1019 2608 cum

333 2632 430 2662 aequo
442 2629 476 2654 et
490 2624 577 2655 bono
589 2629 752 2665 puguant.
777 2624 1018 2664 [Schoenborn.

333 2673 364 2701 2.
372 2680 469 2710 parva
475 2673 678 2714 jubentium]

376 2721 395 2748 3
419 2718 569 2751 Instantis
595 2722 736 2762 tyranni]
762 2722 905 2762 Tyranni
933 2732 1018 2764 prae-

334 2773 452 2798 sentis.

795 291 932 321 NOTAE
958 283 1226 322 ‘vmuonum
1260 291 1311 321 IN

1111 387 1134 421 ⁷4
1159 382 1265 413 Mente
1293 381 1408 422 quatit]
1441 382 1496 412 De
1526 383 1689 415 sententia
1711 386 1761 418 di-

1074 436 1198 467 movet,
1219 432 1252 463 id
1275 437 1339 472 est,
1361 440 1426 462 non
1452 430 1555 463 efficit
1570 433 1760 465 inconstan-

1076 484 1155 511 tem.

1117 532 1135 558 5
1162 529 1239 560 Dux
1269 529 1416 569 inquieti]
1459 529 1597 560 Arbiter
1632 529 1760 563 Adriae.

1073 577 1160 607 Vide
1184 586 1224 608 ιι.
1249 578 1316 609 Od.
1344 581 1375 608 3.
1414 578 1476 608 Est
1497 577 1602 609 Adria
1627 580 1759 619 generis

1074 626 1183 656 neutri
1198 631 1313 657 contra
1326 627 1488 667 regulam.

1115 678 1134 705 7
1159 675 1196 705 Si
1205 675 1330 712 fractus
1349 675 1493 706 illabatur
1516 674 1611 714 orbis]
1635 675 1760 707 Allnsit

1075 723 1117 754 ad
1142 724 1334 755 Graecorum
1361 725 1585 765 proverbium,
1615 725 1703 765 quod
1727 725 1761 756 in

1075 782 1132 803 eos
1149 772 1283 812 citatur,
1297 774 1352 814 qui
1368 774 1400 804 iu
1414 774 1585 805 tutissimis
1602 774 1702 805 rebus
1718 774 1761 805 ri-

1075 820 1185 851 dicule
1215 821 1344 853 timent.
1382 823 1540 853 Erasmus.
1584 821 1622 852 Si
1635 823 1762 859 fractus
1823 857 1826 859 ‚

1074 869 1234 910 illabatur]
1264 870 1299 901 Si
1319 871 1437 902 coelum
1461 875 1550 910 ruat,
1577 871 1628 902 vir
1645 871 1761 911 justu·

1074 918 1161 949 illius
1177 919 1303 949 ruinam
1318 929 1385 950 non
1401 926 1615 960 expavescet·

1117 970 1136 998 8
1160 967 1350 1007 Impavidum
1365 967 1499 1009 ferient]
1530 969 1646 1001 Qualis
1662 969 1696 1000 in
1710 979 1762 1001 sa-

1075 1016 1223 1055 piantem
1243 1026 1282 1047 ac
1306 1021 1514 1048 constantem
1532 1017 1636 1048 virum
1659 1018 1762 1050 cadat

1075 1069 1197 1102 metus,
1222 1075 1264 1095 ex
1291 1065 1439 1105 Epicteti
1460 1064 1633 1104 Διαλεεέων
1653 1065 1712 1098 lib.
1728 1074 1760 1097 v.

1076 1113 1225 1145 ostendit
1240 1114 1329 1144 Geli.
1347 1122 1428 1145 xxx.
1444 1117 1474 1145 1.
1502 1115 1644 1146 Tor-rent.

1116 1166 1137 1194 9
1162 1164 1231 1194 Hac
1253 1166 1320 1193 arte
1342 1163 1474 1204 Pollux]
1499 1163 1673 1196 Castorem
1695 1173 1762 1196 non

1074 1214 1225 1244 nominat
1240 1212 1388 1244 Pollucis
1407 1212 1566 1244 fratrem:
1591 1214 1680 1254 quod
1705 1214 1762 1245 ine

1075 1273 1150 1294 cum
1181 1262 1378 1294 immortalis
1407 1267 1508 1299 esset,
1536 1263 1657 1295 Jovem
1683 1273 1763 1295 exo·

1073 1312 1172 1351 ravit,
1201 1317 1239 1343 ut
1267 1311 1552 1343 immortalitatem
1574 1322 1667 1344 suam
1693 1312 1762 1343 fra-

1074 1360 1117 1390 tri
1140 1361 1386 1391 communicare
1409 1366 1539 1400 posset:
1563 1370 1760 1401 quamquam

1075 1413 1252 1448 utrumque
1281 1417 1400 1439 nomen
1424 1409 1557 1450 utrique
1585 1418 1759 1440 commune

1073 1461 1137 1494 est,
1161 1457 1310 1489 Castoris
1337 1457 1535 1497 praesertim,
1556 1456 1599 1487 de
1623 1467 1688 1498 quo
1716 1458 1759 1488 ad

1072 1506 1208 1536 Sueton.
1232 1506 1364 1536 Caesare
1379 1515 1454 1546 cap.
1469 1509 1520 1536 10.
1534 1510 1569 1536 et
1585 1515 1633 1537 ιν.
1647 1506 1716 1539 Od.
1729 1510 1759 1536 5.

1073 1555 1167 1585 Beue
1193 1554 1295 1585 etiam
1318 1555 1327 1571 ‘
1341 1554 1482 1594 vagum'
1505 1559 1603 1585 vocat
1627 1555 1758 1587 Hercu-

1071 1603 1203 1642 lem,0b
1215 1608 1420 1643 pererratum
1443 1603 1557 1634 orbem
1580 1607 1760 1636 terrarum.

1074 1652 1162 1682 Torr.
1195 1652 1268 1682 Hac
1291 1655 1359 1682 arte
1383 1652 1510 1691 Pollux]
1542 1651 1606 1682 His
1624 1651 1759 1684 virtuti-

1072 1700 1146 1736 bus,
1170 1700 1360 1730 constantia
1386 1699 1540 1730 nimirum
1564 1703 1600 1731 et
1615 1700 1763 1740 justitia.

1071 1747 1207 1787 Pollux,
1231 1748 1411 1787 Hercules,
1440 1747 1606 1789 Bacchus,
1637 1749 1760 1780 Romn-

1071 1796 1122 1826 lus
1139 1805 1180 1827 ex
1200 1796 1398 1828 mortalibus
1423 1795 1507 1828 facti
1534 1801 1612 1829 sunt
1626 1797 1759 1830 immor-

1073 1845 1167 1875 tales.
1207 1845 1311 1884 Vagus
1320 1845 1486 1886 Hercules]
1510 1845 1678 1878 Hercules
1687 1848 1759 1879 lon-

1072 1893 1211 1935 ginquas
1231 1899 1337 1925 terras
1360 1899 1396 1926 et
1411 1895 1516 1926 multa
1530 1896 1635 1927 maria
1661 1905 1758 1937 pera-

1071 1944 1181 1983 gravit
1197 1943 1239 1975 ad
1257 1944 1349 1975 varia
1365 1949 1513 1975 monstra
1527 1944 1704 1980 domanda.

1114 1994 1153 2021 10
1177 1993 1324 2033 Innixus]
1358 1993 1439 2024 Tres
1466 1994 1599 2024 codices
1627 1995 1758 2034 inuisas,

1070 2049 1154 2070 unus
1169 2041 1272 2070 etiam
1292 2041 1405 2080 enisus,
1427 2041 1705 2080 quemadmodum
1721 2047 1758 2073 et

1069 2088 1104 2119 in
1129 2089 1316 2119 emendatis
1340 2089 1473 2128 Virgilii
1497 2090 1756 2130 exemplaribus,

1069 2137 1140 2168 AEn.
1157 2145 1194 2167 x.
1214 2137 1224 2154 ‘
1241 2137 1330 2167 Toto
1345 2137 1500 2168 connisus
1525 2147 1666 2178 corpore
1688 2138 1757 2170 fer-

1069 2193 1140 2216 rum
1156 2183 1328 2225 Coujicit.'
1344 2185 1484 2217 Torrent.
1515 2186 1682 2227 Cruquius
1701 2197 1758 2219 ve-

1070 2243 1107 2264 ro
1132 2234 1273 2265 retinuit
1298 2234 1399 2265 enisus
1425 2239 1566 2275 propter
1590 2237 1758 2278 significa·

1071 2284 1192 2314 tionem
1207 2283 1378 2324 participii
1394 2284 1526 2315 caeteris
1543 2286 1648 2325 magi·
1669 2295 1757 2318 com·

1068 2332 1198 2363 modam
1212 2333 1245 2363 in
1269 2332 1437 2363 laboribus
1452 2333 1686 2374 suscipiendis,
1701 2335 1756 2367 cui

1069 2381 1155 2413 bene
1184 2381 1368 2421 respondet
1393 2380 1658 2420 φιλοτιμούμενος.
1698 2385 1756 2423 Ig-

1067 2433 1154 2472 neas]
1190 2431 1297 2463 Arces
1321 2430 1495 2472 syderibus
1521 2433 1698 2472 micantes,
1722 2434 1756 2465 id

1068 2485 1129 2514 est.
1145 2480 1277 2511 coelum.

1110 2532 1149 2559 ll
1175 2529 1260 2564 Quos
1269 2529 1353 2560 inter
1362 2529 1539 2571 Augustus]
1557 2531 1609 2562 De
1626 2529 1756 2572 Augus-

1068 2582 1103 2608 to
1127 2577 1236 2609 adbuc
1262 2578 1397 2609 vivente
1418 2579 1512 2620 (nam
1539 2580 1652 2612 multis
1676 2585 1755 2612 ants

1067 2625 1254 2666 Augustum
1271 2627 1365 2657 annis
1381 2627 1465 2658 obiit
1482 2628 1659 2670 Horatius)
1677 2637 1752 2670 per-

1069 2675 1146 2706 inde
1168 2683 1207 2706 nc
1232 2675 1274 2706 de
1300 2676 1433 2706 numine
1458 2677 1570 2718 aliquo
1595 2678 1750 2718 loquitur.

1067 2724 1112 2755 Et
1125 2724 1245 2756 merito
1257 2724 1401 2765 quidem.
1423 2729 1461 2756 ut
1471 2725 1619 2756 dicemus
1635 2724 1701 2755 od.
1715 2727 1746 2754 ὅ.

1067 2773 1166 2812 hujus
1181 2772 1268 2804 libri.
1300 2773 1469 2812 Augustus
1489 2773 1576 2804 enim
1591 2772 1676 2804 coelo
1690 2772 1748 2803 de-
