1916 3262
381 286 489 328 1278
848 302 890 338 Q.
921 299 1119 331 nolimu
1154 301 1321 333 FnAcci

381 388 517 441 Regis
538 401 671 441 opus;
702 390 941 442 sterilisque
962 391 1035 431 diu
1057 393 1196 444 palus,
1218 399 1404 448 aptaque
1424 396 1565 444 remis,
1731 397 1787 437 65

376 453 555 494 vicinas
577 456 702 494 urbes
723 455 814 503 alit,
836 461 879 496 et
900 469 1026 507 grave
1047 458 1176 498 sentit
1197 464 1378 500 aratrum
1397 474 1407 511 ;

377 518 464 558 Seu
484 532 652 559 cursum
670 521 848 560 mutavit
866 522 1062 574 iniquum
1083 522 1274 575 frugibus
1291 526 1440 574 amnis,

374 654 463 681 antea
475 652 589 683 sterilis
607 656 636 683 et
655 652 926 694 naeigubffisdum
934 653 1125 693 propinquas
1137 654 1236 684 nutrit
1250 655 1388 686 civitates
1401 659 1431 686 et
1446 665 1560 686 vomere
1569 656 1784 695 proscinditur.

375 691 431 722 Sic
436 693 555 733 fluvius
568 694 805 732 cursumsruges
823 696 1031 725 devastantem
1056 695 1215 734 convertit,
1235 697 1348 735 aptiori
1370 699 1455 728 alveo
1469 699 1623 728 deductus.
1665 698 1785 728 Morta·

965 786 1197 800 eeeeeeeeeee

375 846 466 878 libris
483 848 649 879 Mss.—65
676 848 788 878 Bentl.
803 858 845 879 ex
861 848 968 880 tribus
984 848 1082 880 codd.
1098 849 1259 889 proetulit,
1272 851 1444 889 sterili-svm
1466 854 1646 891 sequuntur
1661 859 1784 890 anony-

373 898 446 919 mus
459 890 546 930 Traj.
558 889 598 919 ad
613 889 720 920 Rhen.
735 892 826 920 1713.
847 891 931 922 Cun.
943 891 1019 921 San.
1029 890 1138 921 Merv.
1150 890 1236 921 Phil.
1251 891 1328 923 Val.
1344 892 1481 932 Dorigh.
1497 891 1628 922 Wakes.
1643 893 1783 922 Wetael-

374 931 514 961 Schelle.
545 932 554 948 ‘
571 932 659 961 Ante
675 931 863 961 Bentleium
881 932 992 971 plures
1007 931 1170 962 editiones
1186 932 1234 961 ita
1249 931 1432 971 dederant3
1448 933 1506 964 sed
1522 942 1637 964 sensus
1652 933 1784 964 omnino

372 972 545 1011 sterilisque
559 973 694 1002 aliorum
711 972 794 1002 Mss.
809 978 845 1003 et
860 972 1054 1010 editionum,
1070 973 1255 1011 praesertim
1282 974 1476 1013 priscarum,
1491 974 1661 1014 ,requirit;
1685 978 1721 1004 ut
1741 974 1783 1005 de

374 1018 528 1053 utroque,
545 1019 641 1052 portu
663 1018 699 1044 et
720 1014 853 1054 palude,
869 1014 1058 1054 copulative
1075 1013 1160 1044 idem
1177 1019 1303 1046 asserat
1317 1014 1433 1046 Poeta.
1476 1015 1564 1047 Quia
1582 1016 1670 1055 palus
1693 1015 1783 1055 apud

372 1053 467 1092 Virg-
495 1063 518 1085 1.
541 1055 580 1085 Ε.
603 1057 654 1085 49.
689 1055 906 1094 posteriorem
933 1055 1091 1095 syllabam
1121 1055 1289 1095 producit,
1318 1057 1423 1087 nostri
1446 1055 1562 1087 P'oetae
1592 1055 1783 1087 mendosam

371 1095 549 1126 lectionem
565 1095 750 1134 contendit,
767 1105 834 1136 prae
850 1096 1190 1134 ceteris,Bentleius;
1206 1102 1240 1126 et
1255 1097 1409 1128 emendat
1423 1106 1465 1127 ex
1481 1096 1624 1136 ingenio,
1634 1096 1784 1128 sterilisve

366 1137 457 1174 palus
476 1137 572 1176 prius.
614 1136 774 1167 Attamen
801 1138 873 1177 ipse
897 1137 1034 1173 fatetur,
1058 1138 1104 1168 ita
1127 1137 1249 1177 legisse
1271 1143 1400 1169 veteres
1414 1139 1516 1169 etiam
1530 1138 1784 1173 Grammaticos.

371 1177 521 1208 Servium
537 1178 577 1208 ad
594 1178 686 1216 Virg.
702 1178 774 1209 AEn.
790 1187 832 1210 11.
847 1182 900 1210 65.
916 1183 951 1210 et
974 1187 1029 1209 nr.
1046 1181 1116 1209 10⁷.
1132 1185 1166 1209 et
1182 1179 1223 1209 de
1241 1179 1365 1210 ultimis
1380 1179 1526 1220 syllabis,
1541 1178 1628 1219 apud
1649 1178 1781 1210 Putscb.

369 1227 399 1248 c.
417 1220 510 1249 1813.
554 1219 678 1249 Bedam
696 1219 738 1250 de
752 1220 872 1250 Metris
888 1229 918 1250 c.
932 1222 1027 1250 2360.
1044 1219 1252 1250 Priscianum
1268 1230 1296 1250 c.
1310 1223 1383 1252 718.
1397 1221 1452 1261 qui
1464 1220 1541 1251 inde
1556 1219 1718 1251 eruebant
1733 1229 1784 1252 re-

370 1259 493 1298 gulam,
507 1259 549 1291 de
564 1261 708 1291 secunda
721 1261 850 1300 syllaba
871 1261 970 1301 liujus
992 1261 1081 1291 vocis
1096 1267 1251 1300 correpta
1266 1262 1391 1302 optimo
1401 1264 1498 1302 jure;
1513 1261 1596 1292 utin
1611 1263 1621 1279 ⁴
1634 1259 1749 1292 tellus'
1765 1271 1783 1292 a

370 1300 537 1331 Martiano
562 1301 711 1340 Capella,
735 1303 767 1331 in
793 1304 802 1319 ‘
815 1302 986 1332 senectus'
1009 1312 1029 1332 a
1043 1303 1199 1333 Cornelio
1215 1303 1324 1334 Gallo.
1368 1303 1430 1334 His
1445 1303 1530 1333 adde
1544 1303 1685 1335 Quintil.
1700 1301 1783 1332 lust.

369 1341 464 1372 Orat.
482 1351 506 1372 ι.
522 1345 553 1372 7.
571 1345 601 1372 3.
625 1342 678 1382 qui
707 1352 771 1372 non
797 1343 928 1373 dubitat
949 1352 1111 1377 asserere,
1130 1347 1167 1372 ut
1182 1349 1308 1380 notum,
1323 1344 1408 1383 quod
1430 1344 1441 1360 ‘
1457 1344 1549 1384 palus
1564 1343 1655 1374 aliud
1674 1343 1782 1383 priore

368 1382 494 1420 syllaba
508 1383 618 1422 longa,
634 1383 723 1413 aliud
737 1383 890 1422 sequenti
906 1382 1071 1421 significat
1084 1392 1092 1419 ;
1109 1388 1144 1412 et
1159 1393 1232 1414 cum
1246 1385 1361 1414 eadem
1374 1385 1474 1415 litera
1487 1385 1688 1415 nominativo
1703 1393 1781 1415 casu

368 1421 491 1462 brevis,
507 1424 653 1454 ablativo
669 1424 767 1463 longa
782 1428 845 1463 est,
860 1428 970 1454 utrum
985 1433 1170 1463 sequanmur,
1186 1424 1378 1464 plerumque
1393 1425 1454 1455 hac
1470 1429 1549 1456 nota
1561 1424 1715 1455 monendi
1727 1434 1781 1456 su-

369 1463 464 1494 mus!
508 1465 551 1494 Et
564 1465 620 1504 qui
637 1469 749 1495 tantus
765 1465 878 1495 horror
892 1464 989 1503 hujus
1005 1464 1168 1502 licentiae;
1185 1474 1258 1495 cum
1274 1475 1386 1496 omnes
1401 1470 1550 1496 asserant
1561 1466 1784 1505 Interpretes,

369 1505 504 1535 verbum
519 1506 656 1536 invidem-
670 1506 809 1545 primum
825 1505 879 1536 hic
902 1505 944 1536 ab
969 1505 1111 1536 Horatio
1134 1506 1403 1545 pronuntiatum?
1423 1516 1499 1538 cum
1515 1511 1628 1538 notum
1645 1507 1699 1543 sit,
1715 1508 1782 1546 pri-

370 1555 455 1576 mam
471 1547 503 1577 in
519 1548 527 1564 ‘
542 1547 706 1586 glomere'
722 1547 918 1586 productam
932 1556 951 1576 a
967 1546 1126 1577 Lucretio
1142 1555 1166 1576 1.
1183 1549 1255 1577 361.
1278 1547 1442 1587 similique
1466 1547 1564 1579 modo
1580 1548 1612 1578 in
1636 1547 1646 1564 ‘
1664 1547 1782 1578 Italia’

367 1586 493 1618 factum
510 1596 529 1617 a
544 1588 706 1626 Virgili03
729 1593 766 1618 nt
779 1588 958 1619 observant
979 1588 1066 1618 idem
1082 1587 1220 1619 Quintil.
1236 1598 1267 1619 v.
1283 1594 1318 1619 et
1331 1589 1366 1620 S.
1384 1589 1591 1627 Augustinus
1608 1589 1651 1619 de
1666 1588 1782 1620 Doctr.

369 1628 493 1659 Christ.
509 1637 549 1659 n.
564 1631 616 1659 83.
629 1634 664 1659 et
680 1630 728 1659 sic
746 1630 867 1668 passim
883 1630 916 1660 in
933 1629 1004 1659 aliis
1021 1628 1154 1658 vocibus
1171 1629 1213 1659 ab
1229 1629 1378 1660 omnibus
1392 1630 1514 1670 poetis,
1529 1630 1585 1671 qui
1601 1639 1662 1670 pro
1675 1630 1780 1661 lnbito

369 1669 569 1708 producunt,
585 1670 634 1699 vel
651 1670 805 1700 breviant
819 1669 984 1709 syllabas?
1026 1670 1099 1700 Nec
1122 1669 1216 1700 videt
1239 1671 1423 1709 Bentleius,
1443 1671 1575 1711 aliique,
1595 1672 1708 1702 demto
1723 1671 1781 1710 illo

367 1709 421 1740 diu
435 1709 551 1750 (quam
567 1710 702 1741 Wakef.
723 1711 732 1727 ‘
751 1720 867 1741 vocem
883 1711 1033 1748 otiosam,
1047 1715 1081 1740 et
1096 1709 1255 1750 ineptam,
1270 1721 1288 1741 a
1304 1712 1411 1742 scriba
1427 1712 1586 1743 intrusam
1597 1711 1606 1726 '
1621 1711 1781 1752 affirmat)

366 1759 496 1781 omnem
513 1752 714 1790 elegantiam
730 1751 863 1789 amitti;
885 1756 920 1782 et
943 1751 1175 1781 necessitatem
1202 1752 1449 1792 utilitatemque
1474 1754 1584 1792 operis
1607 1752 1680 1784 fere
1704 1763 1780 1784 eva-

366 1801 524 1831 nescere;
547 1799 666 1823 contra
680 1797 825 1823 mentem
843 1792 973 1830 Poetae,
995 1791 1051 1831 qui
1073 1792 1171 1822 immo
1195 1790 1277 1822 illud
1296 1794 1456 1824 extollere
1477 1794 1636 1832 intendit,
1650 1803 1693 1824 ex
1708 1798 1780 1825 toto

365 1838 545 1864 contextu:
567 1834 654 1873 quod
671 1842 791 1873 nempe
807 1833 945 1874 antiqua
960 1833 1067 1872 palus,
1084 1837 1211 1863 tantum
1229 1838 1327 1864 terrae
1342 1843 1356 1864 s
1383 1834 1483 1865 atium
1499 1834 1553 1866 diu
1567 1835 1781 1874 mutuatan-

366 1874 440 1904 dem
457 1884 543 1905 nunc
559 1875 628 1906 alat
644 1875 767 1905 vicinas
783 1875 903 1913 urbes;
925 1879 960 1905 et
975 1874 1070 1913 cujus
1086 1874 1268 1904 exsiccatio
1283 1884 1346 1906 con
1363 1880 1474 1906 eratur
1489 1885 1564 1907 cum
1579 1877 1664 1916 regio
1678 1885 1780 1916 opere

366 1915 441 1946 novi
466 1921 592 1956 portus.
636 1916 762 1952 Eodem
784 1916 919 1947 horrore
937 1915 1088 1946 concussi
1106 1915 1162 1945 alii
1187 1915 1285 1946 aliter
1302 1917 1408 1948 locum
1425 1917 1614 1948 emendant.
1657 1918 1781 1948 Marci-

365 1956 440 1995 lius,
455 1967 498 1987 ex
514 1958 597 1988 Mss.
611 1962 646 1988 et
662 1958 844 1994 Priscimo,
860 1962 897 1987 ut
919 1957 1048 1993 asserit,
1064 1956 1155 1995 legit,
1177 1957 1352 1997 sterilisque
1370 1959 1472 1998 palus,
1495 1961 1655 1998 aptataque
1675 1958 1779 1990 remis.

367 1997 508 2037 Cuning.
524 1998 672 2038 conjicit,
693 1999 843 2028 sterilisve
862 1998 949 2037 palus
972 1999 1095 2035 dudum,
1116 2000 1239 2036 actaque
1253 2000 1367 2034 remim
1390 1999 1455 2037 vel,
1475 2001 1652 2040 pulsataque
1676 2000 1779 2039 remis,

365 2038 429 2073 vel,
439 2039 618 2078 agitataque
629 2039 742 2074 retnis,-
764 2048 860 2078 quam
874 2039 1023 2069 ultimam
1040 2038 1253 2076 amplectitur
1265 2038 1395 2070 Wakef.
1423 2040 1641 2080 Marklandns
1656 2041 1697 2070 ad
1713 2041 1779 2071 En-

365 2079 481 2118 ripidis
500 2080 693 2119 Supplices,
716 2080 748 2110 in
764 2079 939 2116 addendis,
953 2079 1055 2118 legit3
1076 2078 1224 2109 sterilisve
1244 2081 1341 2118 palus,
1361 2081 1538 2120 pulsataque
1555 2081 1657 2119 remis,
1678 2089 1776 2120 quem

364 2121 514 2160 sequitur
528 2121 669 2151 Schelle.
711 2120 830 2160 Apage
856 2125 907 2151 tot
931 2119 1074 2158 ineptias
1087 2129 1095 2156 ς
1119 2124 1154 2149 et
1175 2119 1346 2151 laudemus
1370 2121 1492 2159 potius,
1515 2131 1588 2152 cum
1611 2121 1777 2152 veteribus

365 2161 612 2200 Grammaticis,
625 2162 793 2192 licentiam
810 2167 951 2191 sumtam
969 2160 1145 2199 pudenter,
1160 2160 1184 2190 si
1199 2161 1333 2192 licentia
1346 2161 1489 2192 dicenda
1504 2162 1580 2192 est?
1597 2162 1668 2193 Fea.
1694 2165 1777 2193 acta-

364 2211 421 2242 que
434 2203 525 2234 remis
540 2204 619 2233 Vat.
634 2206 664 2234 4,
686 2206 809 2241 actaque
824 2202 915 2233 remis
930 2201 1082 2240 Angelic.
1097 2203 1127 2232 3.
1148 2202 1268 2241 aliaque
1282 2203 1373 2233 remis
1387 2203 1464 2234 vat.
1483 2203 1575 2234 Rom.
1589 2206 1706 2234 9.-66
1723 2204 1776 2234 Vi-

363 2243 446 2275 cinus
459 2245 515 2276 alit
531 2244 619 2275 urbes
632 2244 710 2275 Vat.
727 2243 825 2275 Rom·
838 2245 955 2274 7.--67
979 2243 1142 2273 Secursum
1163 2243 1292 2274 mutavit
1318 2243 1581 2284 Bamberg.—68
1604 2245 1717 2276 Bentl.
1734 2254 1775 2276 ex

1000 2347 1137 2379 NOTAE

404 2426 444 2454 65
470 2424 568 2462 Regis
580 2423 667 2463 opus]
698 2423 728 2454 A
742 2423 833 2456 Julio
849 2423 980 2454 Caesare
995 2422 1042 2452 in·
1097 2419 1230 2458 factus‚'
1243 2423 1308 2452 διο.

363 2472 529 2510 choatum,
539 2473 579 2504 ab
592 2472 743 2512 Augusto
753 2471 948 2512 perfectum.
960 2472 1042 2503 Sue·
1135 2472 1177 2500 66
1205 2470 1327 2500 Vicinus
1341 2469 1446 2509 urbes]
1478 2470 1615 2504 Setiam,
1640 2469 1772 2502 Priver-

362 2525 432 2553 ton.
447 2530 523 2552 mox
537 2521 593 2552 cit.
616 2521 704 2551 Plin.
720 2529 848 2552 xxxvi.
866 2523 917 2550 15.
959 2526 965 2531 ⁴
1095 2529 1185 2558 num,
1198 2519 1424 2558 Terracinam,
1437 2522 1502 2550 &c-

404 2570 584 2609 Sterilisque
597 2569 650 2600 diu
662 2569 759 2608 palus,
772 2569 840 2608 ὅτι]
862 2567 1042 2607 Pomptina
1135 2573 1175 2600 67
1198 2570 1260 2601 Seu
1273 2579 1390 2601 cursum
1403 2570 1534 2600 mutavit
1547 2570 1697 2610 iniquam]
1718 2570 1772 2601 'ri-

363 2619 457 2656 palus
479 2618 512 2648 in
537 2618 730 2658 Campania.
772 2617 843 2648 Liv.
870 2617 960 2656 Epir.
982 2615 1039 2646 lib·
1093 2618 1179 2649 beris
1208 2619 1285 2649 olim
1309 2627 1368 2658 per
1391 2618 1570 2649 Velabrum
1593 2617 1710 2656 fluens,
1737 2618 1769 2648 in

363 2671 458 2696 uvi.
489 2667 701 2707 ‘Pomptinae
728 2667 864 2706 paludes
893 2675 911 2696 a
941 2666 1039 2696 Corn.
1093 2668 1219 2698 alveum
1243 2667 1406 2707 aptiorem
1439 2666 1602 2697 deductus
1629 2665 1769 2705 Augusti

362 2713 511 2752 Cethego
541 2714 695 2751 Consule,
723 2716 777 2746 cui
803 2722 842 2745 ea
871 2714 1040 2754 provincia
1086 2716 1196 2754 jussu,
1211 2724 1252 2746 ne
1267 2715 1340 2745 urbi
1357 2714 1509 2755 agrisque
1524 2713 1663 2752 amplius
1684 2713 1769 2743 mala

363 2761 557 2800 obvenerat,
586 2763 718 2794 siccatae
737 2774 744 2794 :
769 2772 912 2804 agerque
933 2773 975 2794 ex
1003 2762 1041 2793 iis
1093 2768 1127 2794 et
1144 2762 1322 2803 perniciem
1338 2762 1508 2793 exundans
1524 2761 1707 2792 inveheret.
