1916 3262
622 285 686 315 ΒΕ
719 284 851 315 ARTE
885 280 1114 314 Pon'rics.
1475 273 1589 314 1295

142 385 327 434 Fabula,
348 397 446 438 quae
465 381 596 437 posci
618 380 727 430 vult,
750 385 794 421 et
814 381 1016 434 spectata
1036 377 1189 431 reponi
1207 391 1218 419 z
1506 377 1589 418 190

140 451 244 494 Nec
265 451 389 492 Deus
410 449 594 498 intersit,
615 449 703 489 nisi
725 447 883 501 dignus
901 445 1078 487 vindice
1096 445 1236 487 nodus

142 519 385 561 Inciderit:
414 530 499 560 nec
522 522 683 571 quarta
705 515 826 570 loqui
847 526 1036 569 persona
1057 514 1239 556 laboret.

140 585 320 628 Actoris
339 588 487 640 partes
508 585 670 626 chorus
691 582 972 636 officiumque
992 581 1118 622 virile

144 652 387 704 Defendat;
415 664 500 692 neu
520 650 627 705 qnid
649 650 818 691 medios
836 648 1069 691 intercinat
1089 651 1230 698 actus,

143 720 279 771 Quod
298 732 380 761 non
398 719 632 773 proposito
653 718 872 759 conducat
890 720 934 758 et
948 715 1113 757 haereat
1134 720 1254 769 apte.

143 787 229 829 Ille
247 786 375 828 bonis
393 786 645 840 faveatque,
666 790 710 826 et
729 784 986 826 consilietur
1004 781 1162 823 amicis
1181 794 1194 833 3

1509 714 1592 756 195

142 913 263 952 longior
276 912 409 954 quinque
421 911 541 943 actibus
555 910 727 951 siffabula,
739 914 773 942 ut
786 909 903 950 soepiua
914 909 1081 950 spectanda
1094 910 1284 948 reposcatur.
1320 907 1389 937 Nec
1403 906 1490 937 Deus
1503 906 1593 937 adhi-

143 956 260 992 beatur,
275 955 338 986 nisi
352 955 521 997 difficultas
535 957 678 985 occurrat
692 954 789 992 digna
804 953 862 984 tali
874 951 1007 983 vindice.
1031 951 1102 982 Nec
1117 954 1228 991 quarta
1237 959 1373 990 persona
1378 949 1525 990 loquendo
1541 949 1595 979 de-

142 1000 242 1030 sudet.
290 998 410 1028 Chorus
423 998 576 1029 meineat
589 1006 750 1037 personam
763 995 854 1027 unius
867 994 983 1026 actoris
997 996 1027 1025 el
1040 994 1115 1025 viri.
1156 993 1204 1024 Ne
1218 1002 1289 1024 vero
1305 993 1339 1024 ιίι
1354 992 1464 1023 mediis
1475 991 1596 1022 actibus

143 1041 304 1082 quaequam
317 1040 403 1072 dicat
416 1040 478 1072 nisi
492 1041 571 1081 quod
587 1041 628 1070 ad
643 1048 709 1070 rem
727 1038 770 1070 sit
791 1041 823 1070 et
836 1037 953 1076 saciat.
997 1036 1057 1068 lue
1075 1035 1182 1076 probis
1205 1035 1412 1077 suffragetur,
1437 1038 1466 1065 el
1487 1033 1596 1065 amicis

753 1155 770 1168 0
910 1153 991 1166 mo

146 1220 249 1252 Dion.
275 1221 318 1252 ab
345 1220 470 1252 Hal-sio
494 1221 568 1262 Lug
570 1220 603 1252 d.
620 1223 714 1253 1538.
717 1222 823 1252 -190
847 1219 939 1251 Octo
959 1218 1060 1251 codd.
1083 1228 1141 1258 ap.
1168 1218 1286 1257 beam,
1311 1220 1381 1247 tres
1407 1215 1601 1255 Pulmanni,

147 1273 232 1294 nnus
255 1262 376 1295 Achill.
401 1263 516 1302 Statii,
538 1231 574 1294 egt
601 1264 967 1294 Venett.1490.1495.
992 1263 1087 1292 1514.
1110 1261 1390 1301 speonnam—191
1416 1259 1489 1289 Neu
1511 1258 1601 1289 Deus

144 1305 281 1337 Schelle
296 1314 339 1336 ex
355 1305 501 1346 ingenio.
515 1306 653 1345 dignus-7
645 1305 742 1336 'adice
753 1306 850 1335 nodus
862 1303 1093 1335 Schoeuborn.
1108 1305 1138 1333 1.
1141 1304 1248 1332 -193
1273 1301 1365 1332 Octo
1383 1300 1484 1331 codd.
1507 1301 1603 1338 Feae,

146 1348 214 1379 dno
234 1348 404 1386 Lambini,
419 1347 486 1378 duo
503 1347 697 1383 Pulmauni‚
714 1345 817 1377 Aldd.
833 1348 863 1376 1.
879 1348 910 1376 2.
923 1347 955 1376 3.
979 1345 1082 1375 Dion.
1098 1344 1140 1374 ab
1164 1343 1290 1374 Harsio
1315 1341 1536 1382 Lngd.1538.
1560 1346 1598 1372 et

144 1390 247 1421 Turn.
265 1389 406 1421 Advers.
422 1397 499 1419 xix.
514 1391 545 1420 9.
561 1388 943 1435 Auctor-ispartes.-194
955 1386 1188 1417 Schoenborn.
1203 1388 1233 1416 l.
1251 1389 1286 1415 et
1302 1383 1448 1423 Schelle,
1462 1383 1599 1423 nequid.

144 1432 221 1463 Duo
238 1432 318 1463 Vnt.
331 1431 562 1462 Schoenborn.
579 1433 607 1461 1.
623 1434 659 1460 et
674 1430 791 1461 Zarot.
807 1428 987 1460 intercidat.
991 1430 1098 1459 -196
1122 1427 1252 1458 Hener.
1270 1431 1306 1457 et
1322 1425 1552 1457 Schoenborn.
1570 1429 1599 1456 1.

143 1473 354 1514 &faveatque
368 1472 551 1504 concilietur
565 1473 683 1509 amice;
698 1471 816 1503 Codex
835 1471 981 1502 Helmst.
996 1468 1077 1501 Ald.
1097 1471 1192 1500 1501.
1209 1469 1365 1500 Britann.
1380 1471 1475 1499 1520.
1493 1468 1599 1499 Dion.

145 1515 187 1548 ab
210 1515 339 1548 Harsio
355 1514 466 1556 Lugd.
485 1517 578 1546 1538.
604 1515 728 1546 Venet.
754 1515 848 1546 1⁵73.
871 1513 1036 1545 Glarean.
1060 1511 1167 1544 Basil.
1186 1514 1282 1542 1530.
1306 1512 1396 1543 Dan.
1418 1511 1539 1543 Heius.
1566 1515 1602 1542 et

805 1609 948 1642 NOTAE

141 1678 237 1720 justa
249 1681 303 1709 est
315 1676 442 1708 fabulae
455 1674 666 1716 magnitudo.
711 1674 801 1706 Nam
817 1673 845 1704 si

147 1727 260 1768 plures
275 1736 375 1768 quam
400 1727 548 1768 quinque
571 1729 667 1756 actus
692 1723 773 1762 sint,
795 1723 845 1754 ni-

146 1777 211 1808 mis
224 1777 305 1808 laxa
317 1775 474 1807 tractatio
490 1779 525 1804 et
540 1773 697 1814 dispersa
709 1772 757 1803 vis
775 1781 845 1802 rem

148 1825 339 1858 enervabit.
382 1825 419 1856 Si
435 1829 506 1855 tres
521 1823 629 1854 solum
645 1821 774 1853 fuerint
790 1831 846 1853 ac-

151 1880 220 1914 tus,
234 1875 288 1906 vel
309 1878 547 1915 argumentum
570 1872 669 1903 nimis
694 1880 847 1912 pressum

150 1934 191 1957 ac
199 1924 354 1965 jejunum
370 1921 433 1954 fiet
446 1921 592 1961 elumbe,
610 1922 664 1953 vel
689 1921 790 1952 rebus
812 1923 849 1952 et

150 1973 322 2015 adjunctis
342 1972 494 2014 pluribus
511 1971 649 2002 nimium
665 1969 849 2002 coarctatis

152 2025 218 2056 erit
230 2022 421 2055 confusum.

195 2075 254 2104 191
281 2073 348 2104 Nec
372 2072 460 2103 Deus
489 2071 629 2110 intersit,
662 2068 733 2109 ὅπη]
769 2069 849 2100 Νοιι

150 2123 240 2155 enim
263 2122 468 2154 intervenire
493 2121 527 2152 in
551 2119 708 2152 machina
725 2129 848 2151 numen

150 2173 269 2213 debet,
284 2171 347 2204 nisi
361 2170 496 2213 quando
520 2180 574 2202 res
595 2169 682 2202 adeo
701 2168 849 2202 difficilis

151 2223 342 2264 continget,
370 2226 408 2253 ut
431 2230 497 2262 ope
526 2224 675 2262 nequeat
703 2220 850 2251 humana

151 2273 340 2311 extricari3
367 2275 404 2303 et
427 2273 538 2304 Deum
562 2271 706 2312 aliquem
730 2270 851 2302 subve-

152 2323 239 2360 nire.
253 2332 386 2364 aequum
403 2331 478 2354 esse
491 2321 718 2362 decorumque
737 2320 850 2352 videa-

153 2379 220 2405 tur.
245 2373 336 2404 Hinc
351 2372 470 2403 vitiosa
481 2371 698 2412 catastrophe
714 2371 851 2402 Medeae

156 2422 331 2463 Euripidis
349 2422 428 2462 jure
443 2420 655 2462 exploditur.
699 2420 788 2452 Vide
807 2419 852 2452 A-

154 2474 266 2506 ristot.
283 2471 385 2504 Poat.
427 2472 495 2503 Sed
518 2475 554 2503 et
578 2472 736 2512 culpatur
751 2470 852 2510 idem,

157 2523 246 2565 qnod
270 2522 394 2563 saepius
417 2521 510 2552 Deos
526 2530 546 2551 e
561 2520 714 2552 machina
731 2521 851 2561 produ·

158 2579 236 2606 cat:
270 2573 415 2604 Dianam
441 2572 477 2602 in
500 2571 682 2611 Hippolyt.
726 2571 852 2602 Miner-

158 2635 236 2657 vam
265 2626 299 2656 in
321 2623 481 2665 Iphigen.
503 2622 641 2654 Tauric.
663 2622 789 2654 Thetin
820 2623 853 2653 in

158 2674 385 2708 Andromach.
409 2673 542 2705 Castor.
566 2675 602 2703 et
623 2671 711 2703 Poll.
736 2672 771 2702 in
786 2672 854 2703 He·

159 2728 225 2758 len.
241 2728 307 2757 &c-

201 2778 264 2807 192
290 2774 358 2806 Nec
381 2774 494 2814 quarta
514 2770 599 2812 loqui
619 2779 752 2811 persona
771 2770 855 2801 labo·

158 2826 224 2867 ret]
258 2826 315 2858 Ita
329 2824 449 2856 saltem
466 2826 664 2855 consuetum
680 2821 855 2853 Dramati-

900 1672 949 1704 cis
963 1672 1111 1704 Graecis.
1155 1672 1240 1703 Tres
1259 1679 1414 1711 personae
1431 1669 1602 1701 duntaxat

901 1727 1006 1763 agunt
1031 1722 1129 1753 simul
1154 1726 1190 1752 et
1211 1721 1473 1761 colloquuntur:
1499 1723 1603 1760 atque

901 1778 995 1804 muta
1014 1777 1080 1812 est,
1101 1772 1130 1803 si
1156 1772 1350 1806 inducatur,
1367 1775 1498 1811 quarta.
1545 1770 1605 1801 Ni·

900 1822 947 1852 hil
962 1826 1075 1853 tamen
1097 1825 1195 1852 vetat
1219 1825 1375 1862 quartam
1398 1819 1514 1850 induci
1537 1829 1603 1850 non

902 1871 1008 1902 multa
1022 1871 1230 1912 loquentem.
1246 1870 1470 1910 Scaligerm.
1489 1870 1499 1887 ‘
1512 1870 1604 1904 Qua-

902 1926 980 1953 tnor
1001 1920 1036 1952 in
1060 1919 1180 1952 eadem
1205 1930 1308 1952 scena
1325 1929 1486 1960 personas
1502 1920 1605 1961 loqui,

901 1971 996 2003 nulla
1011 1971 1131 2012 religio
1147 1970 1226 2003 est!
1260 1969 1423 2002 Profecto
1439 1970 1466 2000 si
1486 1979 1603 2010 parum

903 2025 983 2062 agat
998 2021 1204 2063 loquaturve
1226 2025 1362 2061 quarta,
1388 2019 1474 2051 haud
1503 2020 1603 2051 ullam

902 2070 1027 2103 afferet
1052 2070 1346 2112 perturbationem
1363 2075 1420 2101 aut
1434 2069 1606 2101 confusio-

902 2130 992 2153 nem.
1623 2159 1625 2161 Ι

946 2173 1007 2203 193
1031 2170 1159 2202 Actoris
1170 2168 1292 2211 partes]
1330 2168 1458 2200 Chorus
1473 2178 1531 2201 eos
1547 2178 1605 2200 ex-

901 2221 996 2253 hibet
1021 2221 1080 2262 qui
1106 2221 1156 2252 rei
1182 2223 1336 2261 peractae
1365 2218 1607 2253 interfuerintz

903 2271 1017 2313 plures
1033 2275 1112 2303 sunt
1135 2271 1302 2311 homines,
1317 2269 1377 2302 sed
1394 2279 1480 2301 uuus
1498 2270 1605 2310 loqui-

904 2326 972 2357 tur,
988 2321 1199 2362 Coryphaeus
1226 2320 1350 2351 dictns.
1394 2320 1504 2351 Porro
1520 2319 1606 2351 Cho-

904 2380 978 2403 rum
996 2371 1067 2412 jam
1085 2370 1217 2411 pridem
1234 2370 1422 2402 obsoletum
1439 2371 1607 2401 instaura-

906 2423 934 2454 ri
957 2423 1050 2454 velut
1076 2422 1259 2453 maximum
1285 2422 1406 2453 Scenae
1430 2430 1608 2452 ornamen-

907 2477 979 2504 tum
1006 2481 1071 2502 non
1101 2472 1162 2502 abs
1189 2481 1226 2502 re
1246 2475 1391 2511 exoptat
1417 2470 1607 2501 Hedelinus

907 2526 988 2553 ante
1018 2520 1175 2552 laudatus
1197 2531 1206 2551 ι
1236 2530 1276 2551 ac
1303 2520 1344 2550 de
1371 2519 1445 2550 istis
1469 2518 1607 2558 egregie

907 2571 1054 2603 disserit.
1078 2571 1183 2601 Prax.
1195 2570 1332 2601 Theatr.
1346 2571 1444 2600 ιιι.4.
1462 2567 1518 2598 ubi
1532 2567 1607 2599 red-

909 2621 1020 2662 arguit
1049 2620 1274 2651 Aristotelem
1311 2623 1348 2650 et
1382 2618 1607 2659 scaligerum,

909 2670 1000 2712 apud
1017 2679 1102 2712 quos
1119 2678 1299 2710 perperam
1314 2669 1442 2700 Chorus
1457 2669 1608 2710 appella-

909 2721 990 2752 tur‘
1004 2720 1134 2751 otiosus
1149 2728 1261 2750 rerum
1273 2717 1436 2750 curator!

954 2772 1016 2801 196
1038 2769 1097 2800 Ille
1121 2768 1207 2800 bonis
1222 2769 1401 2810 scirentque,
1410 2766 1479 2809 ξω]
1505 2766 1607 2799 Chori

910 2819 1062 2853 officiosa
1086 2822 1243 2851 recenset
1263 2818 1440 2851 Horatius.
1483 2817 1608 2849 Exem-
