1982 3230
422 300 535 342 1182

894 311 936 349 Q.
967 310 1170 341 HoRA'rn
1202 309 1371 340 FLAcct

467 402 686 436 adhibendam
707 401 926 443 diligentiam,
939 411 1001 433 nec
1022 401 1204 442 indignum,
1221 402 1248 432 si
1264 400 1350 434 forte
1364 402 1527 442 deceptus
1542 400 1838 438 commendaveris,

469 457 608 497 amplius
623 455 781 487 tuendum
792 466 801 484 z
825 455 1037 485 innocentem
1048 464 1128 485 vero
1139 454 1298 484 adversus
1312 454 1552 485 obtrectatores
1568 452 1815 484 defendendum
1829 463 1837 481 ι

467 518 591 548 moreS‚
606 513 766 549 quantum
787 506 861 538 fieri
877 507 994 547 possit,
1008 506 1050 538 ad
1068 506 1164 537 amici
1186 515 1294 537 mores
1316 505 1631 538 accommodandos:
1656 508 1754 545 atque
1770 512 1840 534 om-

466 562 609 601 nino,ne
625 561 657 591 in
673 559 840 600 cupiendo
862 559 995 590 modurn
1018 558 1163 590 excedas
1186 557 1395 599 animumque
1417 557 1506 588 curis
1530 555 1839 597 pertnrbes,legen-

467 613 528 644 dos
543 622 615 644 esse
631 612 799 642 hominum
821 610 995 642 doctorum
1018 610 1131 642 libros.
1174 608 1228 640 Ad
1244 614 1427 640 extremum
1450 607 1610 639 Horatius
1625 616 1720 638 suum
1736 606 1840 647 ipsius

467 665 655 706 exemplum
671 663 841 704 proponit,
855 662 1019 704 quomodo
1035 663 1170 699 sentiat,
1186 666 1224 693 ut
1239 671 1297 693 sua
1311 666 1401 693 sorte
1417 662 1460 692 sit
1474 665 1662 692 contentus.

427 761 476 802 St
498 761 606 800 bene
627 764 671 799 te
692 759 811 807 novi,
833 761 1012 806 metues,
1031 755 1246 797 liberrime
1266 755 1396 803 Lolli,

426 824 676 867 Scurrantis
697 823 889 876 speciem
910 823 1123 875 praebere,
1143 821 1363 874 professus
1390 820 1589 860 amicum.

425 891 489 932 Ut
508 894 702 931 matrona
722 889 932 930 meretrici
952 888 1100 942 dispar
1120 888 1200 928 erit
1218 891 1346 940 atque

426 957 642 1005 Discolor,
661 955 792 996 infido
816 967 973 996 scurrae
989 955 1169 995 distabit
1184 955 1364 994 amicus.

426 1022 509 1063 Est
527 1022 625 1062 huic
645 1021 858 1062 diversum
878 1021 986 1062 vitio
1009 1021 1158 1061 vitium
1179 1032 1314 1073 prope
1334 1019 1489 1072 majus,
1812 1018 1841 1057 5

425 1087 655 1140 Asperitas
675 1086 859 1139 agrestis
879 1090 921 1126 ct
938 1086 1195 1126 inconcinna
1215 1085 1460 1137 gravisque,

427 1153 541 1203 Quae
561 1165 610 1193 se
633 1151 905 1192 commendat
923 1156 1051 1191 tonsa
1070 1154 1182 1198 cute,
1199 1150 1398 1191 dentibus
1419 1149 1525 1190 atris
1542 1162 1554 1199 ;

428 1218 546 1259 Dum
566 1217 660 1258 vult
678 1215 965 1263 libertasdici
984 1227 1116 1264 mera,
1136 1227 1327 1267 veraque
1349 1215 1496 1256 virtus.

469 1357 507 1388 Si
521 1357 594 1388 bene
614 1366 758 1396 cognosco
786 1361 828 1397 te,
851 1358 934 1388 Lolli
957 1358 1089 1390 maxime
1109 1358 1198 1399 liber,
1218 1358 1336 1388 cavebis
1348 1358 1469 1389 imitari
1490 1367 1638 1398 scurram,
1653 1361 1684 1388 te
1698 1355 1844 1388 exhibens

426 1400 568 1430 amicum.
610 1399 698 1429 Sicut
712 1402 851 1430 matrona
863 1399 973 1439 differt
986 1410 1005 1430 a
1019 1403 1129 1435 scorto,
1143 1399 1190 1430 ita
1203 1400 1318 1430 amicus
1331 1409 1350 1429 a
1363 1399 1480 1437 fallace
1495 1407 1615 1430 scurra.
1661 1398 1745 1428 Huic
1767 1398 1843 1429 vitio

427 1444 472 1471 est
485 1441 570 1471 aliud
584 1441 753 1480 oppositum
757 1441 829 1478 sere
838 1441 933 1480 peius,
943 1442 1089 1472 nimirum
1102 1441 1219 1471 duritia
1233 1441 1460 1481 quaedamsera,
1472 1440 1634 1475 inurbana,
1645 1449 1762 1478 severa,
1776 1448 1844 1478 quoe

425 1491 457 1514 te
468 1485 601 1513 ostentat
616 1485 702 1514 tonsa
719 1483 812 1523 pelle,
828 1486 857 1514 et
873 1483 974 1522 nigris
987 1482 1128 1514 dentibus
1142 1493 1154 1518 ,·
1168 1492 1235 1513 cum
1249 1483 1312 1513 vult
1333 1482 1506 1514 eaeistimari
1519 1482 1641 1521 integra
1655 1481 1791 1520 tiber-tae,
1812 1483 1842 1510 et

1017 1584 1230 1598 ‘OOOOO‘OO‘O
1235 1585 1251 1597 O

470 1659 620 1699 Epistola
641 1659 749 1698 prima
770 1659 860 1690 Libri
881 1659 1018 1691 secundi
1044 1660 1078 1691 in
1101 1660 1165 1692 Ed.
1189 1659 1374 1692 Sanam—²
1395 1659 1621 1691 Schoenborn.
1642 1661 1675 1691 2.
1694 1658 1847 1700 profectus

428 1702 631 1731 amicum-4
645 1701 871 1732 Schoenborn.
884 1704 915 1732 3.
937 1711 1045 1732 scurra
1058 1701 1188 1733 distabis
1200 1703 1384 1733 amicare—5
1399 1701 1505 1733 Codd.
1518 1701 1651 1741 quidam
1665 1710 1718 1740 ap.
1733 1701 1847 1732 Lamb.

428 1745 458 1772 et
479 1752 594 1781 prope,·
616 1747 651 1772 et
673 1743 720 1772 sic
743 1747 893 1773 notatum
914 1752 955 1772 ex
976 1743 1051 1774 cod.
1075 1743 1110 1773 in
1135 1753 1193 1774 ora
1218 1743 1297 1774 Ald.
1314 1746 1407 1774 1519.
1422 1743 1454 1773 in
1471 1743 1633 1774 Biblioth.
1650 1741 1846 1782 Angelic.—-

429 1786 449 1814 7
474 1784 667 1814 Commendat
683 1793 749 1824 quae
763 1793 795 1814 ee
809 1784 932 1814 intonsa
951 1787 1018 1815 cute
1041 1784 1164 1815 Sanad.
1186 1793 1228 1814 ex
1250 1785 1382 1823 ingenio
1398 1785 1536 1823 aiidaci3
1558 1793 1697 1824 eumque
1713 1787 1847 1815 secutus

429 1825 516 1854 solus
531 1825 681 1856 Francis.

727 1825 803 1859 Quoe
819 1828 907 1855 tonsa
921 1835 953 1856 se
967 1827 1152 1856 commendat
1166 1828 1234 1856 cute
1249 1825 1475 1856 Schoenborn.
1491 1829 1522 1856 2.
1544 1829 1632 1856 tunsa
1645 1829 1713 1856 cute
1725 1825 1804 1856 Vat.
1817 1828 1846 1855 1.

428 1867 520 1896 densa
534 1870 601 1897 cute
616 1871 767 1897 notatum
785 1866 818 1896 in
834 1876 891 1897 ora
908 1866 984 1897 Ald.
1001 1870 1094 1898 1519.
1110 1867 1143 1897 iu
1158 1867 1320 1898 Biblioth.
1336 1866 1554 1907 Angelic.-—8
1574 1866 1732 1897 Nonnulli
1749 1866 1848 1898 codd.

430 1916 485 1946 ap.
511 1908 623 1946 Feam,
637 1908 699 1937 dici
712 1910 816 1943 mera';
839 1908 887 1938 ita
902 1908 1005 1939 etiam
1023 1908 1117 1939 Harl.
1131 1911 1163 1939 2.
1178 1911 1210 1939 3.
1224 1911 1254 1940 4.
1269 1912 1300 1939 6.
1314 1911 1346 1940 7.
1369 1909 1425 1939 alii
1440 1908 1538 1939 codd.
1556 1918 1610 1948 ap.
1625 1908 1736 1939 Pulm.
1751 1908 1848 1939 Torr.

429 1949 561 1979 Bersm.
587 1949 699 1979 Bentl.
726 1949 841 1979 Barth.
869 1948 1012 1979 Advers.
1038 1957 1184 1980 xxxvn.
1209 1952 1261 1980 22.
1287 1954 1434 1980 notatum
1459 1950 1492 1980 in
1516 1949 1676 1989 praedicta
1690 1949 1848 1988 editione,

429 1989 534 2021 Junta
559 1992 650 2020 1503.
673 1990 842 2020 revocavit
866 1990 897 2019 in
925 1995 1053 2020 textum
1077 1990 1265 2026 Bendeius,
1280 1990 1357 2020 inde
1374 2000 1554 2030 anonymus
1569 1991 1663 2030 Traj.
1679 1990 1720 2020 ad
1740 1991 1847 2022 Rhen-

431 2033 526 2061 1713.
550 2031 633 2061 Cun.
649 2031 769 2061 Sanad.
786 2031 932 2071 Sandby,
947 2031 1051 2062 Gesu.
1067 2031 1142 2062 Val.
1157 2031 1273 2062 Oberl.
1290 2031 1427 2070 Dorigh.
1440 2031 1579 2068 Combe,
1591 2031 1726 2062 Wakef.
1737 2032 1848 2062 Wctz.

431 2071 537 2104 Zeun.
553 2072 690 2112 Bipont.
702 2071 807 2103 Kidd.
824 2072 972 2113 Francis,
987 2073 1066 2109 Fen,
1082 2073 1203 2113 Bothe,
1218 2073 1338 2109 Jaeck,
1353 2078 1390 2104 et
1405 2073 1554 2112 Doering.
1596 2073 1706 2113 Vulgo
1722 2073 1764 2103 ab
1779 2072 1850 2103 edi-

1073 2187 1212 2218 NOTAE

475 2263 492 2291 1
516 2261 552 2291 Si
576 2261 649 2291 bene
677 2263 708 2291 te
732 2260 814 2298 novi,
830 2260 896 2300 ὅπη]
924 2260 1020 2292 Idem
1043 2259 1115 2291 fere

431 2315 482 2341 est
491 2314 722 2350 argumentum
733 2309 831 2350 hujus
842 2310 1019 2350 Epistolae,
1028 2309 1114 2350 quod

432 2357 667 2399 praecedentis.

475 2407 570 2446 Lolli]
592 2406 646 2438 Ad
662 2408 747 2438 hunc
770 2407 964 2448 inscriptam
980 2408 1052 2447 jam
1069 2407 1115 2438 vi-

433 2458 540 2489 dimus
570 2467 672 2497 supra
701 2458 886 2498 Epistulam
909 2461 940 2488 2.
964 2459 1044 2489 item
1065 2466 1114 2489 ιν.

434 2507 533 2539 Oden
549 2509 580 2538 9.
614 2505 700 2538 vide
714 2506 814 2538 etiam
829 2511 945 2547 postea
964 2515 989 2538 1.
1007 2507 1114 2547 Epist.

433 2558 486 2587 20.
500 2557 552 2586 28.

475 2607 495 2634 2
517 2602 696 2635 Scan-antis
713 2604 855 2644 speciem]
877 2603 926 2634 Ut
949 2603 1116 2644 potentio-

433 2662 507 2683 rum
521 2653 612 2683 ineas
628 2652 818 2691 amicitiam,
837 2662 898 2683 nee
919 2652 1116 2684 adulationi—

434 2701 496 2732 bus
523 2701 735 2740 grassabere3
764 2710 827 2732 nec
857 2701 891 2732 in
915 2701 1115 2732 contrarium

435 2749 598 2788 impinges
615 2749 743 2788 vitium,
758 2749 905 2781 moribus
921 2749 1011 2790 feris,
1022 2759 1117 2790 aspe-

436 2797 493 2838 ris,
504 2797 706 2838 agrestibus,
716 2798 852 2830 nimium
865 2799 988 2831 severis
1002 2809 1009 2829 :
1035 2800 1118 2830 vita-

1168 2260 1219 2291 bis
1244 2260 1480 2292 scurrilitatem
1505 2260 1631 2301 pariter
1646 2265 1682 2293 et
1703 2263 1847 2302 gravita-

1167 2314 1236 2341 tem
1253 2310 1493 2341 inconcinnam.

1209 2362 1228 2390 3
1241 2359 1357 2398 Dispar
1370 2362 1460 2398 atque
1469 2357 1627 2397 Discolor]
1643 2358 1766 2399 Dispar
1781 2369 1849 2390 om-

1168 2408 1257 2446 nino,
1272 2413 1338 2438 tam
1351 2407 1466 2439 habitu
1482 2416 1579 2448 quam
1595 2407 1738 2438 moribus
1753 2408 1849 2439 dissi-

1167 2456 1263 2487 milis.

1209 2507 1228 2535 7
1251 2505 1349 2535 roma
1374 2507 1454 2542 cute,
1483 2504 1623 2535 dentibus
1650 2503 1743 2544 atr-ie]
1775 2505 1850 2545 Vel,

1167 2554 1318 2594 squalore
1339 2553 1458 2584 hirsuti
1479 2553 1654 2593 corporis;
1677 2550 1751 2584 nffm
1773 2562 1847 2594 qnae

1167 2603 1364 2642 tondentur,
1393 2603 1522 2634 hirsuta
1557 2603 1730 2644 pilosaque
1761 2608 1850 2634 sunt.

1167 2652 1231 2683 Vel
1247 2651 1371 2692 potius,
1384 2652 1507 2692 agresti
1521 2649 1738 2682 mordacitate
1752 2655 1788 2682 et
1801 2651 1849 2682 di-

1169 2701 1327 2740 cacitate,
1342 2701 1482 2731 amicum
1504 2698 1653 2730 radendo
1667 2700 1709 2731 ad
1724 2704 1850 2738 cutem,

1169 2754 1205 2780 et
1219 2749 1301 2780 dure
1318 2748 1439 2789 passim
1454 2747 1670 2787 castigand03
1692 2748 1785 2788 quui
1807 2758 1849 2779 ea

1169 2798 1214 2830 sit
1228 2797 1384 2838 loquendi
1398 2796 1549 2836 libertas,
1564 2806 1603 2827 ac
1618 2805 1698 2827 vera
1713 2797 1827 2829 virtus.
