1916 3262
491 296 699 330 HonArn
733 297 1008 328 CARM1NUM
1046 299 1139 328 Lim
1173 287 1328 328 u.l4.

177 391 285 424 Alcaei
315 392 450 424 labores
477 391 596 432 refert,
622 399 764 432 quorum
791 399 874 422 sono

176 443 314 474 auditor
325 441 595 484 decipitur-‚dum
609 449 675 472 uon
687 440 794 472 sentit
807 449 875 481 poe-

175 501 245 524 nas.
278 494 323 526 Et
336 494 386 526 ita
401 502 480 526 sane
497 491 589 533 loqui
601 490 737 522 videtur
750 491 872 523 Horat.

174 552 200 576 1.
224 544 297 576 Sat.
319 547 351 576 ³.
373 549 382 563 ⁸
400 543 596 575 Amatorem
622 541 752 583 Turpia
782 541 873 573 deci-

175 596 275 635 piunt
290 605 419 628 coecum
436 594 542 635 vitia‚'
567 594 631 625 hoc
647 599 714 632 est,
734 593 874 634 fallunt,

175 645 311 687 fugiunt
326 656 366 678 ac
381 647 502 686 latent,
516 643 594 676 dum
617 645 761 676 amando
777 648 873 676 recto

167 695 301 735 judicio
324 696 532 728 destituitur.
557 694 701 726 Torreat.
746 694 874 735 Decipi·

174 749 228 776 tur
240 746 392 788 laborum]
406 744 573 786 Exemplo
589 745 805 784 Graecorum,
815 745 873 786 qui

171 796 223 829 ita
237 797 434 837 loquuntur,
447 794 685 827 ἐπιλανθάνεται
707 794 824 835 πόνων,
838 795 872 827 id

172 851 236 883 est,
247 845 432 887 decipitur,
449 846 502 877 vel
513 845 657 886 fallitur,
669 846 723 877 vel
734 845 872 877 oblivis-

171 895 262 928 citur
276 895 441 928 laborum.
465 896 610 928 Lamban.
623 897 721 927 Turn.
738 905 774 928 x.
787 899 840 927 21.

213 948 256 978 39
279 947 349 978 Nec
376 949 467 978 curat
497 946 599 977 Orion
627 945 761 986 Leones]
796 947 871 978 Nec

171 1001 270 1029 curat
307 997 416 1029 Orion
453 1002 597 1028 venator
644 997 774 1027 Leones
815 1001 873 1028 aut

171 1047 305 1087 Lyncus
332 1046 422 1089 apud
446 1047 575 1079 inferos
599 1047 770 1088 persequi,
791 1046 871 1078 dum

172 1095 341 1137 Alcaeum,
356 1102 393 1129 et
407 1097 623 1138 Sapphonem
637 1102 802 1128 canentes
818 1106 874 1128 au·

173 1146 235 1183 dit,
249 1147 310 1179 sed
326 1149 498 1180 venationi
515 1148 659 1189 praefert
673 1157 786 1179 eorum
801 1157 874 1179 car-

172 1195 276 1228 mina.
321 1197 471 1237 Fingunt
492 1198 604 1239 poetae
629 1199 766 1230 umbras
784 1199 873 1240 apud

171 1245 299 1278 inferos
322 1247 443 1279 iisdem
471 1248 570 1279 rebus
594 1248 775 1290 delectari,
802 1250 876 1292 qui-

172 1295 234 1328 bus
250 1297 407 1329 viventes
421 1298 475 1329 bic
495 1298 702 1339 gaudebant.

214 1349 256 1378 40
278 1346 419 1388 Lyncus]
441 1348 539 1388 Lynx
553 1357 596 1379 ex
611 1358 738 1389 genere
754 1354 808 1380 est
824 1351 874 1380 lu-

171 1405 292 1435 porum
323 1399 565 1434 cerni-iorum,
590 1398 762 1429 maculosa
787 1398 872 1435 fera,

169 1444 213 1475 de
229 1454 298 1486 qua
312 1444 420 1477 Arist.
435 1446 524 1478 Plin.
539 1455 622 1478 νιιι.
635 1449 689 1479 38.
715 1448 814 1489 Cruq.

170 1493 253 1527 ODE
267 1503 347 1528 xlv.
381 1496 538 1534 Παθητικὴ
553 1496 603 1528 καὶ
617 1497 870 1538 προσφωνητική.

171 1571 174 1575 .
211 1544 271 1580 An
287 1545 537 1579 Pom-numum.
583 1548 664 1579 Vita
688 1547 815 1590 brevis,
835 1554 872 1582 et

210 1598 356 1627 mortem
374 1596 475 1628 vitari
490 1606 556 1628 non
574 1607 686 1638 posse.

200 1647 231 1676 ·1
245 1645 492 1687 Elaeusugnaees]
507 1647 667 1680 Dolentis
679 1653 744 1680 est.
779 1649 871 1680 Post-

167 1695 272 1736 hume,
300 1695 486 1738 posthume]
522 1697 726 1730 Torrentius
756 1699 871 1739 legen-

169 1745 250 1776 dum
278 1755 352 1778 esse
385 1747 565 1780 contendit
604 1748 765 1785 Postume,
791 1754 826 1781 et
853 1759 872 1781 a

165 1798 249 1836 post,
277 1795 409 1828 dictum
435 1798 530 1829 vult:
553 1803 590 1829 et
616 1799 767 1830 ostendit
793 1809 872 1831 eum

167 1845 351 1878 Postumum
366 1847 496 1882 vocari,
518 1847 575 1887 qui
602 1852 774 1887 postremo
795 1849 872 1880 loco

169 1897 271 1927 natus
285 1899 352 1935 est,
366 1896 438 1927 sive
450 1905 550 1936 quem
567 1896 658 1934 inter
671 1897 797 1930 liberos
812 1908 872 1930 ne-

169 1953 225 1976 mo
240 1950 455 1987 sequeretur.
500 1947 591 1979 Usus
611 1957 694 1979 vero
710 1949 871 1989 obtinuit,

169 2000 208 2026 ut
223 1996 285 2028 soli
302 2001 378 2037 post
394 2003 537 2028 mortem
552 1998 659 2038 putris
675 1999 759 2038 nati,
783 2003 870 2039 post-

167 2045 232 2077 umi
254 2046 534 2086 appellarentur3
558 2047 634 2079 hinc
650 2058 784 2090 qnoque
800 2049 870 2081 fac-

167 2099 239 2126 turn
255 2095 342 2128 utin
359 2105 547 2137 cognomen
565 2098 749 2131 transierit.
781 2100 869 2132 Vide

168 2144 248 2177 Gul.
260 2145 400 2177 Canter.
418 2146 507 2178 Nov.
524 2147 621 2179 Lect.
640 2157 680 2179 11.
697 2151 748 2179 10.

209 2197 230 2227 2
246 2195 314 2227 Nec
327 2195 446 2236 pietas]
467 2196 524 2228 Ob
539 2197 740 2239 religionem
758 2203 794 2230 tu
810 2209 869 2231 ne-

166 2254 232 2288 que
249 2246 380 2278 tardius
396 2247 561 2280 morieris.

209 2299 230 2328 4
253 2297 496 2339 Indomitoeque]
517 2298 624 2330 Morti
652 2299 867 2338 inexorabili,

167 2348 221 2379 vel
237 2347 503 2390 inexpugnabili.

208 2401 228 2428 5
253 2398 328 2430 Non
341 2398 370 2429 si
385 2398 528 2438 tricenis]
552 2399 750 2439 Legendum
772 2405 869 2435 trece-

166 2446 229 2486 nis,
243 2456 306 2488 pro
322 2448 544 2479 trecentenis.
575 2449 700 2481 Sensus
716 2455 788 2482 est:
815 2452 868 2483 Ne

168 2495 276 2528 tribus
291 2497 428 2538 quidem
444 2497 480 2528 in
495 2497 567 2529 dies
582 2499 794 2532 hecatombis
811 2511 870 2533 ex·

169 2547 261 2578 orari
289 2556 387 2589 posse
421 2547 620 2586 Plutonem,
649 2559 717 2590 quo
746 2551 869 2590 minus,

168 2606 270 2639 quum
293 2606 488 2638 supremum
506 2602 640 2638 tempus
660 2599 784 2636 aderit,
801 2611 868 2632 mo-

168 2649 306 2680 riamur.
340 2647 555 2679 Hecatombe
571 2647 675 2687 enim,
689 2651 870 2683 maximum

167 2699 248 2730 olim
276 2698 366 2739 apud
383 2697 525 2729 Graecos
549 2697 768 2739 sacrificium,
789 2709 870 2732 cen·

168 2754 240 2779 tnm
263 2748 364 2779 bonm
388 2752 474 2787 erat,
494 2751 552 2778 aut
576 2747 746 2779 interdum
766 2751 868 2782 etiam

167 2798 310 2829 aliorum
323 2806 499 2838 pecorum,
509 2806 527 2826 a
538 2796 729 2828 Laconibus
741 2803 869 2838 ortum3

169 2856 311 2890 quorum
329 2846 415 2879 ditio
429 2844 635 2885 ἑκατόμπολις
648 2851 741 2879 erat:
760 2858 869 2890 eoque

1516 289 1628 332 1417

929 390 972 422 ad
989 389 1174 421 sedandam
1201 389 1430 430 pestilentiam
1454 391 1530 422 aliae
1550 402 1631 433 quo.

928 450 993 482 que
1020 441 1174 471 nationes
1201 441 1396 479 utebantur,
1417 443 1456 471 ut
1476 449 1538 480 pro
1566 441 1631 472 Im·

929 496 1124 533 peratorum
1139 493 1245 525 etiam
1258 492 1367 524 sainte
1381 492 1537 525 Romani.
1557 493 1632 524 Tor-

926 547 1010 575 rent.
1055 542 1135 574 Non
1153 543 1181 574 si
1207 543 1352 585 tricenis]
1380 542 1499 574 Amice
1531 543 1632 575 Post-

927 592 1040 633 hume,
1050 597 1086 624 tn
1098 602 1209 634 neque
1222 598 1409 630 senectam,
1421 602 1533 634 neque
1546 603 1634 625 mor-

927 647 996 675 tem
1013 641 1168 684 effugies,
1182 642 1315 674 etiamsi
1332 642 1486 682 quotidie
1498 649 1633 675 trecen-

927 696 982 724 tos
1009 698 1125 723 tauros
1152 692 1291 724 Plutoni
1317 693 1483 725 immoles.
1531 694 1634 730 Quot·

926 741 1016 782 quot]
1041 741 1189 782 Singulis
1212 742 1346 774 diebus.
1392 742 1504 812 [Quod
1524 744 1552 775 si
1567 748 1632 775 tre·

925 791 1011 822 cenis
1025 791 1259 823 Sehoeuborn.
1274 795 1306 823 2.
1309 791 1324 832 ]

968 845 990 874 6
1014 841 1142 882 Places]
1164 842 1200 873 Si
1227 843 1364 883 placare
1388 842 1528 874 studeas
1551 843 1633 875 Plu-

925 897 1007 925 tona
1023 893 1206 934 lachrymis
1222 902 1288 924 uou
1303 892 1632 925 flectendum.1ua-

925 944 1140 986 crymubilem]
1165 944 1310 985 Proprie
1334 944 1557 986 illacrymabile
1582 944 1632 975 di·

927 995 1016 1026 citur
1042 995 1090 1033 id,
1116 994 1206 1036 quod
1231 995 1371 1035 dignum
1392 995 1436 1026 sit
1457 995 1632 1036 lacrymis.

927 1045 1093 1077 Horatius
1125 1046 1182 1077 bic
1212 1056 1291 1077 usus
1318 1051 1383 1085 est,
1413 1056 1476 1087 pro
1504 1055 1544 1077 eo
1575 1046 1634 1088 qui

927 1095 1087 1136 lacrymis
1117 1094 1212 1127 flecti
1241 1096 1439 1137 moverique
1470 1100 1634 1137 nequeat.

927 1146 1027 1176 Nove
1043 1154 1136 1176 sane.
1182 1146 1298 1178 Quare
1311 1146 1361 1178 sic
1379 1146 1490 1187 potius
1505 1146 1632 1186 exponi

927 1203 1027 1235 posse
1058 1194 1277 1233 crediderim,
1312 1200 1351 1227 ut
1378 1195 1634 1236 illacrymabilem

928 1250 1030 1277 vocet
1053 1245 1250 1286 Plutonem,
1274 1246 1373 1287 cujus
1396 1246 1538 1278 saevitiae
1562 1255 1633 1278 me-

929 1305 1054 1337 mores,
1068 1296 1332 1337 illacrymemus.
1357 1297 1446 1329 Torr.

971 1349 990 1377 7
1017 1347 1081 1382 Qui
1101 1350 1150 1377 ter
1170 1347 1321 1387 amplum]
1345 1347 1443 1379 Ordo
1465 1351 1538 1379 est:
1563 1347 1633 1380 Qui

926 1396 1116 1436 compescit
1133 1400 1188 1427 ter
1203 1398 1352 1436 amplum
1370 1397 1580 1438 Geryonem,
1597 1401 1633 1429 et

926 1445 1064 1486 Titynm
1097 1445 1188 1477 tristi
1219 1445 1310 1477 unda
1334 1447 1491 1478 omuibus
1516 1448 1633 1479 enavi-

925 1495 1052 1536 ganda,
1089 1496 1285 1537 quicunque
1323 1497 1494 1529 vescimur
1527 1503 1632 1530 terrae

926 1555 1079 1584 munere,
1096 1546 1169 1578 sive
1186 1546 1311 1578 erimus
1337 1555 1448 1588 reges,
1473 1548 1543 1579 sive
1566 1548 1632 1580 eri-

925 1605 1000 1628 mus
1017 1597 1136 1637 inopes
1158 1597 1281 1629 coloni.
1328 1597 1390 1629 Ter
1409 1597 1563 1639 ompIum]
1586 1599 1635 1630 Et

926 1645 1080 1687 Geryoni
1097 1651 1134 1678 et
1149 1647 1252 1687 Tityo
1269 1647 1478 1679 couveniens
1497 1649 1631 1690 epithe-

926 1701 986 1728 ton
1017 1703 1082 1728 est.
1143 1697 1236 1728 Nihil
1265 1707 1350 1738 ergo
1380 1702 1449 1729 tam
1479 1698 1631 1738 amplum

926 1747 1017 1788 quod
1034 1757 1103 1779 non
1118 1747 1232 1779 Orcus
1247 1747 1374 1788 capiat.
1400 1747 1546 1779 Torreat.

970 1799 990 1827 8
1027 1796 1221 1838 Geryonem]
1254 1797 1447 1838 Geryonem
1480 1798 1632 1829 trimem-

927 1846 1045 1884 brem3
1078 1845 1145 1877 fuit
1173 1845 1315 1886 Geryon
1344 1856 1403 1877 rex
1435 1846 1631 1889 Hispaniae,

927 1895 983 1936 qni
1000 1895 1045 1926 ob
1061 1895 1186 1935 triplex
1202 1903 1341 1934 regnum
1362 1904 1506 1936 corpore
1522 1896 1632 1937 tripli-

927 1949 1006 1977 cato
1029 1944 1140 1976 fertur
1163 1944 1372 1976 constitisse.
1420 1945 1524 1978 Hunc
1540 1946 1631 1978 Her-

926 1998 1019 2028 cules
1039 1994 1215 2026 interfecit
1239 1994 1344 2026 boves
1368 2004 1449 2026 suos
1465 1994 1631 2027 suffuran-

923 2051 1006 2081 tem.
1055 2046 1229 2086 Tityonque
1255 2043 1360 2084 tristi]
1396 2044 1493 2077 Jovis
1522 2045 1630 2077 filium

924 2106 966 2128 ex
983 2096 1098 2134 Elara,
1124 2095 1224 2136 cujus
1246 2095 1402 2135 corporis
1423 2095 1629 2136 magnitudi-

923 2155 999 2177 nem
1027 2145 1149 2177 Poe'tae
1180 2144 1345 2176 dixerunt
1373 2143 1480 2177 fnisse
1507 2155 1630 2178 novem

917 2197 1092 2238 jugerum.
1138 2195 1228 2227 Vide
1245 2204 1270 2228 1.
1289 2195 1359 2227 Od.
1372 2198 1405 2227 4.

965 2250 986 2279 9
1016 2247 1192 2287 Compescit
1220 2245 1320 2286 unda]
1353 2246 1474 2288 Stygia
1502 2247 1629 2288 palude

923 2297 1078 2330 omnibus
1103 2307 1178 2328 cum
1204 2296 1378 2329 Charonte
1400 2298 1629 2339 enavigando,

924 2349 1003 2390 qnia
1020 2357 1110 2379 mors
1127 2347 1283 2379 omnibus
1298 2349 1499 2382 communis.

966 2402 1007 2431 10
1047 2399 1231 2438 Quicunque
1266 2399 1378 2439 terroe]
1422 2399 1628 2441 Quicunque

924 2449 1078 2480 vivimus.
1137 2449 1272 2480 Munere
1303 2448 1472 2489 vescimur]
1508 2450 1626 2481 Terrae

922 2498 1050 2530 fructu.

970 2551 1008 2579 ll
1043 2546 1270 2587 Enaviganda]
1307 2545 1426 2584 Λίμνην
1458 2546 1629 2586 πάγκοινον

925 2602 1026 2629 vocat
1042 2596 1241 2636 Sophocles.

969 2650 1010 2678 13
1029 2647 1163 2678 Frustra
1177 2644 1321 2685 cruento]
1338 2645 1479 2678 Frustra
1495 2647 1549 2679 vel
1563 2647 1627 2680 hoc

925 2698 980 2729 vel
1002 2695 1084 2728 illud
1106 2693 1296 2736 pericnlum
1319 2696 1502 2730 vitabimus
1518 2698 1560 2730 ad
1577 2699 1627 2730 vi-

924 2753 994 2779 tam
1024 2747 1082 2777 diu
1117 2745 1386 2785 producendam,
1418 2748 1627 2790 quandoqui-

924 2798 1002 2829 dem
1029 2796 1206 2836 inopinato
1227 2795 1348 2827 mortis
1371 2806 1498 2838 genere
1525 2798 1625 2832 nobis

921 2848 1069 2879 fortasse
1084 2845 1151 2877 erit
1169 2844 1392 2878 moriendum.
