1916 3262
372 275 483 316 1496

372 384 454 415 pore
469 376 573 416 magis
595 376 726 409 idoneo.
781 378 820 409 In
834 379 919 410 domo
932 379 1053 420 Paulli]

372 424 524 457 Paullum
546 425 683 457 Fabium
709 427 906 466 Maximum,
930 428 1052 467 Paulli,

373 477 431 506 aut
458 478 553 506 certe
585 475 702 506 Quinti
737 474 841 507 filium
878 476 1052 516 significat.

372 522 459 555 Nam
475 531 513 553 ea
529 532 601 563 quoe
618 528 818 563 sequuntur,
833 524 873 555 ad
891 524 981 555 illum
998 523 1053 563 qui

373 571 590 610 quadriennio
616 577 692 611 post
712 572 756 602 sit
779 571 890 603 factus
918 572 1054 611 Consul,

372 619 488 651 referri
501 625 684 659 nequeunt.
700 621 839 652 Torrent.
862 621 1054 661 [Bamberg.

371 670 403 698 in
418 671 529 706 domm
559 670 601 701 al.
625 678 679 709 ap.
702 669 825 709 Jaeck,
846 670 1053 710 tempestivior

371 717 404 747 in
419 717 534 756 domm]

415 768 455 796 10
478 766 648 806 Purpureas
671 767 733 797 ales
755 766 901 806 oloribus]
926 766 1056 797 Noster

372 823 428 845 ιιι.
445 814 511 846 Od.
526 817 580 846 28.
592 815 700 846 olores
713 815 812 846 etiam
823 815 964 847 Veneris
981 823 1055 846 cur·

373 863 422 894 rui
433 863 557 902 junxit.
581 864 705 894 Verum
717 864 880 904 quaeritnr
892 863 1057 904 quomodo

372 913 382 928 ‘
398 921 584 951 purpureos
598 911 606 925 '
627 917 738 950 vocet,
761 922 835 943 cum
859 913 957 952 cygni
980 922 1058 943 can·

372 960 434 990 dor
460 961 560 991 etiam
587 962 764 1001 proverbio
791 962 898 993 locum
922 961 1057 996 fecerit,

373 1014 408 1038 et
426 1007 532 1038 Poeta
548 1009 619 1048 ipse
635 1008 710 1039 Ode
727 1009 842 1040 ultima
863 1010 918 1042 lib.
934 1019 973 1041 11.
996 1019 1057 1049 per

370 1054 500 1086 ‘album
524 1056 660 1091 alitem‚’
683 1066 824 1098 cygnum
850 1058 1059 1098 significave-

373 1104 442 1134 rit?
464 1104 550 1135 Sunt
564 1105 620 1145 qui
634 1108 643 1123 ‘
655 1114 781 1146 cygnos
793 1106 801 1119 '
817 1107 860 1136 ab
873 1108 882 1123 ‘
894 1106 1057 1139 oloribus’

372 1152 508 1184 differre
526 1154 640 1193 velint,
657 1154 745 1195 quod
758 1163 822 1185 nec
837 1164 901 1194 ego
917 1164 1058 1195 negave-

372 1202 454 1239 rim;
471 1202 530 1233 sed
547 1202 663 1234 Poetae
682 1208 790 1234 tamen
807 1204 992 1244 promiscue
1010 1205 1058 1236 usi

374 1257 462 1282 sunt.
508 1251 571 1282 His
593 1251 672 1282 olim
694 1252 859 1283 adductus
875 1254 1058 1285 rationibus

372 1299 549 1330 Lambinus
567 1301 743 1331 mannoreis
762 1302 814 1332 liic
831 1303 1057 1342 reponendum

373 1357 447 1378 esse
462 1348 601 1378 censuit.
644 1349 771 1379 Verum
791 1350 866 1381 hnic
881 1351 1058 1382 sententiae

373 1395 578 1435 exemplaria
603 1397 713 1428 omnia
735 1403 935 1438 repugnant.
978 1399 1059 1430 Cru-

373 1444 469 1485 qnius
487 1454 565 1476 vero
579 1445 758 1484 Cytheram
773 1447 1058 1486 lnsulam,Veneri

373 1502 514 1532 sacram,
540 1494 728 1534 Porphyrin
754 1495 831 1527 olim
855 1497 1057 1528 nominatam

372 1541 491 1581 tradit,
518 1541 628 1574 Plinio
644 1548 680 1574 et
699 1544 792 1574 Mela
807 1544 971 1576 testibus:
995 1545 1059 1576 huc

372 1590 478 1630 igitur
495 1591 685 1630 respexisse
699 1592 839 1623 Poetam
850 1592 969 1624 credit.
991 1594 1059 1624 Ve—

374 1649 447 1670 rum
473 1639 715 1680 Porphyrionis
740 1641 792 1672 hic
808 1646 844 1672 et
863 1642 971 1672 Servii
986 1643 1059 1675 AEn.

373 1697 400 1720 1.
415 1688 538 1728 opinio,
554 1693 590 1719 ut
605 1689 862 1729 simplicissima,
883 1690 930 1721 sic
954 1695 990 1722 et
1003 1701 1060 1722 ve-

373 1737 518 1776 rissima,
531 1737 609 1768 milii
626 1739 750 1778 placet,
766 1743 803 1770 nt
821 1740 985 1779 purpureis
999 1749 1061 1780 pro

374 1788 519 1828 pulchris
532 1797 748 1828 exponamus.
790 1789 846 1820 Sic
858 1789 957 1820 euim.
974 1791 984 1807 ⁸
995 1790 1062 1820 Lu-

373 1846 517 1877 menque
546 1837 699 1878 juventus
733 1837 970 1878 Purpureum‚'
997 1841 1061 1871 &c-

377 1886 464 1917 Torr.
507 1887 569 1917 Vel
586 1886 719 1927 poetica
733 1886 775 1918 ad
792 1888 986 1919 miraculum
1003 1898 1060 1919 an-

373 1935 472 1967 dacia
486 1940 538 1966 est
552 1944 641 1972 usus,
652 1940 690 1966 ut
703 1945 802 1976 quem
816 1945 925 1967 rerum
939 1941 1062 1968 natura

375 1993 440 2014 non
458 1989 613 2024 procreat
629 1985 661 2014 in
677 1994 717 2015 eo
732 1984 840 2015 avium
862 1993 985 2023 genere
1005 1994 1060 2015 co·

374 2032 490 2070 lorem,
512 2042 586 2063 eum
602 2031 744 2064 l'ncaret.
767 2033 861 2063 Turn.
878 2042 940 2064 xv.
955 2036 1007 2065 22.
1024 2038 1060 2064 et

375 2087 507 2110 xxviii.
525 2083 575 2111 10.
599 2080 765 2111 Pulmann.
821 2081 898 2111 Ales
911 2082 1059 2122 oloribus]

376 2129 460 2161 Quae
478 2129 575 2159 velox
591 2138 639 2169 es,
654 2134 690 2160 et
704 2130 863 2159 celeriter
885 2130 957 2160 vehi
973 2130 1059 2160 soles

375 2177 410 2208 iu
426 2187 526 2214 curru
543 2177 688 2208 oloribus
696 2177 828 2217 juncto.

418 2229 455 2257 11
483 2226 708 2266 Comessabere]
733 2225 912 2257 Lambinus
923 2231 1060 2258 conten-

375 2275 425 2306 dit
448 2275 547 2306 scribi
571 2275 695 2306 debere
723 2275 890 2306 comissas-i
917 2279 975 2306 aut
1002 2277 1061 2307 Co-

376 2324 516 2356 messuri.
542 2324 620 2355 Non
635 2323 722 2354 enim
735 2323 789 2354 hic
802 2323 915 2363 agitur
926 2323 968 2354 de
981 2333 1061 2364 epu-

375 2372 428 2411 lis,
439 2376 496 2403 sut
510 2371 572 2403 diis
585 2371 626 2402 ad
643 2371 758 2411 epulas
770 2371 985 2403 adhibendis:
1001 2372 1061 2403 sed

376 2422 439 2452 hoc
455 2421 538 2452 dicit
556 2421 728 2460 Horatius,
737 2421 904 2452 Venerem
919 2426 1062 2462 tempes-

378 2471 478 2501 tivius
489 2474 523 2501 et
537 2470 732 2510 oportunius
748 2469 815 2500 suis
830 2469 970 2508 artibus,
990 2480 1063 2501 suo·

378 2528 443 2559 que
473 2519 553 2559 jure
584 2527 715 2549 usuram
747 2516 782 2549 in
809 2517 909 2549 domo
941 2518 1064 2558 Paulli,

378 2577 476 2606 qnam
506 2567 539 2598 in
566 2576 637 2597 sua.
672 2566 779 2598 lamb.
841 2567 914 2607 Ego
941 2567 1063 2608 ubique

378 2617 538 2655 scriptum
551 2616 663 2657 reperi
681 2615 901 2651 Comessabere,
921 2616 972 2647 nti
982 2620 1018 2647 et
1028 2616 1062 2646 in

378 2664 527 2694 Suetonii
538 2664 677 2696 Vitellio
694 2673 770 2704 cap.
782 2666 831 2695 1³.
842 2665 938 2704 quem
954 2664 1063 2696 locum

379 2711 426 2742 ibi
442 2712 531 2743 vide.
572 2714 716 2744 Tantum
739 2712 893 2752 adjiciam
917 2713 1064 2744 ‘comes-

377 2758 457 2791 sari'
480 2762 613 2800 proprie
630 2766 707 2801 post
721 2771 848 2793 coenam
865 2762 932 2794 dici
947 2763 1064 2795 solere.

818 289 956 320 No'rAE
989 289 1245 320 VAmoRUM
1277 291 1327 320 ΙΝ

1102 381 1188 411 Torr.
1227 381 1449 422 Comessabere]
1463 382 1643 420 Jocabere‚
1659 387 1695 415 et
1709 384 1782 417 ubis

1101 429 1214 460 dinose
1229 430 1330 461 vives.
1362 431 1609 470 [Commutabere
1621 432 1783 474 Guelpb.]

1147 481 1184 509 12
1208 479 1445 519 Tor-rerejecur]
1468 479 1644 511 Cui-iratis
1660 481 1789 516 tumes}

1101 533 1190 564 cere,
1213 527 1282 558 sive
1303 527 1432 564 ardere,
1452 532 1488 559 et
1508 528 1558 559 u'ri
1576 528 1678 569 jecur
1692 529 1785 560 dixe-

1102 573 1170 605 rint
1194 581 1361 614 auctores,
1384 585 1407 607 1.
1436 577 1503 607 Od.
1519 579 1572 608 18.
1601 577 1785 610 declarnvi-

1101 632 1184 654 mus.
1206 624 1238 655 id
1265 626 1351 656 enim
1377 626 1472 658 flavae
1498 627 1587 668 bilis,
1613 637 1671 659 seu
1695 627 1784 659 fellis

1103 672 1216 712 potius
1231 672 1391 715 folliculo,
1414 676 1468 716 qui
1491 676 1524 707 in
1540 677 1650 707 medio
1664 677 1785 718 hepate

1103 726 1168 761 est,
1190 723 1374 755 tribuimus.
1423 725 1509 756 Vide
1534 729 1570 756 et
1590 735 1615 756 1.
1641 725 1709 757 Od.
1734 727 1787 756 25.

1106 769 1246 802 Torrmt.
1277 773 1371 803 Jecur
1385 774 1498 813 qnoeris
1511 773 1666 813 idoneum]
1681 773 1786 806 Jecur

1105 819 1266 850 amoribus
1279 826 1405 860 aptum.
1447 822 1553 854 Jecur
1565 822 1651 853 enim
1667 827 1720 854 est
1734 831 1785 852 se-

1104 867 1164 897 des
1178 867 1336 900 libidinis.
1639 909 1643 914 1

1147 918 1186 945 13
1218 916 1358 956 Namque
1392 921 1424 948 st
1451 918 1570 957 nobilis,
1601 922 1632 949 et
1660 919 1785 960 decens]

1105 963 1231 994 Paulus
1245 964 1340 996 Max.
1361 966 1497 1004 juvenis
1514 967 1649 1006 nobilia,
1664 966 1786 999 formo-

1105 1021 1174 1047 sus,
1190 1017 1225 1043 et
1241 1011 1404 1043 facundus
1416 1019 1502 1054 erat,
1518 1023 1592 1056 quae
1607 1017 1718 1046 omnia
1732 1026 1788 1048 ex-

1105 1065 1223 1091 ornant
1238 1066 1418 1092 amantem.

1149 1111 1188 1140 14
1203 1109 1251 1141 Et
1262 1119 1317 1150 pro
1330 1110 1485 1151 sollicitis]
1510 1111 1554 1142 Et
1568 1121 1628 1152 pro
1643 1112 1696 1151 iis,
1708 1122 1788 1153 qno·

1107 1167 1178 1188 rum
1195 1167 1296 1189 causa
1323 1159 1356 1189 in
1380 1159 1531 1199 periculo
1551 1166 1716 1202 versatur,
1731 1171 1790 1202 pa·

1107 1211 1220 1237 tronus
1236 1216 1302 1238 non
1317 1213 1439 1245 mutus,
1455 1208 1514 1239 sed
1530 1210 1700 1251 eloquens.

1150 1257 1189 1285 15
1213 1256 1257 1286 Et
1282 1256 1419 1297 centum]
1453 1257 1499 1289 Et
1525 1258 1639 1289 multis
1663 1258 1791 1291 artibus

1106 1301 1289 1335 instructus
1297 1305 1442 1344 juvenis.

1150 1354 1191 1382 16
1212 1353 1291 1383 Late
1304 1354 1396 1392 signa
1406 1355 1508 1395 seret]
1541 1356 1685 1387 Multum
1701 1365 1790 1386 ama-

1107 1399 1170 1438 bit,
1191 1405 1226 1431 et
1242 1401 1352 1432 animo
1368 1401 1500 1434 libenti.
1786 1397 1787 1400 ¹

1149 1451 1188 1480 17
1219 1449 1262 1479 Et
1290 1451 1476 1491 quandoque]
1515 1451 1700 1491 Quandoque
1729 1460 1790 1491 pro

1104 1497 1419 1538 ‘quandocumque’
1441 1499 1541 1530 etiam
1565 1500 1716 1540 proxime
1739 1503 1790 1531 'se-

1107 1546 1222 1586 quenti
1238 1546 1316 1578 Oda
1329 1547 1394 1578 dici
1411 1547 1609 1580 videbimus.
1646 1549 1715 1579 Pro
1729 1549 1800 1579 lar·-¹

1104 1595 1156 1634 gis
1178 1599 1288 1626 autem
1318 1597 1400 1635 largi
1429 1596 1554 1628 habent
1581 1597 1647 1628 duo
1673 1597 1792 1637 optimi

1107 1643 1206 1675 codd.
1223 1653 1283 1676 nec
1298 1645 1396 1676 male.
1421 1645 1560 1677 Tor-rent.
1605 1646 1648 1678 Et
1659 1647 1792 1686 quando-

1108 1702 1166 1732 que
1176 1693 1346 1733 potentior]
1366 1694 1411 1724 Et
1425 1694 1689 1735 quandocunque
1705 1695 1792 1726 Pau-

1109 1741 1159 1771 lus
1176 1741 1299 1780 riserit,
1313 1741 1346 1772 id
1363 1747 1427 1778 est,
1438 1741 1550 1773 hilaris
1561 1743 1638 1783 erit,
1649 1743 1723 1783 plns
1737 1753 1792 1775 va-

1108 1790 1179 1820 lens
1194 1790 1283 1830 apud
1297 1790 1448 1828 amicam,
1459 1800 1555 1831 quam
1571 1791 1666 1831 larga
1680 1792 1793 1824 rivulis

1109 1847 1258 1878 munera,
1282 1839 1338 1870 ille
1363 1848 1583 1871 marmoream
1604 1841 1712 1881 eriget
1731 1840 1794 1872 tibi

1109 1892 1267 1927 statuam,
1283 1897 1390 1928 prope
1405 1889 1497 1919 lacus
1513 1888 1671 1920 Albanos.

1152 1939 1192 1967 18
1214 1936 1349 1977 Risem‘t]
1364 1938 1480 1969 Laetns
1493 1937 1609 1977 fuerit,
1621 1948 1663 1970 ex
1677 1947 1718 1970 eo
1733 1938 1794 1970 scl-

1108 1985 1201 2023 licet,
1212 1986 1300 2025 quod
1317 1986 1426 2017 rivalis
1441 1996 1500 2017 seu
1516 1987 1627 2018 amuli
1642 1996 1795 2026 munera,

1108 2035 1320 2074 quantumvis
1334 2036 1439 2075 larga,
1452 2036 1533 2066 nihil
1549 2037 1637 2076 apud
1654 2037 1792 2068 amicam

1109 2082 1287 2120 valuerint,
1303 2092 1413 2123 neque
1428 2082 1615 2123 effecerint,
1635 2089 1674 2116 nt
1688 2085 1791 2115 mino-

1108 2130 1152 2160 ris
1169 2131 1209 2160 ab
1227 2131 1331 2161 amica
1344 2130 1519 2171 tiat‚qnam
1536 2132 1685 2163 aemulus.
1699 2132 1792 2163 Lam-

1108 2177 1170 2209 ln'n.
1213 2178 1419 2218 [Markland.
1435 2179 1543 2210 vicerit
1557 2179 1688 2220 ernulfi]

1150 2229 1190 2258 19
1205 2226 1338 2258 Albanos
1347 2237 1439 2267 prope
1450 2231 1479 2259 le
1487 2228 1586 2269 lacus]
1601 2229 1690 2260 Olim
1702 2228 1795 2261 Alba

1109 2275 1196 2306 inter
1232 2280 1378 2306 montem
1413 2277 1579 2308 excelsum
1615 2278 1795 2320 lacumque

1108 2333 1264 2364 magnum
1281 2328 1454 2356 exstructa
1469 2324 1554 2356 fnit:
1581 2331 1700 2357 auctor
1713 2327 1796 2359 Dio·

1109 2373 1236 2413 nysius.
1271 2373 1378 2404 Lacus
1393 2374 1463 2414 ejus
1478 2374 1628 2406 meminit
1644 2375 1716 2407 Cic.
1731 2376 1752 2407 l.
1769 2385 1793 2407 1.

1111 2423 1163 2452 De
1190 2422 1416 2453 Divinatione.
1467 2423 1658 2455 Verisimile
1682 2430 1794 2455 autem

1110 2475 1173 2507 est,
1183 2480 1224 2501 eo
1236 2471 1299 2502 loci
1315 2471 1538 2503 suburbanum
1548 2472 1700 2504 babuisse
1708 2473 1795 2504 hunc

1114 2519 1311 2551 Maximum.
1336 2520 1472 2551 nvn-ent.

1153 2571 1195 2599 20
1227 2569 1330 2599 Ponet
1356 2569 1569 2610 nmrmoream]
1605 2569 1687 2600 Tale
1714 2569 1795 2601 illud

1111 2617 1207 2656 Virg.
1235 2617 1307 2647 Ecl.
1322 2625 1388 2648 vir.
1408 2620 1418 2634 ‘
1432 2616 1552 2648 Custos
1576 2625 1612 2649 es
1641 2618 1794 2658 pauperis

1110 2665 1196 2696 horti
1210 2675 1218 2695 ε
1239 2664 1338 2695 Nunc
1355 2670 1388 2695 te
1403 2673 1621 2696 marmoreum
1636 2675 1697 2706 pro
1711 2670 1794 2698 tom·

1114 2722 1195 2754 pore
1205 2713 1360 2744 fecimus:
1373 2717 1409 2744 at
1421 2713 1514 2751 tu‚Si
1525 2713 1646 2745 foeturn
1657 2721 1792 2752 gregem

1111 2762 1333 2804 suppleverit,
1356 2771 1474 2793 aureus
1490 2762 1587 2794 esto.’
1628 2760 1693 2792 Sub
1707 2760 1793 2792 trabe
