1916 3262
485 298 693 331 nons‘ru
727 297 999 331 cAmnNUM
1035 297 1130 328 ms.
1160 273 1285 328 1124.

159 390 311 432 urgendo
329 392 429 423 Orcus
443 390 568 429 dictus,
589 394 731 423 auctore
745 390 861 427 Festo.

160 439 252 482 quod
286 441 316 472 is
346 441 440 472 Deus
468 439 614 471 maxime
642 438 686 470 nd
715 443 859 471 mortem

159 493 283 532 urgent
297 501 305 521 ε
328 490 418 522 unde
428 488 656 530 proverbium,
670 490 679 506 ‘
692 487 787 520 Orco
799 488 861 520 im-

158 539 384 581 placabilior?
419 539 479 571 Nic
488 538 667 570 miser-aneis
682 538 777 580 Orci]
793 539 860 571 Or-

158 591 204 630 ci,
218 600 320 633 quem
334 589 460 623 nullius
472 588 623 621 miseret.

201 643 243 672 25
270 640 387 672 Omnes
409 636 526 678 eodem]
549 637 681 669 Omnes
705 636 748 668 ad
771 646 859 669 mor-

160 694 228 721 tem
250 689 497 730 compellimur.
543 687 692 718 Omnium
718 690 861 719 versatur

157 739 254 780 unu]
284 739 393 773 Jnnus
417 738 535 771 Douza
560 738 609 768 sic
634 738 724 769 hunc
747 738 860 770 locum

157 788 253 829 legit,
283 788 432 821 Ouinium
466 788 617 821 Versatur
640 797 721 819 urna
748 789 860 825 serius,

155 847 260 881 etym,
273 838 352 870 Son
363 839 500 870 exitura.
547 838 643 870 Urna
658 838 747 869 enim
765 837 860 870 aufe·-

154 889 268 929 rendi,
281 899 346 921 nou
362 890 557 921 nominandi
575 899 657 921 casu
674 890 786 930 posita
797 890 860 922 hoc

153 939 243 972 loco.
289 939 451 980 Omnium]
473 939 571 971 Ordo
594 944 667 971 est:
691 940 772 972 Sors
789 949 859 971 om-

154 987 248 1019 nium
263 988 398 1020 exitura
413 989 534 1028 serius,
551 989 604 1020 vel
617 998 734 1030 ocyus,
750 994 785 1020 et
798 999 859 1020 nos

155 1037 357 1078 impositura
380 1038 513 1079 cymbae
537 1039 570 1070 in
596 1043 762 1070 aeternum
787 1038 859 1070 exi-

155 1087 252 1127 lium,
264 1093 420 1119 versatur
436 1088 470 1119 in
487 1098 583 1119 urna.

198 1138 243 1168 2⁰
269 1135 421 1168 Versatur
444 1137 542 1177 urna]
563 1137 660 1169 Idem
685 1138 861 1176 est‚‘ver-

157 1185 227 1216 sari
238 1184 248 1198 '
259 1195 299 1217 ac
311 1191 320 1204 ⁸
332 1186 478 1217 moveri'
490 1197 606 1218 urnam
620 1198 628 1218 :
653 1187 742 1228 quod
755 1188 862 1227 prius·

158 1243 260 1275 quam
276 1239 388 1267 sortes
411 1237 606 1277 extrahant,
623 1236 785 1269 confundi
802 1247 861 1269 eas

157 1293 251 1316 urnae
269 1284 459 1325 agitatione
471 1286 611 1318 solenne
627 1288 682 1319 sit.
725 1288 860 1319 Etcum

156 1342 224 1364 non
239 1338 376 1365 constet
393 1336 492 1373 ratio,
508 1345 570 1366 cur
593 1337 650 1367 alii
667 1336 744 1367 aliis
760 1337 861 1368 citius

157 1383 358 1424 tardiusque
378 1384 578 1419 moriantur,
596 1385 738 1424 quadam
755 1385 861 1415 veluti
876 1419 881 1423 ⁴

155 1431 335 1463 sortitione
348 1432 617 1463 morividentur.
638 1433 779 1464 Tor-rent.
799 1435 860 1465 Ur-

154 1479 212 1520 na]
234 1479 274 1512 In
298 1490 384 1512 urna
409 1480 517 1519 fatali,
532 1482 566 1512 in
595 1475 695 1522 cuam
718 1483 860 1524 conjici·

156 1535 262 1565 untur
275 1531 423 1563 omnium
439 1537 550 1563 sortes
565 1533 642 1564 vitae
660 1535 859 1575 mortisque.

155 1580 279 1622 Serius,
291 1581 399 1623 ocyus]
422 1582 500 1613 Sive
517 1582 659 1623 tardius,
675 1583 746 1614 sive
771 1584 860 1615 cele·

158 1630 228 1662 rins
246 1631 457 1663 moriendum
475 1635 539 1663 est.

197 1682 240 1713 2⁷
262 1681 430 1713 AEeernum
443 1681 604 1722 Exitium]
629 1682 749 1714 Sortiti
770 1683 860 1714 enim

153 1729 244 1762 hune
265 1734 433 1762 terrarum
458 1731 573 1762 orbem
592 1732 697 1763 veluti
719 1733 861 1763 domici·

154 1777 433 1820 lium'qnoddam‚
443 1784 553 1811 morte
564 1785 732 1811 mutamus
742 1781 862 1821 solum,

156 1836 329 1869 nunquam
354 1829 508 1860 redituri.
553 1829 678 1859 Plures
698 1829 776 1861 libri
793 1831 860 1861 Ex-

155 1876 251 1907 itium
264 1876 397 1916 legunt.
416 1877 560 1908 Torreat.

199 1929 243 1958 28
268 1926 411 1967 Cymbe]
447 1926 533 1958 Navi
561 1927 755 1968 charontis,
783 1938 860 1969 quae

158 1976 285 2007 animm
299 1985 361 2018 per
376 1975 610 2008 Acherontem
632 1976 773 2010 fluvium
792 1984 861 2011 tra-

158 2025 267 2057 ducit.

158 2073 242 2107 One
273 2083 324 2106 tv.
367 2075 621 2116 Προσφωνητική.
667 2075 726 2108 An
761 2077 862 2110 Xsu·

197 2131 325 2156 suun
357 2124 560 2156 Pnocnuu.
605 2126 685 2157 Non
716 2131 770 2158 est
800 2137 861 2159 cur

200 2173 368 2206 Xanthias
384 2174 579 2215 erubescat,
595 2175 685 2216 quod
704 2176 861 2217 Phyllida

199 2224 360 2256 ancillam
383 2229 486 2264 amet,
503 2234 605 2266 quum
630 2226 746 2258 multis
769 2237 861 2268 mag-

198 2273 252 2306 nis
269 2273 350 2305 viris
366 2274 456 2306 idem
473 2283 535 2306 nsu
553 2274 699 2306 venerit.

201 2326 219 2356 1
243 2325 296 2356 Ne
313 2324 358 2357 sit
370 2325 508 2363 ancum,
523 2324 596 2365 ἐγὼ]
619 2325 762 2357 Romani
779 2336 859 2358 con·

157 2374 314 2415 temptim
330 2374 341 2392 ‘
352 2374 578 2406 ancillariolos
589 2375 598 2389 ’
612 2375 781 2408 vocabant
791 2386 862 2416 eos,

158 2424 216 2464 qni
231 2428 300 2456 nm
314 2424 474 2457 humilem
496 2435 536 2456 ac
556 2425 728 2457 sordidam
745 2427 860 2458 Vene-

159 2481 232 2505 rem
261 2478 490 2513 sectarentur,
527 2479 565 2505 nt
603 2475 772 2507 Martialis
800 2477 861 2509 lib.

160 2529 230 2554 ιιι.
253 2522 264 2539 ‘
279 2521 534 2554 Ancillariolum
557 2527 617 2556 tua
634 2529 667 2555 te
685 2531 784 2557 vocat
800 2535 861 2557 nx-

160 2580 210 2610 or,
239 2575 277 2602 at
311 2571 386 2610 ipsa
416 2572 642 2605 Lecticariola
675 2579 751 2606 est:
777 2577 861 2607 estis

162 2619 291 2652 Alnrda
321 2619 444 2660 pares.'
488 2621 540 2652 Ne
575 2622 618 2653 sit
653 2624 790 2664 uncina]
814 2625 862 2656 Ut

160 2679 230 2702 non
246 2669 376 2710 pudeat
391 2673 426 2701 te
441 2679 557 2702 amare
580 2671 736 2704 ancillam
757 2673 861 2715 Phyl-

161 2719 277 2750 lidem.

204 2770 225 2800 2
251 2768 346 2800 Prius
357 2767 555 2808 insolentem]
577 2767 743 2801 Achillem
761 2775 863 2804 antea

161 2826 227 2864 non
244 2827 357 2852 amare
373 2819 522 2851 solitum.
551 2819 740 2852 Insolentem
753 2821 860 2853 Achil-

1500 289 1611 332 1401

908 387 986 428 ku]
1008 387 1239 428 Arrogantem
1261 390 1298 419 et
1319 386 1469 420 ferocem
1486 394 1522 421 et
1543 390 1614 423 fac.

909 443 1023 470 torum
1039 446 1175 469 suornm
1190 436 1351 477 superbia
1363 438 1503 470 elatum.
1533 441 1543 457 ⁴
1556 440 1613 471 In·

909 488 1021 519 solens
1036 487 1045 501 ’
1056 487 1161 528 enim,
1178 491 1216 519 ut
1231 487 1388 519 Donatus
1403 487 1464 526 ait,
1479 491 1532 518 est
1556 489 1613 529 qui

910 542 1038 579 praeter
1058 538 1171 578 legem
1198 538 1271 578 agit
1295 538 1476 569 humanam
1492 546 1532 568 ac
1555 547 1614 569 na-

910 587 1075 619 turalem:
1100 587 1236 628 qualem
1265 587 1383 627 reponi
1400 587 1474 618 vult
1501 586 1615 618 Hora-

911 637 979 669 tius
1009 637 1052 669 ad
1080 637 1249 677 Pisonesfl
1271 638 1282 655 ‘
1299 637 1387 670 Jnra
1416 641 1522 677 neget
1550 636 1615 668 sibi

909 692 1004 727 nata,
1030 687 1112 719 nihil
1136 696 1203 718 non
1231 691 1370 728 arroget
1395 685 1521 718 armis.²
1538 686 1614 718 Tor-

907 740 990 770 rent.

951 789 971 819 3
995 787 1094 819 Serva
1107 788 1248 829 Briseis]
1271 789 1323 820 Ex
1347 788 1520 828 Lyrnesso
1533 797 1614 828 cap·

910 841 966 869 ta:
990 847 1075 878 ergo
1091 847 1202 873 serva,
1216 838 1295 878 jure
1311 837 1405 869 belli.
1453 837 1553 869 Νίνου
1564 847 1614 868 co-

908 886 987 927 lore]
1009 887 1129 918 Colore
1153 887 1313 924 candido,
1331 887 1366 918 id
1382 893 1448 927 est,
1463 896 1524 918 sua
1540 887 1615 927 pul-

909 936 1114 968 chritudine.

950 989 969 1016 5
998 986 1159 1017 Telamone
1187 987 1313 1028 natum]
1350 986 1430 1018 Non
1458 984 1616 1030 Ajacem,

910 1035 966 1076 qui
983 1034 1050 1067 fuit
1066 1035 1159 1068 Oilei
1175 1035 1277 1067 filius.

951 1087 972 1116 6
990 1085 1105 1117 Forma
1115 1085 1266 1126 captim]
1289 1084 1516 1117 Pulchritudo
1526 1085 1616 1115 Tec-

909 1145 1041 1175 messae,
1059 1146 1133 1176 quae
1158 1145 1201 1166 ex
1218 1135 1327 1175 Ajace
1348 1134 1455 1166 filium
1479 1134 1616 1175 peperit

910 1184 1124 1224 Eurysacen.

953 1236 973 1265 7
995 1233 1127 1265 Atrides
1136 1233 1249 1273 medio]
1275 1231 1505 1273 Agamemnon
1517 1231 1615 1264 Atrei

910 1281 1000 1313 filius
1028 1283 1064 1314 in
1084 1283 1199 1314 media
1225 1282 1371 1314 victoria
1395 1282 1616 1314 vehementer

909 1332 1036 1363 amavit
1052 1333 1289 1363 Cassandram.
1338 1331 1444 1362 Medio
1455 1332 1489 1362 in
1504 1331 1616 1362 trium·

905 1380 986 1419 pho]
1009 1381 1229 1421 Triumphum
1242 1386 1343 1412 vocat
1359 1379 1477 1411 ἅλωσιν
1489 1381 1616 1420 Trojae,

911 1429 1084 1469 triumpho
1100 1429 1249 1470 diguam.
1270 1430 1412 1461 Tor-rent.

953 1479 973 1508 8
1002 1477 1135 1517 Virgine
1147 1479 1256 1519 rapta]
1281 1478 1470 1510 Cassandra
1485 1479 1614 1510 Priami

909 1526 993 1567 filia,
1005 1538 1024 1559 e
1042 1529 1169 1570 templo
1186 1529 1339 1560 Palladis
1363 1533 1465 1570 rapta
1480 1538 1500 1559 a
1515 1528 1614 1560 Grae-

909 1587 969 1609 cis.

952 1630 974 1659 9
996 1627 1153 1659 Barbam
1167 1628 1342 1669 postquam]
1364 1629 1526 1670 Phrygiae
1544 1633 1616 1660 tur·

910 1688 989 1718 mae,
1016 1679 1096 1720 quia
1126 1679 1281 1719 Phryges
1312 1679 1451 1720 proprie
1480 1679 1615 1710 barbari

911 1727 1128 1759 dicebantur.

955 1779 997 1808 10
1023 1777 1306 1817 Thessalonictore]
1328 1778 1437 1808 Recte
1450 1776 1616 1809 Achillem

912 1826 1075 1856 victorem
1089 1830 1189 1857 vocat
1204 1835 1214 1863 ;
1238 1836 1441 1867 quamquam
1455 1826 1543 1857 enim
1557 1835 1616 1858 sn-

913 1878 948 1905 te
964 1878 1104 1914 captum
1122 1874 1221 1904 Ilium
1237 1884 1257 1906 a
1271 1875 1397 1906 Paride
1411 1875 1616 1908 interfectus

911 1922 1040 1962 fuerit;
1077 1924 1198 1955 vicisse
1231 1929 1345 1956 tamen
1375 1924 1526 1965 videtur,
1554 1935 1616 1966 per

913 1982 1015 2013 quem
1036 1970 1166 2004 factum
1191 1978 1258 2014 est,
1275 1979 1314 2005 ut
1334 1983 1424 2006 caeso
1449 1975 1616 2015 Hectore,

913 2031 954 2053 ac
971 2024 1023 2053 tot
1039 2022 1121 2053 viris
1135 2021 1344 2063 fortissimis,
1357 2024 1460 2065 Troja
1474 2034 1615 2066 capere-

913 2075 980 2102 tur.
1025 2071 1112 2102 'rum
1130 2072 1284 2112 sequitur
1298 2072 1472 2113 Ademptus
1492 2075 1616 2106 Hector

911 2122 1069 2154 tradidit.-
1093 2132 1154 2163 pro
1175 2124 1338 2165 adempto
1365 2125 1520 2157 Hectore
1545 2125 1615 2158 fac·

913 2178 984 2205 tum
995 2178 1033 2204 ut
1044 2173 1263 2206 traderentur
1275 2175 1458 2217 Pergama.
1475 2177 1617 2209 Tmen.

913 2223 1061 2254 Thessalo
1080 2223 1213 2264 victore]
1234 2223 1383 2264 Achille,
1400 2226 1457 2267 qui
1481 2225 1547 2258 fuit
1570 2236 1615 2257 ex

911 2274 1056 2314 Laryssa
1067 2273 1150 2305 urbe
1161 2274 1354 2309 Thessaliae.
1399 2276 1443 2307 Et
1455 2277 1616 2317 ademptus

913 2324 1048 2365 Hector]
1066 2325 1112 2355 Et
1139 2329 1319 2366 postquam
1345 2325 1479 2358 Hector
1506 2332 1614 2357 morte

912 2380 1112 2415 peremptus
1130 2374 1173 2406 ab
1185 2374 1334 2415 Achille,
1349 2375 1504 2412 tradidit.
1516 2375 1614 2408 Grae·

911 2425 961 2456 cis
985 2425 1166 2457 decennali
1192 2425 1282 2457 bello
1307 2425 1417 2465 fessis,
1445 2426 1615 2466 Pergama

911 2474 1041 2506 leviora
1062 2475 1149 2513 tolli,
1163 2474 1197 2505 id
1218 2478 1285 2513 est,
1308 2473 1478 2513 faciliora,
1493 2479 1531 2505 ut
1552 2473 1614 2504 tol·

911 2524 1066 2555 lerentur
1080 2529 1117 2555 et
1135 2528 1386 2554 everterentur.

957 2576 995 2604 ll
1020 2573 1144 2613 Fessis]
1165 2573 1222 2603 Sic
1253 2572 1433 2612 Virgilius:
1470 2575 1479 2589 ¹
1497 2571 1612 2602 Fracti

912 2623 1004 2654 bello
1029 2621 1178 2662 fatisque
1198 2621 1327 2661 repulsi
1349 2622 1520 2651 Ductores
1541 2620 1612 2651 Dn-

913 2682 1012 2704 naum
1030 2675 1080 2702 tot
1090 2671 1164 2711 jam
1179 2669 1371 2702 labentibus
1386 2668 1508 2700 anuis:

957 2725 996 2754 13
1024 2720 1166 2759 Nesciat,
1186 2718 1242 2759 an]
1267 2719 1425 2750 Fortasse
1447 2718 1507 2750 tali
1536 2718 1612 2749 loco

913 2777 995 2803 nata
1012 2770 1142 2811 Phyllis
1159 2774 1224 2808 est,
1241 2774 1278 2801 ut
1295 2768 1354 2800 tibi
1372 2769 1549 2801 honestum
1565 2767 1610 2798 sit

913 2830 986 2854 eam
1004 2829 1128 2852 amare.
1143 2818 1285 2851 Lambin.
1328 2819 1472 2859 Nescius,
1483 2818 1540 2859 en]
1554 2817 1610 2849 In-
