1890 3230
433 308 642 340 nonni!
675 305 950 339 SERMONUM
986 307 1080 339 ιω.
1114 307 1165 337 11.
1194 297 1235 338 6.

115 404 288 444 potefflut,
315 402 372 444 qui
400 401 488 442 quod
519 409 588 432 una
611 399 700 431 forte
730 407 806 430 cum

115 452 262 484 Horatio
284 456 342 483 ant
356 451 452 482 ludos
475 450 509 481 iu
523 450 657 481 theatro
672 452 806 488 specta·

114 507 224 542 verat,
237 506 296 533 ant
318 501 352 532 in
367 509 489 541 eampo
508 498 637 530 Martio
663 497 805 535 luserat,

113 551 231 584 Poeta
255 555 424 591 tamqnam
446 546 709 580 fortunatissimo
737 555 807 577 om-

112 610 175 633 nes
186 599 383 632 invidebant
399 610 410 638 ς
433 603 492 630 aut
507 596 550 629 ad
567 596 660 636 vulgi
680 605 806 628 sermo-

113 661 190 684 nem
206 660 267 692 per
279 649 420 690 μίμησιν,
435 653 473 680 ut
488 651 611 679 vocant
627 646 806 677 Gramma-

114 701 186 743 tici,
197 701 254 733 hio
275 701 383 733 nostri
399 700 449 732 vir
463 697 614 731 subsellii
638 697 804 728 Horatius

113 755 258 792 repente
282 751 442 782 Fortunae
458 747 547 779 filius
573 745 716 777 effectus
739 750 805 785 est,

111 801 171 842 qui
189 801 224 832 in
240 800 391 832 intimam
407 797 607 830 Maeeenatis
621 795 804 827 amicitiam

112 850 358 890 penetraverit.
387 848 476 880 Vide
490 846 698 884 Turnebnm,
710 854 762 877 vr.
773 848 805 876 7.

114 900 255 932 Tou-rene.
293 899 412 930 Noster
422 898 509 929 ludos
521 896 713 937 spectaverat
727 895 803 936 una]

111 948 242 981 Noster
266 948 432 980 Horatius
453 946 589 987 (dicunt
613 954 729 976 omues
756 945 806 975 iu-⁴

111 998 199 1038 vidi)
229 998 390 1029 Fortunae
424 995 524 1035 filius,
555 995 590 1026 id
615 1001 680 1033 est,
707 995 806 1026 bomo

112 1045 340 1084 felicissimus,
353 1055 420 1077 una
435 1054 510 1076 cum
522 1045 715 1076 Maecenate
732 1054 806 1076 ver-

112 1100 204 1127 satus
225 1099 280 1127 est
308 1096 343 1127 in
372 1096 517 1130 tlieatro,
552 1098 589 1125 et
622 1094 656 1125 in
686 1103 805 1135 campo

114 1146 256 1178 Martio.

154 1198 198 1228 ⁴⁹
213 1196 345 1228 Luserat
356 1196 390 1227 in
404 1197 530 1238 Campo,
546 1194 807 1236 Fortuna-filius,

114 1245 232 1286 omnes]
254 1245 332 1277 Hoc
356 1255 477 1278 sensu:
501 1245 631 1276 Omnes
654 1245 743 1275 inter
769 1254 806 1276 se

113 1300 292 1327 susurrant
305 1305 346 1327 ac
361 1299 585 1334 murmurant,
599 1295 726 1339 Noster
741 1303 806 1325 una

111 1343 210 1376 ludo·
225 1349 464 1386 spectaverat3
480 1345 609 1376 Noster
619 1353 726 1383 nuper
737 1353 806 1374 om-

113 1403 175 1426 nes
197 1394 399 1426 candidatos
429 1395 463 1425 in
486 1402 606 1434 campo
636 1393 805 1424 eluserat:

114 1443 236 1484 quibua
256 1444 344 1476 euim
372 1444 491 1482 voluit,
515 1442 807 1475 commendatione

116 1502 176 1524 sua
201 1492 354 1534 profuit;
386 1497 528 1525 caeteros
548 1492 660 1524 elusit.
704 1491 808 1522 Heiu-

113 1552 190 1574 utus.

155 1594 198 1622 50
220 1591 375 1631 Frigidus
387 1602 406 1623 a
423 1591 564 1631 Rostris]
588 1594 598 1609 ‘
614 1587 806 1630 Frigidum'

113 1645 212 1672 vocat
228 1642 239 1659 ‘
252 1648 418 1673 rumorem
431 1640 440 1655 '
464 1641 536 1672 sive
557 1639 725 1678 nuntium,
738 1647 805 1669 non

115 1689 172 1729 qui
185 1687 307 1729 frigide
323 1699 362 1720 ac
377 1689 500 1719 leviter
525 1688 731 1727 divulgetur.
747 1686 806 1717 sed

114 1738 171 1778 qni
185 1736 404 1768 audientibus
430 1737 583 1767 timorem
610 1740 713 1776 atque
737 1735 810 1765 hor·

116 1795 226 1818 rorem
252 1785 407 1825 adferat3
438 1785 654 1817 moventibus
678 1785 810 1816 scilicet

116 1845 192 1868 sese
203 1835 358 1868 barbaris
374 1836 536 1867 adversus
551 1835 727 1875 imperium
746 1835 809 1866 Ro-

115 1895 272 1918 manum:
309 1886 359 1918 sie
387 1884 542 1926 ‘frigida
570 1884 682 1915 mors!
724 1884 809 1916 Daci

118 1940 231 1967 autem
261 1935 364 1967 iidem
386 1935 444 1976 qui
474 1940 511 1966 et
539 1934 654 1973 Getae,
677 1934 727 1965 uti
753 1943 809 1965 ni.

118 1985 188 2017 od.
202 1987 236 2017 8.
259 1985 458 2016 notavimus.
502 1984 682 2025 Ingeniosa
708 1984 810 2015 etiam

118 2045 137 2067 e
154 2035 287 2067 Rostris
303 2036 377 2067 loco
401 2034 504 2067 Urbis
525 2033 810 2075 frequentissimo,

118 2084 224 2116 veluti
251 2084 355 2116 fonte*
374 2084 495 2126 aliquo,
521 2088 676 2115 exortum
702 2092 810 2114 rumo—

118 2142 204 2172 rem,
218 2142 282 2173 per
305 2133 397 2165 vicos
423 2142 538 2164 omnes
563 2132 685 2164 deduci
702 2131 811 2173 fingit.

122 2183 282 2231 Terrena·
308 2184 459 2223 Frigidus
478 2195 498 2216 α
514 2183 654 2224 Rostris]
677 2183 712 2213 Si
736 2182 810 2224 quis

118 2241 232 2264 rumor
242 2241 347 2263 vanus
361 2238 514 2272 vagatur.

159 2283 200 2313 ⁵1
223 2281 280 2312 Me
293 2280 442 2320 consulit]
464 2282 524 2313 Me
541 2284 651 2321 rogat.
681 2279 809 2319 Obone]

119 2330 256 2361 Horati.

162 2381 204 2409 ⁵2
226 2378 310 2409 Deos
337 2377 480 2418 quoniam
503 2375 646 2416 propius]
674 2375 811 2416 Augus-

121 2434 192 2459 tum
207 2431 244 2458 et
258 2427 497 2458 Maecenatem.

164 2477 206 2507 ὅθ
228 2475 279 2507 De
306 2475 405 2506 Dacia
428 2474 560 2514 audisti]
595 2474 681 2505 Cum
707 2473 812 2504 Dacis

124 2530 204 2557 tune
227 2525 350 2556 bellum
373 2524 536 2564 gerebant
552 2523 707 2555 Romani.
754 2523 812 2554 Nil

123 2574 279 2615 equidem]
293 2575 347 2605 De
364 2574 466 2605 Dacis
481 2573 563 2604 nibil
579 2572 693 2612 audio,
703 2572 812 2612 inquit

124 2623 300 2656 Horatius·
347 2623 390 2654 Ut
418 2623 467 2663 tu]
490 2622 576 2654 Sunt
603 2621 708 2653 verba
737 2630 812 2662 per-

125 2672 348 2704 cunctatoris.

167 2724 208 2752 54
223 2722 399 2762 Exagitent
411 2721 473 2762 me]
490 2721 550 2753 Dii
567 2721 654 2752 male
663 2729 716 2752 me
733 2729 812 2751 vex-

128 2777 197 2803 ent.

166 2825 206 2852 5⁵
230 2821 267 2852 Si
298 2821 472 2862 quicquam]
513 2820 647 2853 Audivi.
707 2820 814 2856 Quid?

1437 295 1547 338 1741

857 399 1010 431 militibus
1020 400 1188 440 promissa]
1209 397 1324 432 Quid?
1346 398 1456 439 inquit
1472 408 1548 438 per·

858 454 1053 488 cunctator,
1081 454 1194 480 utrum
1226 447 1357 488 praedia
1383 447 1547 479 militibus

859 499 1022 538 promissa
1036 498 1178 529 daturus
1196 502 1250 529 est
1272 498 1386 529 Caesar
1406 506 1448 529 ex
1464 497 1548 528 Sici-

857 548 914 587 lia,
930 558 970 578 an
993 557 1036 579 ex
1063 547 1187 578 Italia?
1211 546 1368 578 Militibus
1385 545 1550 587 promissa]

857 599 913 630 De
926 599 1112 630 metatione
1129 609 1284 637 agrorum
1301 599 1549 640 loquitur,qu·‹e

858 653 935 689 pos-t
950 648 1073 680 bellum
1090 649 1314 690 Philippense
1324 649 1481 689 contigit,
1489 647 1550 680 de·

858 699 956 730 victis
972 700 1081 730 Bruto
1097 703 1132 730 et
1153 699 1272 730 Cassio
1289 709 1300 738 3
1322 699 1367 730 de
1387 708 1454 740 qua
1477 700 1551 731 Sat.

855 751 888 779 2.
910 748 1007 789 hujus
1030 748 1120 784 libri,
1146 748 1293 780 ‘Videas
1308 753 1439 780 metato
1458 748 1491 779 in
1516 758 1552 779 a·

853 797 966 837 gello.’
1009 798 1219 838 Quamquam
1232 803 1267 829 et
1280 798 1322 829 ad
1334 799 1495 837 colonias,
1506 798 1551 829 ab

855 846 1012 887 Augusto
1027 846 1190 878 deductas
1205 847 1281 886 lege
1304 846 1410 884 Julia,
1429 846 1551 877 referri

854 896 984 936 possit;
1007 895 1067 926 sed
1090 895 1172 926 illud
1198 896 1322 927 malim.
1370 894 1550 935 Triquetra]

856 947 865 964 ‘
894 946 1114 986 Triquetrum
1140 945 1149 959 '
1198 946 1421 986 appellamus,
1459 944 1551 986 quod

858 997 972 1029 Gra’ei
987 996 1150 1036 τρίγωνον,
1174 1001 1212 1027 ut
1231 1001 1267 1027 et
1285 995 1426 1036 figuram
1443 995 1550 1035 ipsam

855 1047 1095 1086 triangularem
1112 1045 1359 1086 *triquetramss
1380 1045 1390 1062 ‘
1407 1045 1552 1085 Trique-

857 1096 930 1127 tra’
952 1101 1066 1127 autem
1090 1095 1220 1132 Sicilia,
1241 1096 1328 1127 sicut
1343 1099 1381 1126 et
1406 1095 1416 1112 ‘
1430 1094 1551 1125 Trina-

855 1146 942 1178 cria’
957 1146 1063 1185 dicta,
1074 1145 1182 1177 tribus
1199 1143 1445 1186 promontoriis,
1456 1143 1552 1185 (ἄκρα

857 1201 979 1227 vocant
994 1195 1140 1236 Graeci,)
1164 1195 1340 1235 Pachyno,
1363 1194 1498 1228 Peloro,
1515 1198 1552 1224 et

859 1246 1009 1286 Lilybeo,
1024 1254 1208 1276 excurrens
1238 1246 1271 1276 in
1298 1253 1400 1275 mare.
1445 1244 1551 1275 Ovid.

856 1295 949 1327 Fast.
967 1305 1016 1329 tv.
1040 1301 1048 1314 ‘
1064 1296 1168 1327 Terra
1184 1295 1291 1326 tribus
1308 1294 1454 1335 scopulis
1475 1303 1550 1324 vas-

857 1350 927 1376 tum
947 1346 1118 1386 procurrit
1143 1345 1177 1376 in
1203 1354 1332 1386 aequor,
1343 1343 1516 1375 Trinacris
1533 1353 1553 1374 a

857 1395 968 1435 posita
990 1404 1111 1426 nomen
1138 1394 1266 1434 adepta
1290 1393 1382 1425 loci.’
1407 1393 1551 1424 Torrent-

859 1443 1037 1484 Triquetru]
1058 1444 1174 1475 Sicilia
1190 1443 1284 1474 dicta
1300 1447 1354 1474 est
1371 1442 1553 1483 Triquetra

857 1502 877 1523 a
890 1493 996 1524 tribus
1009 1493 1256 1534 promontoriis.

899 1546 941 1574 69
965 1543 1117 1573 Per-ditur
1131 1542 1196 1573 liaee
1214 1541 1314 1580 inter]
1336 1540 1553 1572 Consumitur

856 1591 928 1622 dies
957 1592 1047 1622 inter
1079 1591 1152 1622 haee
1189 1590 1380 1630 nugatoria.
1431 1590 1552 1620 Misero

855 1639 926 1678 lux]
949 1641 1038 1671 Mihi
1061 1641 1095 1670 in
1124 1640 1280 1678 miseriis,
1303 1639 1363 1670 sed
1390 1648 1456 1669 non
1480 1639 1553 1670 sine

857 1689 994 1728 optatis.

900 1739 940 1767 61
966 1737 1060 1768 Nunc
1085 1740 1221 1768 veterum
1236 1735 1340 1776 libris]
1363 1737 1447 1767 Tria
1470 1746 1552 1769 enu-

857 1790 966 1816 merat
995 1785 1076 1816 vitae
1108 1786 1242 1816 rusticae
1276 1785 1436 1816 studiosis
1457 1791 1553 1825 grata

858 1834 1060 1866 commoda:
1085 1841 1239 1866 veterum
1264 1834 1458 1874 lectionem,
1489 1837 1553 1866 oti-

859 1895 912 1916 um
929 1885 1000 1916 sive
1026 1885 1181 1916 lectionis
1207 1885 1500 1920 intermissionem,
1517 1890 1554 1916 et

858 1944 1033 1966 somnum:
1056 1935 1177 1975 quibus
1193 1935 1226 1965 in
1247 1935 1332 1966 urbe
1354 1935 1427 1966 sine
1450 1936 1554 1966 inter-

858 1985 1043 2025 pellatione
1066 1984 1132 2015 frui
1159 1993 1224 2015 non
1249 1984 1341 2015 licet.
1366 1985 1461 2025 Cruq.
1508 1986 1554 2016 Et

859 2034 1012 2066 inertibus
1032 2033 1132 2074 horis]
1157 2034 1240 2067 Quae
1268 2033 1392 2065 dantur
1410 2035 1493 2075 joco
1516 2040 1553 2065 et

859 2085 940 2115 otio.

900 2137 944 2166 62
966 2133 1089 2166 Ducere
1110 2135 1251 2165 sollicite
1271 2134 1412 2173 jucunda
1439 2134 1553 2164 oblivia

858 2184 948 2224 titoe]
971 2184 1198 2215 ‘Sollicitam’
1223 2192 1299 2214 cum
1327 2183 1423 2219 dicit,
1450 2182 1552 2213 vitam

858 2232 1019 2263 urbanam
1049 2233 1214 2272 intelligo,
1245 2233 1288 2263 ob
1313 2233 1490 2263 continuas
1518 2233 1552 2262 in

859 2282 942 2312 urbe
963 2282 1162 2320 molestias3
1194 2281 1291 2322 cujus
1314 2281 1470 2313 litterato
1497 2291 1553 2312 ru-

859 2330 904 2359 ris
931 2331 1001 2360 otio
1021 2330 1127 2360 semel
1143 2330 1296 2360 oblivisci
1318 2340 1417 2369 posse
1442 2335 1553 2369 optat.

862 2378 1005 2409 Torrent.
1049 2379 1171 2409 Ducere
1185 2377 1328 2408 eollieitoe
1341 2378 1481 2415 ,iucunda
1502 2379 1553 2408 ob-

858 2426 933 2456 livia
944 2425 1033 2466 vitoe]
1059 2426 1167 2468 Hujus
1183 2427 1262 2457 vitae
1276 2426 1412 2458 urbanae
1429 2426 1552 2457 sollici-

861 2476 995 2507 tudines
1008 2476 1172 2508 oblivisci.

902 2528 943 2556 63
967 2526 998 2556 Ο
1024 2526 1143 2566 quando
1160 2526 1239 2564 saba
1265 2526 1456 2567 Pythagor-ce
1480 2534 1552 2565 cog-

859 2573 948 2614 nata]
972 2574 1221 2606 Festivissimus
1249 2584 1288 2606 ac
1309 2575 1552 2606 urbanissimus

860 2628 1029 2662 autorum,
1057 2633 1133 2654 cum
1166 2624 1372 2664 Pythagorae
1406 2624 1448 2655 de
1472 2623 1553 2657 faba

860 2673 1061 2703 sententiam
1077 2673 1255 2704 traducere
1269 2673 1324 2705 hic
1341 2674 1469 2705 urbane
1485 2675 1554 2706 vel-

861 2723 920 2760 let,
937 2722 1050 2763 quiex
1073 2722 1191 2753 eadem
1218 2728 1254 2753 et
1276 2723 1418 2763 origiue,
1438 2729 1475 2755 et
1494 2733 1551 2755 eo-

862 2773 937 2803 dem
972 2778 1084 2803 natam
1124 2778 1276 2812 tempore
1313 2781 1388 2804 cum
1419 2765 1550 2804 homine

862 2831 934 2854 eam
964 2821 1162 2862 asserebat5
1183 2821 1295 2854 fabam
1322 2832 1387 2854 nou
1411 2823 1550 2855 bominis
