1930 3204
428 311 539 353 1586

428 414 636 447 Albanorum
646 413 747 446 veluti
758 413 889 445 colonia
896 418 987 446 erat:
1001 423 1114 455 quam-

426 473 526 504 quam
562 464 682 495 Albam
712 467 885 503 parentem
915 472 1008 494 suam
1040 463 1114 503 ipsa

427 513 563 543 sustulit
579 521 618 543 ac
634 521 694 542 suo
704 512 837 551 corpori
851 511 1002 542 inseruit.
1027 511 1113 542 Inde

427 561 566 593 Albanas
581 570 643 602 pro
656 561 810 592 Romanis
825 560 926 592 dixit:
942 570 1018 591 nam
1033 561 1114 591 alio-

428 612 483 651 qui
510 610 631 650 fasces,
653 615 690 642 ut
713 614 748 642 et
771 615 894 641 caetera
908 610 1039 650 imperii
1057 611 1114 640 de·

428 669 509 690 cora
535 663 635 700 atque
658 660 811 701 insignia,
827 660 869 691 ab
885 660 1033 691 Etruscis
1050 661 1113 690 Ro-

426 719 513 739 mam
531 719 663 740 venere.
689 710 776 740 Torr.
819 709 955 740 Albanae
967 708 1114 748 secur-eis]

427 758 647 798 Magistratus
659 759 835 796 Romanos,
848 758 958 789 dictos
969 757 1115 788 Albanos

426 816 446 837 a
462 813 575 838 monte
591 806 724 838 Albano
738 808 771 838 iu
788 807 898 838 Italia.

469 859 509 886 55
535 857 690 896 Responsa
701 855 825 896 petunt]
848 856 1030 895 Praecepta
1052 854 1114 884 Ro-

427 915 600 937 manorum
623 910 818 945 expectant,
838 905 892 935 vel
907 904 948 935 ab
966 904 1116 942 Augusto

427 955 608 985 amicitiam
624 958 758 994 petunt.

470 1006 512 1033 56
526 1003 657 1042 Superbi
672 1003 791 1042 Nuper.
805 1005 836 1032 et
847 1001 935 1042 Indi]
957 1003 1093 1033 Mallem
1106 1012 1114 1032 :

428 1051 548 1091 superbi
562 1051 670 1090 Nuper
684 1054 714 1081 et
731 1051 827 1087 Imm
857 1051 962 1082 fortes
979 1052 1066 1082 euim
1083 1057 1117 1082 et

429 1100 598 1140 simplices
613 1100 768 1140 Scytliae3
802 1099 950 1130 imbelles
974 1105 1009 1131 et
1026 1111 1118 1131 arro-

428 1152 547 1187 gantes
564 1147 652 1179 Indi.
669 1148 764 1187 Virg.
787 1152 795 1164 ‘
808 1147 982 1179 Imbellem
995 1150 1118 1180 avertis

430 1198 588 1229 Romanis
605 1197 737 1229 arcibus
753 1197 898 1228 1udum.'
922 1198 1061 1230 Tor-rent.

470 1250 513 1278 58
540 1248 581 1278 Et
594 1247 734 1286 neglecta
747 1247 848 1278 redire
862 1247 977 1287 virtus]
1002 1248 1118 1278 Virtus

427 1296 592 1336 superiori
618 1301 769 1336 tempore
785 1296 826 1327 ab
842 1295 1026 1327 bominibus
1042 1306 1119 1336 neg-

427 1347 530 1382 lecta,
548 1355 614 1375 uon
629 1344 763 1375 dubitat
779 1353 867 1375 nunc
893 1344 1012 1375 redire.
1058 1345 1119 1375 Re-

428 1394 497 1425 dire
511 1394 623 1433 virtus]
646 1393 688 1424 Id
703 1398 768 1433 est,
782 1403 870 1424 nuuc
890 1393 1040 1424 homines
1054 1395 1120 1424 vir-

431 1449 553 1484 tutem,
569 1448 603 1474 et
620 1443 791 1482 superiora
807 1443 864 1474 illa
888 1442 1002 1481 fidem,
1018 1443 1120 1483 justi-

430 1494 524 1531 tiam,
538 1501 670 1533 pacem,
683 1493 746 1522 &c.
764 1500 839 1532 quae
863 1496 962 1522 autea
984 1493 1119 1529 neglex-

426 1546 542 1580 erunt,
558 1546 593 1571 et
613 1550 632 1571 e
657 1540 757 1571 terris
777 1540 992 1579 expulerunt,
1007 1540 1119 1570 colere

430 1594 466 1622 et
481 1590 636 1630 amplecti
657 1589 830 1629 incipiunt.
851 1588 992 1620 Lambin.

472 1642 514 1670 60
553 1640 649 1678 Copia
676 1638 785 1677 cornu]
822 1637 979 1668 Omnium
1009 1647 1118 1668 rerum

432 1689 580 1719 ubertas.
626 1687 712 1717 Vide
732 1696 757 1717 r.
773 1687 842 1717 Od.
859 1689 910 1716 17.

473 1740 512 1768 ol
537 1736 665 1775 Augur]
700 1735 799 1766 Artes
823 1735 960 1766 eximias
977 1739 1121 1775 quatuor

431 1786 581 1825 Apollini
598 1789 755 1824 acceptas
769 1785 845 1816 tulit
858 1784 1053 1824 antiquitas,
1063 1785 1120 1815 Di-

431 1835 646 1869 vinatiouem,
666 1834 699 1864 iu
722 1844 787 1874 qua
810 1834 910 1864 etlam
934 1834 1121 1874 augurium,

431 1884 593 1914 Romanis
610 1883 781 1923 praecipue
797 1883 943 1922 cultum;
962 1883 1051 1914 uude
1064 1894 1120 1914 au-

432 1942 494 1972 gur
510 1932 632 1972 Apollo
649 1932 760 1962 dictus
782 1941 801 1961 a
816 1932 910 1971 Virg.
923 1940 974 1962 iv.
992 1932 1121 1964 AEneid.

430 1980 621 2020 Sagittaudi
648 1979 818 2022 peritiam,
839 1981 927 2010 unde
955 1981 1047 2011 varia
1072 1981 1119 2012 illi

431 2030 652 2069 cognomina:
691 2029 868 2069 Musicam,
897 2030 984 2060 unde
1008 2041 1120 2068 μουση-

428 2078 524 2115 γέτης
550 2077 761 2116 appellatus:
792 2077 1009 2115 Medicinam,
1033 2079 1121 2108 uude

431 2125 552 2156 medici
578 2133 699 2154 nomen
727 2124 881 2163 adeptus.
924 2125 1034 2155 Poeta
1061 2126 1119 2156 lias

431 2178 523 2205 artes
537 2177 680 2213 quatuor
702 2171 842 2202 totidem
859 2172 1010 2203 versibus
1031 2182 1120 2203 com-

430 2222 604 2263 plectitur.
628 2221 768 2251 Torrent.
811 2221 939 2261 Augur]
977 2221 1118 2252 Divinus

430 2271 568 2312 Apollo,
581 2271 634 2311 qui
650 2280 668 2301 a
679 2270 766 2302 Jove
778 2270 1049 2301 vaticinationem
1061 2271 1116 2301 lia-

430 2321 517 2352 buit.
561 2320 699 2350 Decorus
713 2319 802 2358 arcu]
816 2318 1033 2359 Ἀργνρότοξος
1047 2319 1116 2351 dic-

430 2374 500 2407 tus,
515 2369 557 2400 ab
574 2378 652 2399 arcu
669 2361 841 2408 argenteo.
872 2369 1116 2409 [Schoeuborn.

431 2422 464 2451 2.
481 2418 680 2459 etflagrante
693 2417 840 2458 decoris]

474 2470 516 2498 62
539 2465 704 2506 Acceptus]
742 2466 870 2497 Gratus
887 2471 1026 2508 propter
1040 2467 1117 2498 Mu-

430 2517 546 2548 sicam.
590 2516 752 2556 [Guelpb.
767 2519 977 2556 acceptumque
987 2515 1119 2555 nomem]

475 2568 516 2596 63
539 2565 681 2596 salutari
703 2566 783 2595 levat
802 2568 869 2596 arte
882 2565 1000 2606 sessos]
1034 2564 1118 2596 Arte

433 2615 641 2646 Medicinali.
665 2614 766 2646 Ovid.
793 2614 992 2646 ‘Inventum
1017 2613 1118 2644 medi-

431 2664 509 2694 cina
527 2673 635 2694 meum
652 2668 719 2701 est,
733 2662 911 2705 opifexque
928 2672 989 2703 per
1004 2663 1118 2694 orbem

433 2711 563 2743 Dicor.'

475 2764 517 2791 64
542 2762 686 2801 Corporis
701 2762 802 2802 artus]
837 2763 983 2803 Corpora
1005 2761 1119 2793 morbo

434 2809 631 2851 defatigata.
1063 2806 1067 2810 ⁴

881 321 1023 352 NOTAE
1056 321 1317 353 VARIORUM
1350 323 1401 352 IN

1206 417 1246 444 65
1271 414 1308 444 Si
1332 413 1510 454 Palatinas]
1546 414 1580 445 Si
1606 413 1698 446 favet
1718 415 1848 448 arcibus

1162 463 1335 494 Palatinis.
1381 463 1464 494 Pars
1481 473 1541 504 pro
1558 469 1627 494 tota
1642 464 1753 495 Roma.
1787 466 1849 496 Ar·

1162 511 1237 552 cuis]
1274 513 1355 542 Aras
1380 511 1504 542 habent
1526 512 1672 553 quinque
1693 513 1790 545 codd.
1813 519 1849 545 et

1162 561 1210 591 sic
1227 561 1345 601 legisse
1362 563 1534 602 antiquum
1554 567 1848 594 commentatorem

1162 615 1314 651 apparet,
1326 615 1364 642 ut
1377 611 1416 642 ad
1434 611 1598 652 Apollinis
1609 612 1756 643 Palatini
1766 617 1850 644 tem-

1165 660 1254 700 plum
1281 660 1322 691 ab
1339 660 1492 700 Augusto
1516 661 1705 692 dedicatum
1725 660 1851 694 refera-

1165 716 1229 742 tur.
1252 711 1293 741 de
1309 712 1405 751 cujus
1425 712 1636 742 dedicatione
1662 720 1688 742 ι.
1712 711 1780 744 od.
1795 713 1848 743 81.

1167 759 1306 791 Torrent.
1360 760 1442 800 [Qui
1471 761 1633 792 Palatinus
1661 761 1851 792 Markland.

1163 811 1243 840 cedes
1257 819 1316 850 pro
1331 821 1414 848 arus,
1429 811 1527 841 codd.
1544 821 1598 851 ap.
1612 810 1747 850 saecla]

1206 861 1248 889 66
1271 859 1380 899 Felix]
1400 859 1586 899 Propitius.

1206 910 1245 938 67
1270 908 1412 939 Alterum
1426 909 1460 938 in
1474 907 1616 947 lustrum]
1649 907 1688 938 In
1711 907 1850 938 alteram

1167 959 1202 986 et
1227 965 1358 995 semper
1387 957 1557 987 meliorem
1583 962 1730 993 aetatem.
1773 957 1851 988 Lus-

1166 1004 1263 1043 emm]
1300 1006 1455 1036 Lustrum
1481 1005 1648 1036 Saeculare
1675 1005 1849 1045 iutellige;

1167 1063 1242 1084 nam
1268 1055 1429 1084 Censores
1451 1058 1530 1084 tunc
1551 1053 1657 1084 creari
1673 1053 1853 1086 desierant.

1168 1103 1214 1134 Et
1229 1103 1350 1144 alioqui
1364 1103 1441 1134 urbs
1455 1102 1679 1134 Saecularibus
1686 1101 1789 1133 etiam
1804 1106 1853 1133 to-

1169 1156 1203 1183 ta
1218 1152 1435 1183 lustrabatur.
1460 1151 1549 1183 Torr.

1209 1203 1251 1232 68
1276 1201 1426 1240 Proroget
1440 1199 1553 1239 avum]
1588 1198 1762 1230 Producat
1783 1207 1853 1230 rem

1169 1250 1268 1282 Rom.
1294 1254 1330 1281 et
1354 1250 1499 1286 Latium,
1522 1249 1556 1280 id
1581 1252 1645 1289 est,
1670 1249 1854 1279 Romanum

1169 1298 1354 1339 Imperium
1369 1305 1405 1330 et
1420 1298 1565 1330 Italiam.

1210 1351 1252 1378 69
1273 1346 1494 1389 Algidumque]
1536 1345 1703 1384 Mentem,
1726 1345 1760 1376 iu
1789 1353 1855 1386 quo

1171 1397 1290 1427 Dianae
1307 1406 1403 1428 sacra
1419 1395 1688 1427 celebrabantur.

1210 1449 1252 1476 70
1277 1444 1472 1485 Quindecim]
1509 1444 1612 1476 Initio
1641 1448 1751 1475 autem
1783 1446 1854 1474 tau-

1169 1498 1239 1524 tum
1258 1494 1436 1525 Duumviri
1451 1493 1559 1534 fuere,
1574 1493 1617 1523 ab
1633 1493 1706 1532 ipso
1719 1491 1856 1531 Tarqui-

1168 1541 1223 1572 nio
1237 1542 1403 1581 Superbo,
1417 1541 1458 1570 ad
1481 1550 1564 1580 quos
1585 1540 1688 1570 libros
1703 1539 1854 1570 oraculo-

1169 1600 1240 1621 rum
1257 1591 1387 1630 plenos,
1401 1590 1529 1629 Sibylla
1552 1589 1698 1620 Cumana
1720 1587 1856 1626 detulit,

1168 1649 1229 1679 pro
1265 1638 1458 1670 eorumdem
1502 1637 1656 1669 custodia
1697 1637 1855 1668 instituti.

1169 1689 1352 1727 Postquam
1369 1696 1447 1717 vero
1464 1686 1622 1717 Consules
1635 1686 1735 1716 ctiam
1751 1695 1770 1716 e
1787 1686 1856 1726 ple-

1169 1736 1210 1766 be
1228 1735 1336 1766 creari
1357 1737 1504 1774 coepere',
1527 1743 1546 1764 e
1570 1735 1764 1775 Duumviris
1786 1735 1854 1766 De-

1170 1784 1309 1814 cemviri
1325 1783 1408 1814 facti
1426 1786 1516 1821 sunt,
1537 1787 1572 1813 et
1595 1792 1614 1813 e
1635 1782 1728 1814 Sulla
1742 1783 1855 1814 Felice

1170 1834 1350 1864 Dictatore
1373 1831 1570 1864 Quindecim
1591 1831 1652 1862 viri
1674 1830 1855 1864 carminum

1171 1882 1305 1921 Sibyllae
1329 1891 1368 1912 ac
1388 1890 1556 1911 sacrorum
1573 1880 1696 1920 Populi
1716 1879 1856 1911 Romani

1170 1932 1384 1971 interpretes.
1424 1931 1514 1961 Tor-r.
1569 1929 1748 1964 Quindecim
1774 1929 1856 1960 viro-

1169 1981 1252 2020 rum]
1287 1980 1340 2011 Ad
1355 1990 1437 2021 quos
1457 1979 1624 2010 Ludorum
1639 1977 1856 2010 Saecuiarium

1171 2029 1360 2070 procuratio
1377 2028 1582 2069 pertinebat.

1211 2081 1249 2109 71
1277 2077 1387 2116 Curet]
1409 2077 1577 2108 Exaudiat
1592 2084 1720 2115 preces.

1211 2129 1252 2165 ‘12
1274 2126 1416 2164 Applicet
1438 2124 1542 2162 aures]
1579 2124 1765 2154 Puerorum
1781 2131 1854 2163 pre-

1167 2174 1261 2204 cibus
1277 2177 1412 2203 annuat.

1208 2226 1249 2254 73
1274 2222 1354 2252 Hoec
1381 2220 1503 2261 Jouem]
1539 2220 1634 2252 Ordo
1659 2225 1733 2252 est:
1781 2222 1854 2261 Ego

1166 2271 1284 2302 chorus
1311 2270 1429 2300 doctus
1454 2270 1567 2300 dicere
1591 2268 1706 2300 laudes
1733 2269 1853 2300 Plioebi

1165 2323 1202 2349 et
1216 2319 1350 2359 Diana»,
1362 2327 1455 2358 spem
1471 2317 1588 2348 bonam
1603 2322 1638 2348 et
1651 2322 1778 2348 certam
1794 2318 1854 2350 do·

1166 2377 1254 2398 mum
1270 2372 1421 2407 reporto,
1436 2366 1557 2398 Jovem
1581 2370 1616 2397 et
1635 2375 1749 2397 omues
1773 2367 1853 2398 deos

1166 2417 1237 2448 baec
1259 2417 1393 2452 sentire,
1409 2416 1442 2446 id
1466 2421 1531 2455 est,
1544 2415 1617 2446 haec
1634 2415 1720 2446 velle
1740 2419 1775 2446 et
1796 2425 1854 2456 ap-

1168 2467 1319 2507 probare.
1342 2466 1429 2507 [Hoc
1442 2466 1550 2496 Jovem
1563 2465 1787 2496 Sclioenboru.
1802 2466 1852 2505 2.]

1208 2517 1265 2557 [74
1289 2515 1465 2554 Bambcrg.
1480 2514 1640 2554 reportet]

1209 2569 1248 2598 75
1276 2565 1394 2595 Chorus
1408 2567 1438 2595 et
1455 2563 1583 2604 Dione]
1608 2563 1850 2595 Quamviscbo·

1168 2625 1224 2647 rus
1241 2625 1283 2646 ex
1299 2614 1410 2647 multis
1426 2613 1578 2653 personis
1594 2613 1768 2651 consistat,
1780 2613 1850 2644 uni-

1168 2674 1206 2696 us
1219 2669 1331 2695 tamen
1347 2672 1518 2704 personam
1532 2662 1740 2703 gerit,atque
1755 2662 1848 2693 unius

1169 2718 1280 2755 partes
1295 2713 1377 2753 agit.

1209 2764 1267 2804 [76
1282 2763 1410 2794 Discere
1420 2762 1522 2793 laudes
1535 2760 1632 2792 codd.
1642 2769 1695 2800 ap.
1710 2759 1847 2799 Jneck]

1502 2836 1527 2864 -ό

1518 2872 1530 2885 ο
