1890 3230
499 270 708 302 nourrii
739 268 1016 301 suasionum
1050 269 1145 301 mu.
1175 270 1228 300 ιι.
1257 260 1300 301 6.

176 364 256 397 dum
276 363 318 396 ad
334 364 573 403 Maecenatem,
599 362 690 405 apud
705 372 804 405 quem
820 362 869 395 fa-

176 415 241 447 cile
278 415 382 456 pellat
410 413 570 456 quiequid
597 413 719 446 obesse
749 413 869 453 possit.

177 465 351 507 Improba]
372 466 420 498 Ut
434 465 493 506 qui
507 467 541 497 in
554 463 706 505 urgendo
721 462 869 496 Horatio

174 517 302 550 nullam
325 516 448 548 babeat
470 516 632 548 rationem
654 513 760 554 venti,
783 519 868 546 tem·

177 565 336 606 peccatis,
359 565 423 597 διο.
473 565 588 606 Urget]
620 564 746 596 Instat.
771 565 868 605 Cruq.

179 614 266 650 Quid
279 615 340 656 vis,
354 615 476 656 insane]
491 615 612 646 Melius
626 613 704 645 libri
720 618 788 645 tres
799 623 869 645 ma-

175 665 365 706 nuscripti:
391 665 476 702 Quid
488 665 548 696 tibi
561 665 620 704 vis,
633 674 710 705 quas
724 674 775 696 res
786 665 870 705 agis,

173 714 306 748 imae?
332 714 485 756 improbus
499 717 591 754 urget
605 714 706 746 lratis
713 714 867 755 precibus.

176 765 308 797 Addam
321 765 331 782 ⁴
345 763 482 806 preces'
497 770 533 796 et
549 772 610 805 pro
624 764 866 795 obsecrationi-

172 813 236 845 bus
251 819 288 846 et
302 823 364 855 pro
378 812 666 848 exsecrationibus
681 812 760 843 dici.
778 812 867 843 Tor-r.

174 863 262 899 Quid
273 864 323 896 vis
335 865 466 895 insane?
478 867 509 895 et
520 873 596 904 quas
610 872 660 895 res
673 862 759 903 agis]
782 863 867 894 Ver-

171 913 214 944 ba
228 918 306 944 sunt
319 913 394 954 ejus
406 913 464 954 qui
479 913 521 944 ab
537 912 661 944 Horat.
681 921 866 953 properan-

171 967 208 994 te
219 962 254 994 in
268 963 370 995 turba
382 962 582 1004 impellitur.

212 1015 255 1044 80
278 1013 442 1054 [mprobus
461 1016 554 1053 urget
580 1012 681 1044 Imtis
706 1013 864 1055 precibus]

172 1062 322 1095 Omnino
350 1063 569 1096 scribendum
595 1068 648 1095 est
670 1074 679 1095 ε
711 1064 867 1105 improbus

169 1116 272 1153 urget,
290 1113 396 1145 Iratus
405 1113 556 1154 precihus.
579 1112 751 1144 Heinsius.
796 1113 866 1144 Iru-

170 1162 379 1203 tispncibm]
404 1163 498 1195 Diris
513 1163 774 1204 precationibus.
819 1165 867 1196 Tu

166 1211 286 1253 pulses]
308 1212 424 1244 Verba
450 1212 570 1244 Poe'tai
601 1213 750 1254 seipsum
782 1214 866 1246 allo-

168 1263 317 1303 quentis,
344 1267 379 1295 et
407 1267 446 1295 nt
473 1264 530 1296 illa
562 1274 637 1306 quae
667 1270 865 1306 sequuntur.

172 1310 316 1344 Tor-rent.
346 1313 410 1346 ,Τιι
429 1314 547 1355 pulses]
585 1314 617 1346 Ο
642 1314 777 1355 Horati,
803 1315 866 1347 tibi

168 1362 252 1394 licet
269 1363 403 1404 pulsare
415 1363 575 1405 quicquid
592 1364 706 1396 obstat
718 1365 822 1397 eunti.

210 1415 251 1445 sl
275 1413 410 1445 Memor-i
423 1413 452 1446 si
471 1417 572 1446 niente
584 1415 743 1456 recurras]
765 1415 800 1446 Si
815 1425 866 1447 re-

169 1472 285 1495 curras
313 1469 428 1496 mente
464 1466 660 1497 memoriam
688 1464 866 1498 beneficio-

167 1521 240 1545 rum
256 1518 489 1554 acceptorum.

209 1564 252 1594 82
277 1562 347 1594 Hoc
360 1562 456 1601 juvat
484 1566 516 1594 et
543 1563 627 1595 meus·
648 1563 712 1605 est]
747 1563 866 1605 Inquit

166 1611 290 1644 Horat.
306 1611 369 1646 ltoc
391 1612 567 1643 consilium
592 1612 720 1653 placet,
737 1618 774 1644 et
788 1623 864 1655 gra-

165 1666 236 1694 tnm
252 1666 318 1700 est,
340 1661 450 1692 mellis
465 1661 585 1693 instar.
601 1662 698 1701 Cruq.
722 1662 792 1693 Hoc
808 1663 864 1700 ju-

164 1710 235 1750 vat]
259 1709 463 1750 Respondet
487 1709 662 1744 Horatius,
676 1710 740 1741 boc
755 1710 865 1752 (nem-

111 1760 115 1764 ”
165 1769 212 1800 pe
231 1760 264 1791 in
289 1759 386 1791 turba
406 1758 535 1799 jactari
554 1763 591 1790 et
617 1759 706 1791 male
731 1759 866 1802 audire)

166 1818 241 1842 esse
266 1808 329 1841 ribi
350 1809 522 1850 uoluptati
549 1809 656 1841 instar
677 1809 797 1841 mellis.
820 1810 867 1842 A·

166 1858 250 1900 trus]
274 1858 332 1890 Ob
354 1858 531 1890 bustorum
553 1859 651 1900 ignes
667 1869 707 1891 ac
730 1859 868 1900 lumina,

165 1918 242 1951 quae
258 1909 397 1941 mortuis
410 1908 536 1941 ibidem
557 1909 764 1951 sepeliendis
779 1919 866 1951 prae-

152 1959 376 1992 'ferebantur-
417 1959 506 1991 Vide
520 1968 545 1991 ι.
563 1960 635 1991 Sat.
650 1963 682 1992 8.
701 1960 845 1992 Torreat.

207 2013 250 2042 ⁸3
274 2010 445 2051 Esquilias,
465 2010 567 2042 aliena
581 2010 708 2049 negotia
729 2011 865 2052 centum]

165 2059 209 2092 In
225 2060 384 2101 Esquiliis
401 2059 578 2092 habitabat
586 2060 770 2096 Maecenas,
783 2071 864 2102 quas

164 2112 252 2140 utras
265 2109 429 2150 appellat,
442 2109 494 2140 vel
508 2109 598 2151 qnod
611 2109 689 2141 olim
703 2115 778 2142 erat
795 2111 864 2151 ple-

165 2159 218 2191 bis
233 2159 475 2201 sepulcretum,
490 2159 544 2190 vel
560 2159 650 2201 quod
666 2169 708 2191 eo
725 2161 863 2192 veniens

164 2209 248 2241 atris
262 2209 352 2240 curis
366 2208 586 2239 obruebatur.

203 2261 246 2291 u
267 2258 315 2290 Et
333 2258 418 2290 circa
438 2258 553 2290 saliunt
577 2257 675 2298 latus]
697 2257 800 2290 Omni
819 2267 862 2290 ex

162 2314 263 2351 parte
275 2309 440 2340 insiliunt.

205 2361 246 2390 ⁸5
269 2357 340 2389 Sibi
361 2355 498 2396 adesses]
520 2355 552 2387 0
570 2360 608 2387 tn
633 2355 772 2397 Horati,
795 2357 863 2389 sibi

164 2416 256 2440 esses
274 2406 458 2438 advocatus
479 2404 523 2436 ad
545 2406 674 2446 puteal,
689 2405 724 2437 id
740 2411 804 2446 est,
820 2407 863 2451 ad

164 2459 276 2489 locum
296 2455 353 2491 ubi
364 2461 492 2496 praetor
502 2455 561 2496 jns
573 2454 719 2488 dicebat.
743 2456 796 2488 Ad
808 2467 863 2498 pu-

165 2507 242 2548 ml]
265 2506 322 2538 Sic
346 2505 456 2546 Epist.
477 2513 534 2537 ιιι.
551 2504 594 2536 ad
610 2506 861 2540 Maecenatem:

161 2557 172 2574 ‘
186 2557 308 2588 Forum
325 2554 508 2596 putealque
530 2554 670 2586 Libonis
688 2556 860 2588 Mandabo

163 2605 284 2639 siccis.’
328 2605 408 2637 Fuit
423 2610 535 2636 autem
547 2605 671 2637 Puteal
683 2606 778 2638 locus
793 2607 860 2638 Ro-

165 2667 230 2690 mae
246 2654 475 2697 percelebris:
497 2653 596 2694 cujus
618 2655 722 2686 etism
745 2657 860 2688 memi-

165 2708 218 2739 nit
241 2706 282 2738 P.
295 2705 430 2743 Victor,
447 2703 582 2744 regione
597 2703 700 2735 Urbis
715 2714 800 2737 vm.
823 2711 860 2738 et

166 2757 283 2799 dequo
292 2754 430 2796 egregie
437 2753 622 2794 Dionysius
634 2752 750 2796 Antiq.
762 2755 858 2787 Rom.

164 2807 225 2839 lib.
242 2815 298 2838 ιιι.
317 2804 375 2837 ubi
399 2804 442 2836 de
471 2803 541 2835 Atii
566 2803 666 2837 Navii
687 2809 799 2838 statua
822 2806 858 2837 in

1501 260 1615 303 1739

918 362 1007 404 foro,
1029 368 1109 396 ante
1131 364 1271 402 curiam,
1285 371 1352 395 non
1373 363 1492 404 procul
1507 373 1528 395 a
1546 364 1613 398 ficu

920 423 1018 446 sacra
1042 414 1114 446 sive
1137 414 1293 446 ruminali
1322 413 1433 454 posita
1458 413 1615 454 loquens,

918 465 1038 496 eodem
1057 463 1164 496 ferme
1188 465 1263 496 loco
1277 463 1356 496 iude
1377 467 1486 496 cotem
1501 473 1541 495 ac
1557 473 1616 496 no·

919 514 1085 555 voculam,
1102 514 1220 554 quibus
1236 514 1339 546 Atius
1361 513 1560 546 divinationi
1577 513 1614 544 fi-

918 563 994 595 dem
1019 569 1225 603 astruxerat,
1241 561 1394 594 defossas
1417 563 1464 594 ait
1477 573 1488 603 ς
1502 562 1615 594 addit-

918 623 997 654 que,
1012 614 1153 645 καλεῖται
1168 611 1201 644 δὲ
1223 612 1321 655 φρέαρ
1335 614 1352 644 ὁ
1365 612 1462 645 τόπος
1482 612 1541 644 ὑπὸ
1554 614 1616 645 τῶν

916 662 1079 703 Ῥωμαίων,
1095 673 1171 695 cum
1194 667 1307 694 tamen
1327 665 1433 704 puteal
1455 663 1615 695 Romanis

917 722 984 744 non
1000 716 1129 754 puteum
1142 712 1325 754 significet,
1339 713 1399 746 sed
1422 714 1510 753 putei
1529 722 1617 754 oper‘

917 763 1030 798 culum.
1054 764 1116 794 hoc
1141 768 1205 802 est,
1219 762 1351 804 φρέατος
1373 762 1532 803 κάλυμμα,
1549 771 1616 795 non

915 810 1025 852 φρέαρ,
1040 816 1078 843 ut
1100 812 1285 852 Dionysius
1309 814 1427 846 vertit.
1472 813 1615 845 Rectius

916 862 1021 901 igitur
1047 862 1169 894 Cicero
1193 861 1236 893 de
1264 862 1486 894 Divinatione
1512 862 1573 894 lib.
1591 871 1616 893 r.

916 913 927 930 ⁴
942 911 1061 943 Cotem
1074 916 1186 943 autem
1200 911 1290 942 illam
1303 916 1338 942 et
1350 911 1547 943 novaculam
1557 911 1617 943 de-

915 961 1041 994 fossam
1062 962 1095 993 in
1119 962 1272 1001 comitio,
1287 971 1456 1003 supraque
1480 962 1616 1003 imposi-

917 1018 987 1044 tum
1024 1013 1140 1054 puteal
1177 1011 1396 1052 accepimus!
1439 1011 1616 1045 Quaeritur

917 1063 1015 1105 quale
1031 1062 1113 1094 illud
1129 1063 1139 1080 ‘
1154 1062 1294 1104 puteal,’
1315 1062 1386 1094 sive
1402 1062 1412 1080 ‘
1425 1062 1521 1103 putei
1541 1066 1615 1104 teg-

915 1112 1011 1144 men'
1038 1111 1171 1145 fuerit?
1207 1112 1335 1144 nummi
1365 1116 1500 1144 veteres
1529 1121 1614 1154 quos

915 1172 978 1203 ego
994 1172 1093 1195 servo
1108 1172 1200 1194 aram
1216 1166 1413 1194 coronatam
1430 1171 1616 1203 repraesen·

916 1217 1004 1253 tant,
1018 1213 1190 1253 adscripto
1213 1212 1384 1245 Scribonii
1401 1212 1540 1244 Libonis
1554 1221 1615 1245 no-

915 1264 1030 1295 mine:
1054 1263 1144 1306 quod
1167 1264 1224 1295 ille
1249 1272 1342 1295 aram
1367 1263 1466 1299 hanc,
1487 1267 1527 1295 ut
1552 1272 1616 1304 ego

915 1314 1075 1350 arbitror,
1091 1319 1149 1346 aut
1172 1313 1388 1353 instituisset,
1402 1318 1462 1346 sut
1484 1314 1614 1345 instau-

914 1369 1024 1397 rasset
1049 1364 1138 1396 forte
1167 1365 1202 1396 in
1229 1364 1444 1405 magistratu.
1489 1364 1616 1395 Errant

915 1415 1017 1456 igitur
1026 1416 1082 1457 qni
1097 1416 1247 1448 tribunal
1262 1414 1367 1446 fuisse
1383 1413 1543 1456 praetoris
1558 1423 1614 1445 vo-

914 1466 1010 1498 lunt:
1034 1475 1150 1498 verum
1163 1465 1245 1498 illud
1260 1464 1427 1497 affirmare
1438 1464 1558 1504 ausim,
1568 1464 1616 1495 lo-

915 1523 956 1546 co
985 1515 1044 1546 illo
1074 1515 1132 1556 qui
1153 1515 1259 1555 puteal
1282 1513 1470 1546 vocabatur
1494 1512 1615 1544 fenora

913 1564 1057 1596 tractari
1073 1573 1206 1605 quoquo
1218 1563 1318 1594 modo
1333 1563 1455 1594 solere.
1499 1561 1616 1594 Aliter

912 1612 1002 1645 enim
1018 1616 1176 1644 auctores
1192 1612 1248 1643 vix
1264 1611 1507 1652 explicaveris.
1531 1611 1615 1646 ovi-

914 1661 1006 1692 dium
1018 1661 1051 1691 in
1063 1661 1180 1700 primis
1196 1670 1205 1691 :
1230 1661 1241 1678 ⁴
1258 1661 1327 1693 Qui
1337 1661 1462 1691 Puteal
1472 1661 1615 1693 Janum-

915 1719 981 1750 que
998 1710 1108 1749 timet,
1122 1709 1320 1751 celeresque
1336 1709 1535 1742 Kalendas.’
1568 1712 1615 1743 Et

915 1758 1095 1790 Persium:
1118 1758 1181 1789 ‘si
1210 1758 1328 1799 puteal
1356 1759 1464 1790 multa
1492 1764 1614 1792 cautus

917 1808 1027 1840 vibice
1055 1807 1232 1849 flagellat!
1274 1808 1432 1850 Denique
1458 1809 1510 1841 M.
1535 1810 1613 1842 Tul-

915 1858 997 1890 lium
1015 1867 1076 1900 pro
1088 1859 1228 1897 Sexti03
1249 1858 1259 1875 ‘
1277 1859 1414 1890 Puteali
1427 1863 1463 1891 et
1478 1858 1614 1892 fenera-

917 1914 1026 1941 torum
1051 1910 1211 1951 gregibus
1227 1908 1388 1942 inflatus.'
1430 1911 1540 1943 Vetus
1554 1920 1613 1942 ex-

916 1960 1048 2001 emplar
1070 1960 1206 1992 Horatii
1227 1969 1339 1999 servo,
1353 1961 1451 2002 cnjus
1470 1961 1615 2002 margini

917 2010 1127 2050 adscriptum
1154 2014 1215 2048 est,
1229 2011 1337 2051 puteal
1359 2010 1470 2042 locum
1494 2010 1612 2046 fuisse,

915 2069 982 2101 quo
1007 2060 1190 2092 Senatores
1207 2060 1287 2092 ituri
1310 2059 1343 2092 in
1366 2064 1521 2093 senatum
1534 2070 1614 2094 con-

915 2110 1030 2141 venire
1045 2110 1149 2142 soliti.
1180 2110 1306 2142 Caelius
1324 2119 1362 2142 x.
1380 2113 1432 2143 17.
1451 2112 1594 2143 Torreat.

956 2162 998 2191 36
1022 2161 1073 2192 De
1091 2170 1127 2192 re
1148 2160 1316 2201 communi]
1339 2161 1374 2192 Si
1396 2160 1439 2192 de
1463 2170 1500 2192 re
1523 2169 1611 2193 com-

912 2209 1006 2240 muni
1036 2209 1160 2241 scribae
1187 2214 1390 2242 conventum
1415 2209 1613 2251 cupiebant,

914 2257 1092 2290 Horatium
1110 2268 1130 2290 e
1143 2259 1331 2291 scribarum
1348 2268 1488 2291 numero
1503 2260 1613 2301 ipsum

911 2306 1017 2338 fuisse
1042 2309 1225 2339 verisimile
1255 2313 1322 2339 est.
1366 2309 1528 2341 Decuriae
1553 2318 1612 2341 au·

914 2360 983 2386 tem
1011 2356 1198 2387 scribarum
1230 2357 1346 2387 Romae
1367 2357 1612 2390 honestissimae

911 2404 1021 2445 fuere,
1036 2405 1207 2438 distinctae
1233 2406 1490 2446 magistratuum
1506 2407 1613 2439 nomi·

912 2454 1029 2486 nibus:
1054 2454 1111 2486 alii
1122 2455 1209 2486 enim
1219 2455 1387 2495 praetorii,
1399 2455 1455 2485 alii
1468 2454 1610 2492 aedilitii.

912 2504 970 2535 alii
992 2504 1179 2545 quaestorii,
1195 2504 1252 2535 alii
1267 2504 1367 2535 aliter
1391 2504 1610 2545 appellaban-

911 2558 978 2585 tur·
1032 2553 1134 2586 Quod
1166 2558 1280 2585 autem
1310 2553 1449 2585 additur
1490 2563 1607 2594 mgna

910 2606 1002 2643 atque
1022 2612 1112 2642 novo,
1127 2603 1162 2634 id
1185 2603 1292 2644 magis
1315 2603 1437 2635 incitat
1452 2603 1611 2645 Poe‘tam,

910 2658 950 2684 ut
978 2652 1021 2684 ad
1052 2653 1276 2685 constitutum
1305 2654 1434 2686 veniat.
1468 2654 1610 2687 Torreat.

910 2703 963 2734 De
983 2713 1018 2734 re
1039 2702 1204 2743 communi]
1227 2703 1280 2734 De
1305 2713 1342 2735 re
1367 2713 1444 2746 quae
1469 2705 1512 2736 ad
1535 2711 1608 2738 rem

910 2752 1083 2794 publicam
1099 2753 1282 2793 pertineat.

952 2806 994 2835 38
1017 2802 1180 2844 Ῑηῳι-ἰηκιι
1200 2803 1261 2845 his,
1280 2801 1369 2844 cura]
1392 2804 1448 2836 Da
1468 2813 1608 2847 operam
