1904 3216
455 279 662 310 HORA'rn
695 278 972 310 sannionum
1006 279 1100 310 ΜΒ.
1131 279 1182 310 ιι.
1210 269 1252 310 2.

121 372 204 404 luxu
233 380 295 412 par
321 370 524 403 adducitur:
571 380 647 401 nam
676 374 712 400 et
740 369 815 408 ipse

122 420 304 453 Lanibinus
334 420 471 452 Mevius
499 420 560 459 ibi,
590 429 655 451 nou
685 418 817 449 Noevius

121 469 221 510 legit,
235 474 271 500 et
286 479 488 511 quamquam
509 479 570 500 nos
588 468 635 500 ibi
655 468 666 486 ‘
681 467 794 499 Naevii
807 466 815 479 '

123 528 244 551 nomen
254 520 464 564 retinuimus,
473 519 574 550 aliter
583 524 705 557 tamen,
714 528 813 559 qnam

122 568 191 607 ille,
202 568 414 609 interpretati
430 578 555 603 snmus,
571 577 632 607 pro
649 577 751 607 parco
767 567 815 598 ui-

124 616 185 648 mis
205 626 246 648 ac
268 616 423 648 sordido:
447 616 535 658 quod
552 616 742 656 opinionem
759 617 815 648 hic

124 675 259 707 qnoque
274 671 421 698 nostram
433 666 621 698 confirmat.
647 667 655 683 ‘
674 667 816 698 Didere’

123 720 236 747 antem
252 718 263 733 ⁴
277 715 405 747 munia'
427 725 487 756 pro
510 711 630 755 partiri
645 724 816 746 servorum

122 763 246 804 officia,
268 765 466 800 vocabulum
490 765 610 805 priscae
636 766 817 805 elegantiae

122 818 190 854 est,
208 815 365 846 Lucretio
388 813 558 855 frequens,
581 823 644 845 nec
671 814 817 855 Virgilio

122 863 317 904 neglectum
334 862 468 895 AEneid.
491 872 557 895 vu.
581 866 590 880 ‘
607 864 747 895 Diditur
762 864 817 896 liic

122 911 235 945 subito
249 913 398 954 Trojaua
423 922 485 953 per
511 913 644 954 agmina
670 914 820 946 clamor!

123 962 270 995 Torreat.
312 961 423 994 Albuti
446 962 542 1002 senis]
568 962 725 994 Albutius
748 972 818 994 ser-

122 1022 183 1045 vos
212 1013 307 1053 prius
336 1014 538 1055 castigabat,
570 1024 670 1058 qnam
699 1015 817 1055 aliquis

123 1071 240 1094 eornm
252 1068 440 1104 peccasset.
481 1064 588 1104 Didit]
605 1064 693 1095 Dum
707 1063 819 1095 officia

123 1112 310 1144 distribuit.

164 1165 208 1195 68
223 1163 366 1204 Simplex
381 1164 528 1206 Neuius]
546 1164 592 1195 Ut
607 1164 747 1195 Naevius
762 1173 820 1204 pa-

124 1221 197 1244 rnm
222 1212 382 1253 prudens.
430 1213 576 1254 Πασίωνι]
601 1213 733 1255 Aquam
759 1223 820 1244 un-

124 1263 259 1302 guentis
289 1262 443 1303 dilutam,
476 1262 565 1304 quod
594 1270 646 1294 est
675 1263 818 1295 lnxnriae

123 1320 191 1343 non
205 1309 370 1344 ferendae.
394 1312 488 1353 [Vat.
507 1315 560 1344 13.
575 1317 611 1344 et
625 1313 706 1345 Vat.
723 1314 818 1345 Rom.

123 1362 156 1393 2.
168 1360 353 1401 prebebat-J

165 1412 208 1441 70
230 1409 345 1451 Accipe
359 1420 439 1443 nunc
455 1411 572 1451 victus]
599 1413 818 1444 Enumeratio

124 1468 252 1495 eornm,
266 1469 342 1501 quae
363 1461 566 1492 comitantur
580 1466 616 1492 et
631 1461 819 1502 simplicem

123 1512 160 1539 et
181 1509 404 1550 compositum
433 1510 572 1550 victum,
587 1517 625 1542 ut
649 1512 819 1552 utrimque

123 1566 166 1589 ex
194 1559 427 1599 oppositorum
456 1561 648 1600 cognitione
694 1561 818 1592 clarius

123 1606 247 1639 evadat
268 1609 402 1640 omnino
424 1610 660 1650 negligendam
676 1620 750 1642 esse
768 1611 818 1642 ui-

122 1657 223 1690 miam
247 1667 362 1690 curam
390 1660 564 1699 corporis;
590 1670 664 1691 cum
692 1666 731 1692 nt
755 1661 818 1693 hoe

123 1711 282 1748 vegetum
308 1712 344 1739 et
369 1708 515 1739 validum
546 1709 591 1740 sit
620 1708 664 1739 ad
692 1710 820 1749 qnaevis

125 1755 238 1788 munia
253 1755 442 1795 subeunda,
453 1761 524 1788 tum
538 1762 576 1788 nt
588 1758 734 1796 animus,
745 1767 821 1798 pro-

126 1804 203 1837 fusa
223 1806 364 1846 crapula
379 1816 444 1838 non
465 1806 664 1847 impeditus,
683 1808 822 1848 evigilet

127 1855 248 1887 alacris
274 1861 311 1887 et
335 1861 527 1896 promptus,
549 1856 592 1888 ad
621 1867 663 1888 ea
689 1858 822 1899 perqui-

128 1904 234 1936 renda
248 1915 323 1946 qum
345 1911 423 1936 sunt
445 1905 588 1937 honesta
610 1911 648 1937 et
663 1916 738 1937 cnm
757 1907 823 1938 vir·

126 1959 202 1986 tute
217 1955 413 1995 conjuncta.
439 1955 536 1996 Cruq.
581 1955 672 1996 Quae,
693 1960 822 1996 quanta-

128 2003 202 2045 que]
222 2005 309 2038 Qnae
325 2005 512 2036 commoda.
547 2004 640 2045 [Vat.
658 2005 758 2038 Rom.
777 2010 823 2038 te-

126 2053 198 2085 nuic
209 2063 278 2095 ‘1¹¹oe
291 2063 392 2086 secam
406 2058 580 2095 quantaque
593 2055 722 2097 victu]

170 2106 213 2136 ⁷2
239 2104 368 2144 Credas,
389 2114 504 2136 memor
521 2105 604 2136 itlius
625 2105 717 2145 escoe]
741 2105 822 2137 Cre-

129 2153 210 2186 dere
237 2154 354 2187 debes.
397 2155 560 2195 [Chisian.
589 2157 622 2186 2.
651 2165 671 2186 a
694 2164 740 2187 m.
770 2164 822 2196 pr.

127 2203 261 2244 credes-J

167 2257 212 2286 73
222 2253 378 2296 Simplex]
393 2254 481 2286 Una.
510 2254 581 2286 Tibi
594 2255 726 2296 sederit]
746 2254 821 2286 Hoc

127 2308 192 2345 est,
201 2309 310 2336 sumta
324 2305 397 2344 jam
415 2313 455 2335 ac
470 2304 632 2344 depressa
645 2304 678 2334 in
695 2304 822 2335 ventri-

128 2354 206 2386 culo
231 2353 411 2395 quieverit,
435 2353 527 2383 nullo
551 2353 732 2384 subsecuto
754 2357 823 2384 sto-

128 2402 240 2436 machi
254 2402 412 2436 tumultu,
429 2406 468 2433 nt
488 2401 525 2432 fit
545 2411 619 2432 eum
637 2402 729 2432 varia
747 2410 823 2442 per-

130 2452 326 2490 miscentur,
341 2456 377 2482 et
399 2452 488 2482 mala
507 2451 565 2482 illa
581 2451 680 2491 copia
695 2451 822 2482 labora·

130 2506 199 2534 tur.
223 2501 364 2533 Torrent.
409 2501 494 2531 Olim
518 2500 577 2531 tibi
600 2500 730 2540 sederit]
752 2499 823 2532 Ali-

130 2549 266 2592 quando
292 2549 355 2581 tibi
383 2549 561 2590 placuerit.
605 2550 703 2590 [Vat.
726 2550 823 2582 Rom.

130 2603 161 2632 2.
176 2610 213 2632 nc
225 2599 344 2640 aimuh]

173 2652 216 2682 74
238 2649 408 2681 miscueris
437 2648 535 2689 elixa]
573 2647 610 2679 Si
641 2649 675 2679 in
701 2654 823 2681 stoma-

132 2701 230 2732 chum
245 2698 437 2740 ingesseris.

173 2752 215 2781 75
239 2749 280 2780 In
305 2748 395 2779 bilem
416 2746 554 2787 vertent]
587 2746 627 2778 In
655 2747 824 2780 choleram

132 2807 291 2831 aniaram.
335 2796 554 2838 Stomachoque
567 2798 732 2829 tumultum
743 2797 833 2830 Lem·

1446 270 1558 312 168⁷

865 373 898 400 ta
913 371 1000 409 feret
1026 369 1158 410 pituita]
1181 369 1191 387 ‘
1208 369 1319 400 Bilem
1331 368 1340 383 ’
1359 373 1451 406 ante,
1467 379 1558 402 nnnc

866 420 875 436 ‘
893 418 1070 459 pituitam¹
1092 418 1190 458 dicit,
1216 418 1304 450 unde
1326 419 1362 450 in
1385 420 1559 451 stomacho

865 469 1029 499 tumultus
1051 469 1197 500 oriatur:
1226 468 1297 499 brec
1323 477 1343 499 a
1361 468 1476 499 calore
1498 468 1560 499 im-

865 517 1001 556 becillo,
1031 518 1090 549 illa
1128 527 1148 549 a
1175 518 1278 550 nimio
1311 518 1482 559 gignitnrt
1520 523 1560 550 ut

865 567 954 597 enim
981 567 1057 598 bilis
1083 567 1200 598 humor
1227 568 1356 599 calidus
1385 572 1420 600 et
1449 569 1559 600 siccus

866 620 932 655 est,
956 617 1005 647 sic
1021 617 1144 656 pituita
1158 616 1300 658 frigidus
1315 618 1560 659 hnmidnsque;

865 674 969 706 quare
985 671 1021 696 et
1036 671 1045 684 ‘
1062 666 1207 697 lentam’
1223 668 1374 708 appellat
1386 668 1562 700 Horatius.

865 715 942 746 Jam
961 724 1040 746 vero
1063 716 1096 746 in
1119 715 1276 747 confesso
1295 721 1360 756 est,
1376 716 1487 748 cibum
1504 727 1564 748 va-

867 763 952 793 rium
975 773 1015 794 ac
1044 764 1278 805 multiplicem,
1301 775 1439 805 gravem
1462 771 1564 807 atque

867 811 1092 852 periculosum
1107 821 1204 851 esse3
1225 822 1299 853 quaa
1316 813 1405 844 enim
1420 814 1510 845 inter
1526 824 1564 845 se

867 860 1008 901 distant,
1042 870 1117 892 sese
1148 861 1292 893 invicem
1329 867 1564 902 corrumpunt.

866 911 1048 952 Tamquam
1064 911 1237 942 oraculum
1255 911 1358 951 igitur
1373 911 1414 943 ab
1430 911 1565 953 Hippo-

868 965 961 992 crate
977 960 1105 992 dictum
1122 959 1298 992 credamus
1319 961 1405 992 libro
1423 960 1491 1000 περὶ
1506 965 1563 992 Φυ-

868 1012 941 1048 σῶν,
962 1011 1031 1041 sive
1054 1011 1093 1042 de
1113 1010 1278 1042 Flatibus.-
1300 1010 1346 1042 Τὰ
1363 1011 1426 1051 ’γὰρ
1440 1010 1564 1050 ἀνόμοιοι

867 1058 1042 1099 στασιάζει,
1057 1059 1108 1091 καὶ
1122 1060 1162 1091 τὰ
1174 1059 1231 1098 μὲν
1241 1061 1373 1101 θᾶσσον,
1385 1061 1427 1092 τὰ
1438 1060 1472 1092 δὲ
1483 1073 1564 1101 uxo·

866 1109 1009 1150 λαίτερον
1029 1109 1192 1141 πέσσεται.
1226 1110 1408 1142 Dissimilia
1421 1112 1503 1142 enim
1519 1120 1565 1142 se-

867 1160 1016 1193 ditionem
1025 1160 1192 1198 concitant,
1202 1164 1294 1200 atque
1308 1161 1373 1192 hoec
1383 1161 1489 1197 citius,
1501 1161 1567 1192 Icoec

867 1209 1276 1250 difficilius-concoquuntur.
1296 1209 1393 1242 Torr.
1440 1210 1565 1242 Tumul-

869 1259 951 1299 tum]
975 1253 1148 1291 Dolorem.
1332 1289 1335 1292 ,
1587 1258 1597 1261 ’

910 1312 953 1340 76
975 1309 1117 1349 Pituita]
1137 1309 1311 1350 Pblegma.
1358 1311 1402 1342 Ut
1414 1310 1565 1351 pallidus]

871 1359 1020 1390 Decolor
1035 1365 1071 1390 et
1086 1365 1246 1400 aegrotus.

911 1411 952 1440 77
978 1409 1072 1439 Coena
1087 1410 1235 1448 desurgat
1249 1407 1357 1448 dubia]
1382 1409 1422 1440 ld
1438 1414 1505 1448 est,
1521 1410 1564 1441 de

869 1467 964 1489 coena
991 1462 1127 1498 ειη-ἕεις
1151 1462 1188 1489 ut
1212 1457 1465 1498 ‘deproperare
1487 1458 1566 1499 apio

869 1507 1036 1546 coronas,'
1062 1511 1099 1538 et
1125 1507 1270 1538 similia:
1295 1517 1372 1548 quae
1395 1508 1567 1548 interpre-

870 1558 969 1596 tatio,
996 1561 1035 1588 ut
1061 1557 1258 1596 simplicior,
1289 1563 1324 1588 et
1353 1557 1473 1589 melior
1498 1563 1565 1590 est.

867 1607 957 1639 Vide
973 1612 1086 1638 tamen
1110 1607 1261 1638 Turneb.
1278 1616 1372 1639 xvn.
1389 1611 1441 1639 17.
1463 1613 1500 1640 et
1522 1608 1567 1640 de

869 1667 966 1689 coena
981 1657 1093 1692 dubia,
1110 1666 1249 1688 xxvm.
1264 1659 1297 1688 4.
1321 1658 1462 1688 Torrent-
1498 1658 1568 1689 Coe·

869 1717 910 1738 nn
930 1707 1038 1746 dubia]
1065 1707 1171 1738 Coena
1193 1711 1246 1737 est
1267 1706 1384 1745 dubia,
1408 1707 1465 1738 ubi
1487 1717 1567 1739 con·

872 1755 957 1785 vivoe
987 1755 1158 1794 dubitant,
1186 1755 1267 1796 quid
1294 1755 1337 1787 (le
1365 1757 1482 1788 multis
1511 1766 1566 1789 su·

871 1809 975 1836 mant.

913 1858 955 1886 78
978 1855 1148 1886 Hester-nis
1168 1855 1270 1896 vitiis]
1297 1856 1470 1888 Hesterna
1492 1866 1568 1889 cra·

874 1906 965 1946 pula.
1011 1905 1160 1937 Animum
1174 1916 1290 1946 quoque
1303 1907 1495 1948 proegravat]
1520 1908 1569 1939 Ut

872 1954 944 1986 fieri
960 1965 1099 1987 necesse
1115 1961 1192 1994 est;
1214 1956 1325 1987 animo
1341 1957 1469 1998 quippe
1492 1963 1568 1998 gra-

874 2005 941 2036 vati
972 2006 1121 2046 corporis
1157 2005 1329 2046 συμπαθείᾳ
1365 2006 1566 2038 laborante:

873 2055 962 2087 unde
982 2058 992 2075 ‘
1010 2055 1174 2096 pingues'
1199 2056 1283 2088 dicti
1306 2056 1409 2088 etiam
1433 2057 1569 2098 ingenio

873 2105 982 2136 tardo.
1009 2105 1150 2137 Yon-ent.
1193 2106 1380 2146 Proegrnvat
1392 2108 1469 2148 ιιιιιι]
1486 2106 1571 2140 Ani-

872 2164 962 2186 mum
978 2154 1132 2186 hebetem
1149 2155 1274 2187 reddit.

912 2207 956 2236 ⁷9
976 2206 1079 2245 Atque
1091 2206 1207 2247 offigit]
1229 2204 1345 2247 Atque
1364 2206 1407 2237 ad
1430 2206 1569 2238 humum

870 2254 988 2295 dejicit
999 2255 1143 2286 animam
1157 2255 1260 2286 divini
1271 2256 1409 2296 spiritus
1422 2262 1568 2297 partem.

871 2304 984 2346 Affigit
1000 2304 1106 2344 humo]
1135 2304 1191 2336 Sic
1207 2305 1352 2336 antehac
1367 2306 1401 2336 iu
1417 2305 1571 2337 omnibus

872 2352 1050 2383 codicibus
1065 2353 1246 2392 legebatur
1259 2364 1266 2384 ε
1292 2354 1476 2385 Lambinus
1490 2355 1571 2395 affli-

869 2400 920 2439 git
936 2400 1124 2432 substituit.
1148 2401 1214 2432 Sed
1231 2411 1250 2432 a
1268 2407 1408 2441 recepta
1423 2403 1571 2435 lectione

874 2460 939 2481 non
965 2450 1111 2488 recedo;
1135 2454 1174 2481 ut
1199 2451 1311 2490 gravis
1338 2452 1480 2492 crapula
1499 2452 1571 2483 aui-

873 2509 963 2531 mum
989 2505 1088 2530 terrae
1118 2500 1225 2531 veluti
1249 2500 1372 2540 affixit,
1397 2510 1497 2542 quem
1519 2502 1572 2534 uti

874 2550 1008 2590 igneum
1022 2554 1056 2579 et
1070 2549 1242 2580 ooelestem
1256 2560 1386 2582 sursum
1400 2552 1472 2582 tolli
1489 2561 1570 2583 con.

875 2602 1030 2630 venerat.
1050 2598 1106 2629 De
1123 2597 1227 2628 verbo
1243 2603 1356 2630 autem
1373 2602 1382 2616 ‘
1396 2599 1573 2641 affligere,'

875 2649 1011 2688 elegans
1029 2647 1122 2678 locus
1138 2647 1241 2678 Plinii
1259 2656 1340 2679 νιιι.
1357 2651 1410 2680 40.
1425 2648 1468 2680 de
1484 2659 1570 2682 cane

874 2698 1090 2738 elephantum
1103 2701 1334 2736 oppugnante,
1349 2698 1358 2714 ‘
1371 2698 1515 2738 Donec,'
1531 2703 1570 2732 nt

874 2747 996 2787 inquit,
1024 2747 1033 2763 ‘
1051 2745 1188 2776 assidua
1223 2750 1370 2778 rotatum
1401 2748 1570 2788 vertigine

875 2795 996 2830 afflixit
1011 2795 1054 2828 ad
1076 2805 1189 2827 casum
1205 2795 1277 2836 ejus
1293 2797 1414 2828 tellure
1430 2806 1568 2840 coneus-
