1916 3262
502 284 710 316 Hortarii
745 282 1016 312 CARM1NUM
1056 281 1149 312 cns.
1180 281 1251 311 ιιι.
1282 272 1322 311 6.

176 377 374 419 veritatem)
391 378 507 410 inanes
524 374 759 407 reddiderunt.

222 430 261 459 10
284 429 357 459 Non
378 425 563 468 amotos]
592 424 662 456 Alii
690 421 872 463 legendum

176 483 332 516 censent,
355 476 579 517 Immpiaaeoe.
622 473 701 505 Vid.
722 473 872 505 Turneb.

176 535 255 558 xvi.
271 530 305 559 6.
329 522 494 558 canterus
509 525 636 557 Novar.
654 523 751 554 Lect.
768 531 802 554 v.
817 524 871 571 ,²⁰⁸

220 581 262 610 12
287 575 473 618 Tor-quibus]
496 574 645 613 Partim,
661 578 699 604 ut
716 577 752 604 et
767 573 874 604 Gallis

174 626 270 668 olim,
290 636 379 658 nunc
402 625 504 658 etiam
527 623 718 662 Germanis,
734 624 873 654 solenne

177 680 252 709 erat
267 681 405 716 torques
421 683 540 709 aureos
555 677 701 714 gestare.
740 672 873 704 Renidet

174 725 337 766 adiecisse]
355 725 433 757 Hoc
444 728 508 768 est,
521 723 707 755 renidendo
724 722 873 764 gaudere

177 784 214 807 se
229 775 392 812 ostendit,
408 773 498 816 quod
516 773 693 813 torquibus
708 777 788 804 ante
804 772 874 804 exi-

171 825 250 865 guis
265 834 331 857 non
346 825 421 855 leve
436 833 479 855 ex
495 823 614 864 praeda
635 822 765 863 pondus
781 822 877 862 adje-

171 873 272 905 cerit.
295 882 336 905 11.
365 872 433 906 Od.
457 875 508 904 18.
533 873 676 904 Torreat.
727 872 874 913 Renidet]

173 921 315 955 Gaudet
335 931 372 956 se
396 922 565 962 adjecisse
592 921 738 962 praedam
764 922 875 953 aureis

173 972 241 1002 suis
257 972 448 1014 torquibus,
461 971 517 1013 qui
535 976 615 1002 ante
632 980 693 1002 nos
709 970 877 1011 devictos,

172 1029 272 1059 crant
288 1025 416 1065 exigui,
426 1025 500 1065 jam
518 1034 598 1056 vero
615 1023 697 1055 facti
712 1029 791 1055 suut
807 1034 875 1056 am·

172 1074 316 1114 pliores.
360 1074 562 1115 [Bamberg.
584 1072 728 1113 renitet]

220 1127 260 1155 13
283 1124 513 1165 Seditionibus]
537 1124 643 1155 Bellis
658 1124 826 1156 civilibus.

219 1176 260 1207 14
282 1174 392 1206 Dacus
412 1178 442 1206 et
459 1174 621 1215 AEthiops]
645 1174 750 1206 Dacos
772 1175 875 1206 etiam

175 1224 288 1256 Dum
325 1224 475 1266 Duasque
515 1230 680 1257 vocarunt
718 1230 874 1256 veteres:

174 1273 290 1305 Graeci
307 1283 388 1305 vero
406 1274 516 1314 Getas,
535 1279 574 1305 ut
595 1274 786 1314 Stephanus
807 1278 876 1305 tra-

172 1322 274 1356 didit.
306 1323 408 1356 Nunc
427 1324 651 1364 Trai-scizam,
668 1325 824 1363 Walachi,
838 1327 875 1355 et

172 1372 318 1404 Melam·
341 1373 522 1411 dIcuntur3
547 1373 730 1413 perdomiti
752 1374 832 1405 oliui
854 1383 874 1405 a

171 1421 334 1462 Trajano,
356 1426 444 1454 teste
469 1422 623 1454 columna
648 1422 722 1463 ejus
745 1422 776 1453 iu
797 1421 873 1454 foro

170 1467 288 1503 erecta
303 1471 413 1503 adhuc
426 1473 623 1512 superstite.
645 1473 702 1503 De
713 1472 872 1513 AEtliiope

170 1529 254 1557 vero
269 1520 433 1553 incertior
447 1521 589 1553 historia
605 1526 670 1554 est.
715 1521 803 1553 Sunt
815 1522 872 1563 qui

168 1569 307 1612 AEgypti
320 1572 446 1604 bellum
459 1571 668 1613 intelligant,
677 1572 765 1614 quod
775 1571 874 1603 Cleo-

144 1624 272 1661 *patra
305 1622 404 1654 classi
432 1631 503 1654 suae
536 1621 667 1654 Arabas
693 1622 872 1663 AEtliiopas

170 1669 384 1711 adjunxerit;
407 1677 446 1703 ut
471 1672 534 1703 hoc
554 1672 598 1703 sit
624 1671 714 1713 quod
738 1672 748 1690 ‘
765 1672 873 1704 classe

169 1719 392 1755 formidatum
421 1723 637 1764 AEthiopem’
673 1723 778 1755 dicit:
811 1724 871 1754 sed

171 1774 285 1804 tamen
296 1777 335 1804 ut
343 1772 447 1811 Daci,
462 1772 511 1803 sic
527 1777 562 1803 et
577 1773 751 1812 AEthiopes
769 1782 874 1813 pecu·
901 1802 910 1811 ,

170 1819 247 1853 liari
271 1821 375 1860 bello,
395 1821 444 1852 illi
467 1821 668 1861 Panoniam,
689 1822 723 1852 hi
746 1821 874 1863 AEgyp-

173 1874 246 1903 tum
277 1874 469 1901 vastarunt.
525 1870 643 1902 Dacos
678 1873 792 1902 autem
825 1871 876 1904 M.

173 1919 329 1956 Crassus,
346 1919 460 1951 Crassi
481 1918 598 1950 divitis
621 1918 721 1959 filius,
743 1920 875 1952 AEthio-

173 1977 236 2008 pes
255 1977 440 2010 eorumque
457 1968 608 2009 reginam
625 1969 818 2002 Candacem
835 1970 876 2002 O.

171 2018 368 2057 Petronius,
375 2019 521 2059 Augusti
531 2019 700 2060 auspiciis,
709 2020 876 2052 vicerunt.

171 2067 243 2099 Dio
259 2067 316 2099 lib.
330 2077 378 2100 m.
403 2074 440 2100 et
463 2076 540 2100 mv.
566 2069 708 2101 Tor-rene.
752 2071 874 2111 Dacus,

171 2120 204 2149 et
227 2117 388 2160 AEthiops]
408 2118 547 2159 Scythae
574 2123 610 2151 et
637 2119 788 2162 AEgyptii
812 2121 874 2152 sub

169 2166 320 2199 Antonio
337 2173 374 2200 et
390 2169 585 2208 Cleopatra.

215 2220 254 2249 15
279 2218 386 2250 ctam
397 2218 607 2260 formidatus]
624 2219 755 2258 Classe,
769 2229 872 2261 quam

171 2266 356 2313 Cleopatra
373 2258 592 2301 instruxerat.
636 2269 712 2310 lue]
727 2270 792 2302 llle
805 2270 873 2302 Da-

172 2326 254 2348 cus:
276 2317 406 2358 Scytha
431 2318 540 2349 multo
567 2318 710 2358 peritior
736 2320 771 2351 in
795 2321 872 2352 init-

173 2365 285 2398 tendis
300 2366 445 2406 sagittis.

216 2418 256 2446 17
280 2415 437 2446 Foecunda
456 2416 552 2456 oulpae
571 2416 700 2457 saecula]
727 2418 808 2450 Vult
830 2428 874 2450 ex

175 2464 463 2495 matrimoniorum
495 2467 691 2506 corruptela
718 2473 758 2504 et
779 2469 874 2500 adul-

177 2512 271 2544 teriis
293 2513 406 2544 omnia
426 2514 572 2554 Reipub.
596 2516 683 2546 mala
705 2526 874 2550 manasse.

174 2561 320 2594 lambia.
364 2562 521 2594 Foecunda
541 2564 638 2603 culpo,
655 2566 784 2606 secula]
805 2567 874 2598 Sae-

176 2612 267 2652 cula,
283 2612 317 2642 in
337 2611 459 2652 quibus
479 2612 630 2644 homiues
653 2615 788 2646 assidue
804 2617 873 2648 cul-

177 2671 254 2703 pam
270 2662 501 2694 committunt.

224 2714 262 2743 19
285 2711 357 2742 Hoc
379 2711 488 2752 sonte]
523 2712 651 2744 Merito
679 2714 875 2754 nuptiarum

175 2761 408 2802 corruptelam
424 2762 588 2793 malorum
604 2763 750 2794 omnium
764 2764 798 2795 in
811 2765 876 2796 Re-

177 2812 261 2852 pub.
288 2810 419 2843 fontem
448 2817 552 2853 atque
578 2812 745 2852 originem
768 2813 873 2847 facit:

1513 273 1624 314 1449

924 379 999 403 nam
1018 375 1148 411 praeter
1167 370 1288 411 flagitii
1308 378 1369 411 per
1385 379 1421 401 se
1442 372 1624 412 turpitudi-

923 431 1001 452 nem
1018 431 1058 452 ac
1080 421 1194 452 mariti
1217 421 1388 461 injuriam,
1411 421 1531 452 civitas
1553 422 1626 462 ipsa

921 470 967 502 nb
980 470 1085 511 prolis
1098 470 1392 507 incertitudinem,
1408 469 1626 502 familiarum-

923 529 988 560 que
1029 524 1066 551 et
1102 520 1341 551 haereditatum
1379 520 1626 560 confusionem,

922 568 1124 610 gravissime
1151 569 1301 602 laeditur.
1354 569 1421 601 Sed
1444 575 1480 601 et
1506 570 1627 601 Suidas

923 618 1029 650 verbo
1066 617 1255 658 δακνόμενος
1292 620 1625 652 Lacedaemoniorum

924 675 1053 703 certam
1084 673 1266 703 execrandi
1296 671 1477 704 formulam
1507 672 1627 711 refert,

923 731 989 763 qua
1005 722 1096 753 inter
1112 727 1254 762 caetera,
1278 724 1323 761 ei,
1348 733 1447 763 quem
1463 722 1628 762 odissent,

923 770 1215 812 imprecabantur,
1232 776 1269 803 ut
1283 772 1475 803 adulterum
1492 771 1627 804 foveret

923 829 1020 857 uxor,
1036 825 1198 862 tanquam
1215 830 1380 853 summum
1400 822 1534 853 nialum.
1550 821 1627 853 Tor-

923 873 1004 901 rent.
1050 870 1122 902 Hoc
1133 871 1244 911 sonte]
1269 872 1321 903 Ex
1339 872 1529 904 adulteriis.

967 922 1007 951 21
1031 920 1141 952 Motus
1157 921 1293 961 Ionicos]
1314 922 1450 960 Molles,
1473 922 1627 954 lascivio-

925 979 990 1002 res.
1045 970 1124 1002 Vid.
1151 971 1303 1003 Turneb.
1334 980 1382 1003 ιν.
1413 974 1466 1003 21.
1526 971 1628 1003 Iones

926 1019 1014 1051 euim
1028 1028 1099 1060 proe
1115 1020 1254 1052 caeteris
1269 1020 1432 1052 Asiaticis
1450 1021 1628 1062 voluptate

924 1078 966 1100 ac
992 1069 1138 1102 mollitie
1165 1069 1310 1102 infames
1336 1070 1443 1102 fuere.
1487 1070 1576 1102 Vide
1592 1075 1628 1102 et

925 1118 1041 1150 Valer.
1067 1119 1254 1151 Maximum
1273 1129 1313 1151 u.
1328 1123 1361 1151 6.
1407 1119 1448 1150 In
1471 1119 1628 1151 omnibus

926 1177 1010 1209 ergo
1043 1168 1182 1201 delicati
1212 1169 1310 1201 nimis
1342 1179 1383 1204 aa:
1411 1169 1544 1208 teueri;
1567 1169 1628 1201 sed

926 1218 1093 1258 peculiari
1105 1219 1252 1260 quodam
1269 1219 1383 1259 gentis
1397 1219 1481 1250 vitio
1496 1218 1628 1250 choreis

926 1268 1101 1309 pra-cipue
1131 1279 1172 1300 ac
1206 1269 1456 1301 saltatiunculis
1485 1268 1627 1301 addicti.

926 1318 1000 1350 Qua
1015 1317 1059 1350 de
1077 1327 1114 1349 re
1130 1328 1196 1349 uon
1220 1328 1329 1358 pauca
1343 1318 1469 1351 Athen.
1484 1318 1544 1350 lib.
1560 1326 1629 1349 xu-

923 1367 1049 1398 Eorum
1074 1367 1161 1398 risus
1182 1368 1285 1398 etiam
1302 1371 1463 1408 tanquam
1485 1367 1628 1398 dissolu-

924 1416 1003 1457 tior,
1018 1416 1051 1447 in
1068 1416 1286 1457 proverbium
1304 1417 1400 1456 abiit,
1414 1415 1519 1455 γέλως
1532 1416 1627 1447 Ἰωνι-

922 1465 988 1497 κός.
1035 1466 1088 1497 De
1113 1465 1268 1498 Saltandi
1303 1466 1415 1498 studio
1444 1466 1523 1497 vide
1550 1466 1628 1497 Ma-

923 1514 1017 1547 crob.
1035 1515 1106 1547 Sat.
1124 1524 1182 1547 ιιι.
1199 1519 1250 1547 14.
1274 1516 1416 1548 Torreat.
1451 1517 1562 1548 Motus
1575 1516 1628 1547 10-

922 1565 1022 1606 m'cos]
1046 1566 1254 1598 saltationes
1278 1566 1436 1602 lascivas,
1453 1576 1536 1608 quas
1558 1566 1627 1607 pri·

921 1624 1013 1647 mum
1030 1615 1131 1647 Iones
1148 1616 1361 1648 invenerunt.

964 1668 1007 1697 22
1040 1666 1174 1697 Matura
1202 1665 1308 1706 virgo]
1355 1664 1463 1696 Addit
1490 1669 1628 1704 nuatum,

923 1715 1016 1756 quod
1042 1715 1150 1755 magis
1176 1715 1445 1747 inverecundum
1471 1715 1527 1750 sit,
1552 1724 1628 1746 eam

923 1765 1053 1796 lascive
1079 1765 1213 1805 saltare,
1237 1774 1314 1806 quae
1340 1764 1499 1805 pueritiae
1523 1773 1629 1795 annos

925 1815 1125 1846 excesserit.
1155 1815 1350 1855 Etjingitur
1363 1814 1508 1854 artubus]
1520 1814 1627 1856 Virgo

925 1864 960 1895 in
977 1864 1058 1895 ludo
1073 1864 1251 1896 saltatorio
1267 1870 1340 1896 arte
1354 1865 1412 1895 illa
1427 1864 1572 1896 motoria
1586 1873 1628 1896 ac

925 1915 1094 1947 cinaedica
1106 1915 1156 1946 sic
1167 1924 1374 1956 componere
1389 1920 1483 1946 artus
1498 1924 1629 1946 assues·

925 1967 984 2006 cit,
1010 1972 1047 1999 ut
1074 1967 1203 1998 exossis
1235 1966 1485 2009 quodammodo
1518 1967 1629 1998 videri

925 2017 1046 2058 possit.
1089 2018 1124 2048 Si
1139 2018 1212 2059 quis
1227 2026 1304 2048 cum
1321 2017 1486 2049 Lambino
1505 2017 1628 2049 ortibus

924 2067 1033 2107 malit,
1046 2076 1112 2099 uon
1130 2066 1300 2108 pugnabo.
1334 2067 1422 2098 Sunt
1438 2067 1527 2098 enim
1542 2066 1628 2098 mul-

925 2122 970 2149 tae
987 2121 1090 2155 artes,
1105 2116 1227 2157 quibus
1242 2116 1367 2157 puellae
1387 2115 1430 2147 ad
1447 2116 1572 2147 amoris
1587 2116 1627 2146 il·

923 2166 1037 2198 licium
1059 2166 1110 2198 uti
1137 2166 1280 2206 possint·
1322 2165 1391 2197 Sed
1407 2170 1443 2197 et
1455 2166 1628 2205 frangitur

921 2217 1052 2249 ortubus
1066 2226 1128 2257 pro
1139 2216 1296 2258 fingitur,
1319 2225 1385 2247 non
1409 2217 1503 2247 vanis
1525 2216 1627 2247 ratio·

922 2268 1022 2298 nibus
1052 2266 1190 2298 defendi
1223 2270 1361 2307 posset:
1402 2266 1505 2306 periti
1534 2266 1625 2296 enim

922 2317 1105 2348 saltatores
1119 2322 1189 2348 tam
1200 2317 1312 2347 mollia
1323 2314 1450 2346 habent
1462 2315 1628 2354 membra,

923 2373 962 2399 ut
984 2368 1056 2398 sine
1078 2367 1190 2398 nervis
1213 2371 1317 2407 atque
1340 2365 1470 2397 ossibus
1487 2374 1561 2396 esse
1578 2365 1625 2395 vi-

923 2416 1082 2447 deantur.
1107 2417 1253 2447 Torrent.
1309 2416 1464 2454 Fingitur
1489 2414 1623 2454 artibus]

924 2466 1077 2497 Docetur
1104 2475 1226 2506 corpus
1254 2465 1404 2495 molliter
1429 2472 1566 2495 movere
1589 2467 1625 2494 et

923 2515 1048 2546 saltare
1063 2514 1246 2544 secundum
1262 2519 1383 2544 artem.

967 2565 1008 2594 24
1025 2563 1077 2594 De
1090 2565 1194 2593 tenero
1207 2560 1321 2600 ungui]
1338 2562 1537 2592 Graecorum
1549 2569 1624 2592 esse

926 2612 1143 2654 proverbium
1168 2611 1320 2642 ostendit
1347 2611 1418 2642 Cic.
1446 2610 1556 2650 Epist.
1581 2610 1623 2642 ad

925 2663 1126 2696 Lentulum:
1150 2663 1160 2679 ‘
1175 2662 1244 2693 Sed
1262 2666 1388 2702 praesta
1405 2665 1439 2692 te
1456 2670 1546 2701 eum,
1565 2661 1622 2703 qui

924 2713 1003 2745 milii
1026 2723 1046 2744 a
1066 2712 1204 2752 teneris,
1223 2717 1261 2742 ut
1284 2711 1400 2743 Graeci
1416 2712 1546 2751 dicunt,
1561 2721 1621 2742 un—

926 2764 1071 2805 guiculis
1095 2772 1131 2794 es
1157 2763 1326 2803 cognitus,
1352 2762 1384 2801 ἐξ
1408 2759 1537 2792 ἁπαλῶν
1559 2763 1623 2792 τῶν

925 2813 1066 2854 ὀνύχων]
1090 2813 1203 2846 Latini
1218 2813 1307 2845 enim
1319 2813 1329 2830 ‘
1338 2813 1381 2845 ab
1393 2811 1604 2845 incunabulis
1612 2811 1621 2824 '
