1930 3204
599 291 811 326 nonm'n
845 293 989 323 EPOD.
1020 291 1128 324 XVI.

132 389 236 424 cedet
251 389 371 422 formae
397 388 503 420 semel
525 385 679 427 offensa,
703 385 740 417 id
764 389 832 426 est,

133 451 210 483 qua
228 439 338 472 semel
358 436 562 470 offenderit:
583 445 661 479 qun
682 435 763 468 1111111
779 444 833 467 se-

133 490 201 522 mel
224 488 355 522 offensa
377 492 480 530 atque
503 487 622 527 invisa,
646 485 726 517 dum
751 486 833 518 alios

135 549 242 578 amas,
255 539 383 583 fuerin
405 539 461 571 vel
482 538 548 570 sie:
572 538 618 569 Et
639 537 675 568 in
698 546 739 568 eo
754 545 833 568 cou-

135 594 228 622 staus
239 598 313 629 ero,
327 587 419 630 qnod
429 595 599 629 uunquam
612 586 732 619 cedam
745 589 836 627 post-

134 639 198 671 bac
226 642 298 670 tuoe
323 637 444 670 forum
470 637 574 669 semel
598 637 705 677 lapsae
728 638 765 668 et
785 635 836 667 ita

135 688 217 721 1111111
227 687 359 720 invisae.
380 686 526 718 Lmbin.
568 685 653 717 Vel:
678 685 754 717 Nec
771 688 837 724 est,
877 703 881 711 -

136 737 228 780 quod
244 744 363 778 speres
374 745 428 767 me
444 739 522 776 post
534 735 630 767 litem
651 738 688 766 et
703 735 837 766 iracun-

136 786 228 818 diam
246 785 366 817 ‘denuo
387 785 450 816 tibi
467 784 654 826 supplicem
670 784 838 816 futurum.

136 836 227 868 Nam
240 835 268 866 si
284 839 400 867 certus
423 834 521 866 dolor
533 837 571 866 et
585 843 667 866 vera
682 834 837 875 indigna-

136 885 185 916 tio
213 884 361 916 animum
391 893 503 915 meum
527 884 630 916 altius
659 885 837 926 aliquanto

135 934 281 967 subierit
306 939 344 966 et
367 934 517 975 intrarit,
538 935 640 966 animi
665 934 733 966 mei
756 943 838 966 cou-

135 984 263 1016 stantia
278 993 299 1014 a
315 983 569 1024 pulchritudine
593 988 650 1015 tna
665 992 838 1024 nunquam

138 1032 372 1074 superabitur,
398 1041 464 1064 uec
489 1031 607 1064 formae
631 1035 700 1064 tuae
724 1032 839 1064 denuo

139 1083 242 1115 cedet
277 1087 315 1114 et
342 1092 460 1114 manns
490 1082 598 1123 dabit,
628 1092 706 1115 cum
734 1083 840 1114 semel

138 1130 270 1164 offensa
295 1136 332 1163 et
357 1132 468 1163 invisa
481 1132 561 1163 mihi
583 1131 702 1164 fuerit.
725 1131 839 1163 hubin.

144 1182 301 1223 Offensa]
325 1183 336 1200 ⁴
354 1180 532 1213 Offensus’
548 1181 685 1223 proprie
701 1181 840 1221 dicitur,

141 1232 199 1273 qui
223 1231 267 1263 ab
291 1231 357 1263 alio
383 1232 484 1263 laesus
501 1232 556 1263 sit.
602 1232 648 1263 Et
670 1231 750 1272 quia
771 1231 843 1263 laesi

142 1281 307 1312 adversus
322 1290 381 1312 eos
406 1281 463 1321 qui
487 1281 650 1321 laeserint,
665 1281 766 1312 irasci
790 1290 843 1312 so-

138 1331 228 1370 lent,
251 1330 328 1361 hinc
347 1331 359 1347 ‘
373 1329 539 1361 offensus'
555 1339 647 1370 saepe
670 1339 732 1370 pro
755 1330 842 1361 irato

141 1383 247 1421 atque
281 1378 404 1411 infesto
442 1379 621 1419 accipitur.
670 1379 744 1410 Cic.
780 1388 843 1419 pro

141 1428 319 1460 Cluentio:
353 1429 364 1446 ‘
381 1429 491 1461 Quem
525 1428 590 1459 sibi
625 1425 842 1460 offensiorem

140 1478 298 1511 sciebat:
339 1478 430 1510 Illud
455 1488 535 1510 vero
551 1478 736 1510 notabilius
753 1478 843 1520 quod

140 1529 271 1560 diserte
286 1533 537 1561 commentator
554 1529 766 1571 Cruquianus
788 1529 843 1561 hic

141 1578 321 1610 annotavit
334 1589 343 1609 :
367 1578 377 1596 ‘
389 1576 563 1619 offensus:
576 1579 658 1611 licet
670 1589 755 1611 voce
767 1588 844 1620 pas-

143 1627 253 1660 sivum
275 1628 333 1664 sit,
354 1626 600 1668 significatione
629 1633 742 1659 tamen
760 1628 845 1660 acti-

142 1687 224 1710 vum
238 1687 325 1714 esse,
347 1687 412 1718 pro
427 1687 468 1709 eo
483 1678 541 1718 qni
563 1676 760 1709 offenderit.
802 1678 844 1709 In

144 1728 212 1760 alio
226 1737 359 1769 quoque
382 1726 592 1766 adscriptum
613 1727 696 1766 legi,
718 1726 846 1767 offensas

134 1777 264 1814 forma,
288 1775 324 1806 id
348 1780 414 1814 est,
429 1785 504 1815 qnae
521 1774 684 1806 offensam
701 1774 783 1805 1111111
798 1774 847 1805 111-

146 1825 241 1856 tulit.
263 1825 352 1856 Tm.
398 1823 554 1864 Offensae]
579 1824 666 1857 Quae
681 1821 847 1854 8011101οΓ-

147 1872 312 1904 fenderit.

194 1925 236 1954 1⁶
259 1922 400 1954 latr-urit
424 1920 526 1961 dolor]
549 1921 586 1953 Si
613 1925 730 1953 certus
754 1920 850 1952 dolor

149 1973 288 2004 intrarit
302 1973 336 2004 in
350 1972 497 2004 animum
514 1980 638 2002 meum.

197 2024 237 2053 1⁷
260 2021 307 2053 At
321 2020 374 2061 tu]
394 2021 450 2052 Sic
464 2020 590 2052 Tibull.
627 2020 638 2038 ‘
655 2019 705 2051 At
725 2024 775 2060 tu,
795 2019 852 2061 qni

148 2072 249 2103 laetus
262 2070 352 2102 rides
365 2071 454 2101 mala
471 2075 602 2109 nostra,
611 2073 753 2101 caveto:
767 2070 852 2101 Mox

152 2121 216 2153 tibi
231 2130 299 2153 11011
325 2130 432 2152 vanus
455 2120 577 2151 saeviet
600 2128 706 2160 usque
732 2117 850 2151 Deus!

149 2171 226 2203 Nec
249 2171 405 2202 omittam
426 2169 531 2200 libros
553 2169 637 2200 Mss.
651 2167 760 2200 ferme
782 2178 853 2200 om·

150 2229 211 2252 nes
227 2229 290 2262 pro
302 2223 337 2251 at
351 2224 398 2259 ta,
411 2222 443 2251 et
455 2222 488 2251 tu
504 2219 629 2250 habere
643 2228 653 2257 ;
675 2222 711 2250 et
724 2216 781 2250 heu
796 2219 854 2250 heu

151 2278 215 2310 pro
226 2269 315 2308 eheu,
329 2275 365 2300 et
381 2269 501 2308 Nereo,
516 2277 579 2309 pro
598 2267 709 2300 Nirea.
740 2267 787 2299 At
801 2268 851 2310 tu]

154 2318 376 2360 Apostrophe
390 2318 433 2349 ad
450 2318 591 2349 rivalem
607 2326 716 2348 suum.

196 2369 238 2399 la
260 2366 366 2405 Molo]
388 2365 488 2399 Quod
503 2374 645 2406 spernor
659 2375 679 2396 a
694 2365 835 2395 Neara.

199 2420 244 2448 lo
265 2417 319 2448 Sis
342 2414 465 2456 pecore]
487 2413 651 2448 Quamvis
677 2413 722 2444 sis
747 2413 855 2454 dives,

158 2467 306 2507 sapiens,
325 2471 362 2497 et
385 2465 536 2506 pulcher,
553 2473 627 2505 quoe
651 2467 732 2495 sunt
754 2472 859 2495 causa

157 2514 292 2546 amoris.

200 2567 245 2596 20
266 2561 521 2603 Pactolusflaal]
544 2561 709 2593 Pactolus
723 2565 775 2592 est
797 2559 859 2592 flu-

158 2615 231 2646 vius
258 2613 389 2653 Lydiae,
414 2613 487 2643 auri
515 2615 668 2643 ramenta
689 2620 802 2643 secum
824 2611 859 2643 in

159 2664 305 2696 decursu
322 2663 471 2694 trahens.

201 2716 243 2745 21
269 2712 404 2753 nenati]
429 2704 760 2752 Pythagorae'denuo
775 2711 859 2743 nati.

160 2763 217 2794 De
245 2763 366 2794 animae
396 2761 692 2802 transmigratione
727 2760 760 2792 in
791 2761 858 2792 alia

161 2820 302 2853 corpora
313 2811 415 2851 juxta
434 2810 638 2850 Pythagorae
655 2810 859 2852 opinionem.

243 2864 359 2906 Delph.
370 2867 398 2896 et
415 2863 491 2896 γαν.
508 2864 594 2897 clus.

827 2863 945 2896 Horae.

1469 281 1582 325 1569

881 386 971 418 Vide
986 395 1012 418 1.
1030 385 1099 418 011.
1114 386 1168 416 28.
1207 381 1420 424 [Pythagora
1435 381 1584 416 schoen-

881 433 979 467 born.
996 434 1046 476 2.]

925 488 969 516 22
991 481 1111 524 Nirea]
1150 481 1262 514 Nirea
1294 480 1586 515 formosissimum.

882 534 973 567 Vide
988 543 1046 566 111.
1062 533 1132 566 Od.
1147 535 1203 564 20.

924 587 967 617 28
990 584 1067 616 Alio
1085 583 1241 624 mombis]
1265 583 1305 614 In
1331 582 1447 622 alium,
1470 586 1507 614 te
1532 590 1588 614 re·

882 635 980 668 licto.
1026 633 1277 675 [Schoenborn.
1292 636 1324 664 2.
1339 633 1433 674 alta]

926 688 968 718 24
992 684 1120 726 Βίων-ο]
1144 684 1278 716 Ridcbo
1293 689 1327 716 te
1343 684 1553 715 alternatim.

883 736 1003 768 Eron.
1036 743 1116 766 xvr.
1161 734 1223 766 An·
1248 734 1432 765 Porumm
1461 734 1590 765 Rosu-

929 793 1022 817 mm.
1067 783 1326 816 commiseratio
1349 789 1404 814 est
1427 782 1589 823 Reipubl-

932 837 1073 874 propter
1102 833 1214 865 civilia
1241 832 1342 864 bella.
1387 832 1591 873 [Bamberg.

932 883 1168 916 Commiseratio
1191 883 1382 924 Reipublicoe
1392 883 1431 914 de
1445 882 1532 914 bellis
1546 882 1592 913 ci-

929 934 1071 974 vilibus-J

932 985 950 1014 1
975 981 1104 1022 Altera]
1137 981 1332 1014 Seditioues
1358 980 1495 1022 quidem
1524 981 1594 1011 Ro·

890 1041 952 1064 mae
969 1032 1150 1073 permnltae
1166 1030 1275 1066 fuere,
1298 1030 1358 1062 sed
1376 1030 1467 1061 bella
1479 1029 1596 1060 civilia

891 1085 971 1112 ante
990 1081 1136 1112 Marium
1160 1080 1372 1120 Cinnamque
1399 1089 1439 1110 ac
1464 1079 1594 1110 Sullam

891 1131 995 1162 nulla.
1032 1129 1184 1162 Primum
1201 1129 1290 1160 enim
1309 1129 1348 1159 C.
1362 1128 1494 1159 Marius
1507 1135 1596 1158 anno

892 1182 937 1214 U.
953 1183 992 1213 C.
1003 1183 1080 1213 665.
1098 1180 1284 1218 excitavit3
1309 1179 1352 1211 ab
1364 1189 1404 1211 eo
1417 1188 1496 1211 vero
1509 1183 1596 1210 tem-

893 1240 978 1272 pore
999 1239 1108 1271 nsque
1135 1230 1177 1260 ad
1204 1230 1378 1261 devictum
1408 1229 1596 1261 Antonium

892 1280 970 1311 anni
988 1280 1213 1311 intercessere
1235 1282 1288 1311 57.
1333 1279 1379 1310 Et
1395 1277 1610 1319 quamquam'

893 1329 1065 1360 interdum
1096 1328 1248 1369 Respub.
1274 1327 1484 1369 conquievit,
1513 1336 1600 1358 nun·

895 1387 994 1418 quam
1029 1382 1142 1408 tamen
1171 1377 1319 1417 partium
1351 1377 1484 1407 illarum
1520 1376 1600 1407 reli—

894 1428 983 1470 quiis
1007 1428 1129 1463 carnit,
1155 1427 1263 1458 donee
1287 1426 1423 1458 tandem
1448 1426 1482 1456 iu
1500 1425 1598 1456 unius

894 1482 1103 1520 potestatem
1133 1476 1291 1518 pervenit
1311 1480 1434 1517 quarto
1451 1474 1599 1515 Augusti

894 1527 1041 1560 Caesaris
1057 1527 1258 1565 Consulatu,
1274 1525 1329 1566 qui
1340 1526 1430 1556 solus
1447 1525 1598 1566 quinque

894 1576 985 1608 bella
1014 1575 1131 1607 civilia
1161 1574 1281 1615 gessit.
1325 1573 1413 1605 Tam
1449 1572 1602 1604 diuturni

894 1626 1002 1667 igitur
1013 1625 1094 1656 mali
1111 1630 1278 1665 pertaesus
1289 1623 1414 1659 Poe'ta,
1427 1628 1600 1664 tamqnam

895 1675 930 1706 in
953 1674 1035 1706 fatis
1053 1679 1159 1713 esset,
1175 1678 1280 1714 atque
1294 1673 1400 1712 ipsius
1417 1673 1483 1703 loci
1500 1672 1601 1711 genio

897 1723 1127 1763 contingeret,
1149 1726 1187 1753 nt
1214 1723 1270 1763 qui
1303 1723 1420 1753 Romae
1443 1726 1602 1762 agerent,

897 1772 1042 1803 assiduis
1066 1773 1156 1803 inter
1178 1781 1214 1802 se
1237 1771 1335 1802 bellis
1361 1768 1603 1802 conflictaren-

900 1826 968 1860 tur,
983 1821 1210 1852 Phocaeorum
1233 1821 1390 1861 exemplo
1406 1820 1490 1851 alias
1507 1820 1602 1851 adire

899 1870 997 1902 sedes
1028 1870 1173 1909 suadet;
1200 1874 1252 1909 nt,
1282 1879 1381 1911 quam
1411 1869 1502 1900 domi
1524 1878 1604 1909 spe·

900 1929 979 1951 rare
992 1920 1138 1960 amplius
1158 1929 1225 1950 non
1243 1923 1395 1959 possent,
1409 1917 1494 1950 foris
1509 1919 1605 1959 quie-

901 1973 971 2000 tem
1001 1973 1170 2010 qnaerant,
1206 1973 1310 2009 atque
1341 1967 1516 1999 infelicem
1548 1978 1607 2008 pa·

901 2018 1001 2049 triam
1022 2017 1203 2049 fortunatis
1221 2018 1353 2051 Oceani
1374 2018 1490 2048 insulis
1514 2027 1604 2049 com·

902 2071 1050 2098 mutent.
1105 2066 1244 2098 Phocaei
1271 2070 1384 2097 autem
1414 2066 1519 2097 Ioniae
1544 2076 1602 2106 po-

903 2117 986 2157 puli,
1000 2117 1058 2157 qui
1085 2115 1274 2148 Massiliam
1300 2116 1379 2147 olim
1407 2115 1604 2147 condidere.

903 2166 1055 2199 Quorum
1082 2164 1332 2206 profectionem
1355 2165 1404 2196 sic
1428 2165 1485 2196 lib.
1505 2174 1530 2197 1.
1547 2165 1605 2196 de-

902 2215 1023 2247 scribit
1047 2215 1261 2252 Herodotus,
1288 2219 1327 2245 ut
1355 2215 1440 2245 nulli
1467 2215 1605 2246 dubium

904 2273 978 2296 esse
1006 2264 1126 2305 possit,
1156 2264 1236 2305 quin
1266 2268 1502 2304 argumentum
1525 2264 1607 2295 inde

903 2313 1016 2345 Poeta
1031 2313 1208 2344 sumserit:
1234 2323 1300 2354 qua
1324 2313 1367 2344 de
1394 2323 1429 2344 re
1453 2313 1606 2345 Turneb-

906 2371 987 2394 ΧΠ.
1002 2365 1057 2394 21.
1100 2362 1213 2394 Altera
1233 2363 1327 2403 aetas]
1353 2363 1526 2395 Nascente
1549 2372 1608 2394 ex·

906 2412 1082 2452 peditione
1095 2412 1127 2442 in
1139 2411 1388 2443 formidabilem
1401 2412 1607 2443 Antonium:

907 2461 961 2492 vel
979 2465 1143 2491 nascente
1159 2460 1249 2491 bello
1276 2461 1311 2491 in
1333 2461 1490 2499 Brutum,
1505 2461 1609 2500 impia

906 2509 980 2540 ha’c
997 2512 1080 2539 aetas
1100 2508 1221 2539 oborta
1236 2514 1299 2540 est.
1327 2509 1423 2549 Cruq.
1468 2510 1609 2540 AEtatem

908 2568 970 2600 pro
982 2561 1036 2590 30.
1049 2567 1211 2588 annorum
1224 2559 1335 2598 spatio
1349 2558 1474 2598 posuit,
1491 2568 1608 2598 quam-

910 2619 1010 2651 quam
1030 2617 1092 2649 pro
1118 2608 1237 2649 quovis
1260 2609 1360 2639 etiam
1377 2613 1529 2648 tempore
1553 2618 1609 2640 ac—

908 2660 1068 2701 cipiatur,
1081 2662 1117 2691 et
1132 2658 1269 2700 quidem
1297 2668 1359 2699 pro
1385 2667 1452 2690 uno
1478 2663 1608 2690 tantum

910 2719 998 2742 anno
1013 2719 1078 2740 non
1094 2709 1197 2740 semel
1209 2708 1300 2750 apud
1313 2709 1410 2749 Virg.
1425 2712 1464 2739 ut
1479 2708 1610 2750 Georg-

909 2769 967 2791 111.
1001 2759 1012 2777 ⁴
1029 2758 1077 2790 At
1094 2758 1203 2790 tribus
1219 2758 1348 2790 exactis
1363 2763 1400 2789 ut
1415 2762 1607 2800 quarta-ac-

910 2810 1052 2842 cesserit
1077 2808 1186 2842 aetas:
1241 2808 1351 2841 Altera
1368 2807 1451 2848 jam]
1489 2807 1608 2840 Altera

1446 2861 1520 2892 SG
