1916 3262
473 298 685 333 ιιοκΛΊ-ιι
718 296 996 328 caumatum
1030 297 1129 327 mu.
1162 295 1235 326 ιιι.
1266 283 1308 324 l.

154 399 233 432 olim
249 398 429 431 claruere?
451 395 488 429 id
511 393 646 436 quidem
669 390 856 424 Lambinus

153 449 339 482 existimat.
394 445 592 480 Torrentius
623 443 734 475 locum
763 441 856 473 huuc

153 499 203 532 sic
215 498 378 540 exponit:
393 498 443 530 Ut
455 505 520 528 una
532 504 608 528 eum
619 493 774 526 Romano
787 491 856 523 Im-

152 550 251 590 perio
263 547 376 580 Poeta
386 555 509 580 nomen
521 553 616 577 suum
627 546 855 584 propagatum

151 599 196 631 iri
223 598 332 639 dicat,
351 597 443 640 apud
467 605 536 638 eos,
552 594 610 637 qui
625 594 855 626 Romanarum

152 658 268 683 rerum
290 648 396 690 periti
418 655 493 679 esse
518 644 640 677 velint.
684 642 786 677 Quod
811 641 856 673 de

153 698 320 740 Hispanis
339 697 487 730 maxime
513 704 554 727 ac
579 693 688 726 Gallis
714 692 856 735 promit-

154 754 229 781 tere
240 748 307 781 sibi
318 747 443 789 potuit,
455 751 600 788 utraque
614 744 705 777 enim
719 742 855 785 provin-

152 799 207 832 cia*
214 799 288 841 J‘am
303 802 374 829 tum
387 797 618 829 Romanorum
630 794 773 827 coloniis
788 792 856 826 fre-

152 847 390 890 quentabatur,
407 846 497 878 unde
521 847 623 878 etiam
639 845 786 887 Augusti
811 854 857 877 ae-

151 902 227 930 tate
243 897 412 940 preclara
427 897 565 938 ingenia
579 905 780 938 provenere.

192 949 236 980 20
273 947 362 989 Iber]
399 947 577 988 Hispanus
621 956 685 978 usu
723 944 858 987 peritus

150 1001 295 1041 propter
321 998 424 1039 longa
448 997 540 1030 bella
564 1002 600 1029 et
621 996 858 1037 navigationes

151 1049 317 1082 assiduas.
373 1050 580 1091 Rhodanique
602 1047 708 1090 potor]
735 1048 858 1081 Gallus

150 1099 401 1140 Lugdunensis.
447 1100 632 1133 Rhodanus
654 1104 710 1132 est
732 1099 857 1132 Galliae

151 1147 288 1186 fluvius,
317 1154 429 1182 ortum
458 1151 585 1182 ducens
621 1161 663 1182 ex
698 1149 856 1192 Alpibus,

153 1209 230 1240 quae
246 1198 384 1232 Italiam
400 1209 420 1231 a
437 1199 549 1232 Gallia
565 1200 737 1232 dividunt.
778 1199 857 1242 [Di-

151 1253 201 1281 cet
215 1249 289 1282 Iber
303 1249 406 1282 codd.
424 1259 478 1291 ap.
491 1250 633 1292 Jaeck.]

195 1302 238 1331 21
261 1299 379 1331 Absint
397 1301 486 1332 inani
497 1300 630 1340 funere]
656 1301 750 1332 Bene
769 1301 857 1332 inani

144 1349 273 1390 funere,
297 1359 375 1382 cum
401 1360 467 1382 non
494 1351 695 1382 moriturum
723 1361 773 1387 se,
795 1351 856 1382 sed

149 1400 185 1431 in
207 1410 356 1441 cygnum
377 1405 546 1432 mutatum
562 1401 605 1432 iri
622 1406 702 1432 aute
719 1400 856 1432 dixerit.

1498 284 1612 326 1431

910 390 1028 423 Simile
1043 388 1123 420 huic
1136 391 1205 428 est,
1219 386 1312 430 quod
1328 387 1338 404 ⁴
1352 385 1488 417 inanem
1503 390 1614 418 tumu-

909 439 979 473 lum
990 439 1000 454 ’
1016 442 1119 472 vocat
1132 438 1232 480 Virg.
1243 436 1377 470 AEneid.
1389 444 1448 468 111.
1464 435 1500 467 in
1515 446 1615 477 quem

910 499 1032 532 corpus
1047 488 1180 521 illatum
1201 497 1268 520 nou
1286 490 1391 523 esset,
1415 484 1476 517 sed
1491 494 1615 517 memo-

910 541 971 574 τίω
986 544 1120 574 tantum
1135 548 1259 572 caussa
1273 541 1501 577 exstructum,
1517 535 1616 567 Grae-

910 592 942 624 ci
966 589 1148 632 κενοτάφιον
1173 589 1365 632 appellant.
1408 587 1507 620 Suet.
1533 586 1543 603 ‘
1558 585 1617 617 bo-

909 643 1082 676 norarium
1107 640 1291 675 tumulum'
1321 643 1436 672 vocat.
1471 637 1616 670 Torrent-

910 694 1026 728 Absint
1038 694 1126 727 inani
1132 693 1250 732 ficnere
1262 689 1391 730 noenioe]
1408 688 1534 721 Absint
1549 697 1617 719 nae-

909 746 989 785 niae,
1004 744 1039 777 id
1054 749 1120 781 est,
1144 743 1260 776 absint
1283 741 1435 775 carmina
1456 737 1616 771 funebria

910 806 930 829 a
944 795 1068 828 funere
1082 804 1159 827 meo
1174 793 1288 826 inani:
1303 792 1428 824 ‘inane
1440 789 1449 803 ’
1465 789 1618 831 appello,

913 847 994 889 quia
1015 846 1096 879 mibi
1120 850 1257 878 mortuo
1273 843 1376 875 funus
1393 841 1475 874 nibil
1491 840 1616 882 prode-

911 895 970 933 rit,
995 905 1071 928 nam
1095 896 1131 928 in
1157 894 1338 937 sepulchro
1361 891 1531 924 contineri
1550 900 1617 923 non

912 954 1060 987 possum,
1068 947 1128 980 sed
1140 946 1341 980 immortalis
1351 940 1485 973 futurus
1494 940 1615 982 poeta-

912 1005 986 1028 rum
1003 995 1086 1027 ales.

953 1048 996 1078 22
1018 1045 1196 1086 Luctusque
1218 1043 1340 1086 turpes]
1371 1043 1409 1075 Si
1435 1041 1536 1073 funus
1566 1040 1617 1072 in-

911 1105 988 1133 ane,
1004 1097 1117 1129 luctus
1135 1105 1269 1136 quoqne
1283 1100 1401 1135 turpes
1415 1101 1491 1124 esse
1505 1092 1619 1133 sequi-

913 1151 980 1178 tur.
1037 1146 1112 1177 Nec
1140 1145 1282 1176 dubium
1311 1145 1394 1186 quin
1423 1141 1466 1173 ad
1499 1147 1617 1175 notum

912 1196 998 1229 illud
1029 1195 1131 1227 Ennii
1161 1194 1274 1236 puetae
1312 1192 1534 1235 Epitaphium
1565 1201 1619 1224 re·-

913 1247 1068 1290 spexerit
1083 1246 1213 1278 Poeta:
1237 1247 1247 1263 ‘
1264 1245 1375 1278 Nemo
1391 1253 1445 1276 me
1460 1243 1619 1284 lacrymis

911 1299 1068 1338 decoret,
1079 1307 1142 1329 uec
1154 1296 1274 1328 funera
1286 1295 1371 1327 fletu
1381 1295 1495 1327 Faxit.
1528 1294 1617 1325 Cur?

913 1349 1018 1380 volito
1034 1348 1124 1379 vivu'
1140 1357 1202 1388 per
1219 1357 1281 1379 ora
1292 1345 1426 1378 virum!
1451 1345 1596 1376 Torrent-

954 1400 996 1428 24
1020 1396 1134 1437 Mitte]
1158 1397 1306 1428 Omitte.

500 1747 909 1799 CARMINUM
966 1749 1110 1796 LIB.
1168 1750 1269 1797 ΙΙΙ.

154 1882 238 1918 01312.¹
251 1893 277 1916 1.
298 1883 514 1926 Πραγματικῆ.
557 1883 643 1916 Vita
662 1883 767 1915 beata
787 1891 856 1914 non

197 1933 320 1975 opibus
345 1939 405 1966 aut
433 1933 630 1970 honoribus.
657 1932 719 1966 sed
753 1932 856 1965 animi

197 1985 449 2027 tranquillitate
470 1983 628 2017 efficitur.

197 2035 215 2064 1
242 2035 308 2066 odi
324 2034 506 2076 profanum]
530 2035 641 2067 Notat
662 2033 800 2066 Servius
823 2032 857 2064 in

152 2083 237 2120 illud
255 2085 391 2117 AEneid.
412 2094 464 2117 vt.
493 2086 503 2104 ‘
523 2084 651 2118 Procul
678 2094 712 2122 o,
737 2082 856 2125 procul

152 2137 241 2171 este,
254 2134 416 2176 profani‚'
430 2145 451 2167 a
467 2135 675 2167 Callimacho
691 2133 725 2164 id
742 2142 856 2174 sump-

151 2183 238 2216 sisse
251 2183 353 2226 Virg.
364 2184 469 2226 Ἐκὰς,
481 2183 553 2217 ἑκὰς
568 2183 642 2216 ἔστε
654 2181 802 2221 βέβηλοι·
814 2182 858 2224 [ἑ.

153 2233 182 2267 ἑ.
201 2233 288 2267 ὅστις
311 2234 438 2278 ἀλιτρὸς
459 2245 516 2278 ap.
536 2234 735 2268 Callimach.
759 2237 798 2265 Η.
822 2234 856 2264 in

151 2286 268 2329 Apoll.
277 2285 326 2327 2.]
349 2297 391 2320 ac
406 2286 418 2304 ‘
433 2285 613 2330 profanos’
627 2285 696 2318 dici
709 2294 777 2317 non
794 2285 858 2316 ini-

153 2335 270 2373 tiatos',
277 2346 363 2379 quos
378 2337 496 2370 Graeci
510 2335 679 2378 ἆμνίπους,
690 2335 858 2377 ἂμυστηρι-

154 2386 268 2419 «ια-τοὺς
281 2391 418 2420 vocant.
450 2388 552 2423 Unde
562 2396 660 2419 sacra
675 2392 712 2418 et
727 2395 809 2424 aroe,
822 2390 860 2418 et

153 2437 253 2478 signa
273 2446 408 2479 quoque
431 2439 582 2470 Deorum
605 2436 762 2479 qnaedam
786 2434 860 2472 ἆβέ·

156 2489 246 2525 βηλσι
265 2487 371 2524 dicta,
393 2498 471 2530 quae
493 2488 580 2520 adiri
601 2487 644 2520 ab
667 2487 859 2520 hominibus

157 2537 297 2578 tangive
307 2536 403 2569 nefas
415 2542 502 2571 erat.
526 2537 616 2570 Vide
629 2537 741 2571 Adr.J
745 2537 859 2569 unium

157 2586 319 2619 Animad.
337 2595 363 2618 1.
379 2590 412 2619 8.
452 2588 552 2619 Tales
574 2587 679 2628 igitur
694 2586 861 2629 praeconis

157 2647 243 2670 voce
274 2647 295 2669 a
320 2638 426 2673 sacris
453 2637 680 2670 arcebantur:
711 2641 860 2678 notaque

156 2688 357 2730 gravissima
379 2688 542 2720 adversus
562 2686 780 2719 Alcibiadem
805 2696 861 2719 ac·

158 2740 303 2780 cusatio,
314 2739 405 2782 quod
420 2738 582 2781 profanus
602 2738 708 2770 sacris
731 2735 864 2769 Eleusi·

158 2791 224 2824 niis
248 2790 417 2823 interesse
438 2799 538 2822 ausus
562 2788 694 2822 fuisset.
718 2788 863 2821 Torrent-

160 2841 335 2880 Prosunum
352 2841 481 2885 tulgus]
506 2840 578 2874 Odi
605 2839 725 2882 vulgus
749 2838 864 2872 indoc-

910 1886 1002 1914 tum:
1027 1887 1105 1914 nam
1134 1882 1311 1924 imperitos
1341 1881 1509 1921 homines,
1534 1884 1569 1912 et
1598 1890 1618 1911 a

910 1933 1023 1964 Musis
1038 1933 1167 1964 alienos
1186 1931 1352 1965 Horatius
1377 1936 1474 1964 arcet
1497 1931 1540 1963 ab
1565 1930 1618 1962 his

911 1982 1130 2024 carminibus,
1157 1988 1319 2024 tanquam
1343 1981 1506 2024 profanos
1525 1991 1546 2013 a
1567 1991 1619 2012 sa-

911 2042 990 2065 cris.

954 2085 975 2114 2
999 2082 1116 2115 Favete
1142 2082 1276 2124 linguis]
1319 2081 1454 2113 Seneca
1482 2081 1544 2113 lib.
1574 2080 1617 2111 de

909 2132 994 2164 Vita
1014 2133 1146 2164 Beata:
1171 2134 1182 2150 ‘
1198 2132 1277 2164 Hoc
1304 2130 1471 2172 verbum,'
1497 2131 1619 2172 lnquit,

911 2182 923 2199 ‘
939 2181 1056 2215 favete
1072 2182 1224 2224 lingnis,’
1246 2191 1313 2214 non
1329 2186 1368 2214 ut
1385 2181 1542 2223 plerique
1558 2191 1617 2212 ex-

910 2233 1078 2275 istimant,
1098 2243 1118 2266 a
1138 2232 1257 2266 favore
1280 2233 1450 2271 trahitur;
1474 2232 1536 2264 sed
1557 2232 1618 2263 im-

913 2291 1056 2326 peratur
1070 2285 1257 2325 silentium,
1270 2289 1309 2317 ut
1325 2284 1391 2316 rite
1409 2285 1529 2326 peragi
1542 2293 1620 2325 pos-

914 2335 959 2366 sit
980 2344 1127 2376 sacrum,
1153 2336 1245 2367 nulla
1267 2344 1352 2367 voce
1374 2334 1465 2366 mala
1485 2334 1620 2366 obstre-

913 2384 1043 2425 pente)
1102 2385 1220 2417 Favete
1257 2383 1392 2425 linguis]
1436 2383 1620 2416 Attendite

915 2443 991 2464 cum
1016 2434 1166 2474 silentio,
1190 2434 1246 2466 vel
1269 2433 1361 2467 bona
1381 2434 1489 2465 verba
1503 2433 1622 2471 dicite,

915 2484 1095 2524 εὐφημεῖτε,
1109 2484 1144 2516 id
1160 2488 1226 2523 est,
1243 2483 1284 2515 τὰ
1299 2483 1404 2522 ἀγαθὰ
1418 2483 1621 2514 ἐνθεαστικῶς

914 2533 1032 2574 λέγειν.
1078 2533 1227 2565 carmina
1242 2543 1304 2565 non
1323 2532 1429 2574 prius]
1455 2533 1529 2572 Ego
1542 2532 1620 2562 Mu·
1675 2550 1678 2552 -

915 2594 1030 2618 sarum
1075 2584 1235 2616 sacerdos
1283 2588 1387 2616 cauto
1430 2581 1620 2623 virginibus

915 2634 1100 2677 puerisque
1122 2634 1275 2666 carmina
1300 2643 1367 2664 non
1391 2633 1486 2674 prius
1502 2632 1623 2664 audita

917 2695 937 2717 a
952 2684 1126 2722 Romanis,
1147 2684 1255 2726 lyrica
1275 2683 1421 2721 scilicet,
1444 2687 1568 2716 exacte
1584 2687 1623 2714 et

916 2738 960 2771 ad
976 2739 1115 2780 plenum
1129 2736 1235 2770 facta.

958 2792 979 2821 3
1003 2789 1169 2820 Musarum
1192 2787 1349 2829 sacerdos]
1378 2786 1500 2820 Poetae
1528 2786 1620 2821 enim

917 2839 1095 2872 Musarum
1118 2842 1199 2872 sunt
1222 2838 1366 2873 ministri
1382 2842 1418 2872 et
1434 2837 1621 2881 antistites,
