1916 3262
465 289 672 321 HonA'ru
703 288 979 320 CARmNUM
1014 289 1109 320 mn.
1142 289 1215 319 ιιι.
1245 281 1287 320 5.
1488 283 1600 325 1443

151 391 228 422 qnae
254 382 326 413 sola
348 382 437 414 inter
459 383 628 414 elementa
645 383 738 412 motu
754 380 848 412 nullo

151 432 313 472 agitetur.
337 433 412 466 Qua
428 432 559 464 ratione
573 432 583 449 ‘
596 429 749 462 brutam’
766 439 847 471 quo-

151 490 219 523 que
233 482 385 524 appellat
396 491 422 514 1.
435 481 502 514 od.
515 483 566 514 34.
575 489 710 522 gravem
725 488 847 520 nempe

150 542 191 564 ac
220 534 363 565 tardam.
398 532 541 565 Torreat.
585 530 738 571 Inertem]
762 530 849 562 Ter·

153 593 226 616 ram
241 584 457 617 immobilem.

193 637 237 667 46
258 635 430 676 Regnaque
453 632 575 674 triuio]
605 633 658 665 De
675 637 768 665 statu
785 642 848 664 sno

151 694 286 726 semper
301 685 456 717 sollicita.
481 684 569 716 Nam
585 685 594 702 ‘
609 693 752 724 regnum
770 683 848 715 tris·

149 734 211 774 te‚'
235 743 301 765 non
323 732 463 773 inferos,
483 732 543 764 sed
567 733 784 774 tyrannidem
800 733 849 764 in·

151 787 362 825 terpretatur
376 782 563 824 Crnqnius:
587 782 690 824 idque
708 787 850 823 propter

147 831 187 864 τὸ
199 832 313 870 urbeis,
335 841 418 873 quas
437 831 552 863 inferis
568 842 635 864 non
650 839 733 873 apte
749 843 848 873 posse

147 881 313 922 conjungi
325 880 450 913 credit.
466 882 574 922 Regna
587 882 710 923 tristia]
724 882 849 914 Sedem

146 929 346 971 inferorum,
363 931 420 962 ubi
435 932 550 963 omnia
564 937 644 963 sunt
658 933 782 963 tristia.

188 983 231 1012 4⁷
257 982 469 1022 Mor-talesque
497 982 634 1023 turmas]
671 982 851 1022 Quotquot

149 1031 220 1064 vidi
234 1031 444 1072 exemplaria
457 1035 576 1063 turmas
587 1031 726 1064 habent.
750 1032 850 1063 Lam·

149 1081 248 1112 binus
262 1081 370 1113 turbae
383 1081 481 1122 legit.
505 1082 649 1114 Torreat.

192 1133 236 1163 48
260 1131 395 1173 Imperio
410 1141 489 1164 unus
501 1133 605 1173 oequo]
639 1132 736 1164 sotus
750 1131 851 1174 Jupi-

156 1186 223 1212 ter.
610 1196 617 1199 ·

192 1232 236 1261 49
258 1230 413 1270 Magnum
425 1230 481 1262 illu
494 1231 660 1272 terrorem]
684 1230 746 1262 Vis
760 1230 852 1263 enim

151 1281 375 1322 potentiaque
399 1282 546 1322 primum
568 1286 734 1313 terrorem
757 1282 851 1313 incu-

150 1330 252 1370 tiunt,
275 1330 335 1361 sed
357 1331 484 1362 collata
499 1330 680 1371 prudentia
692 1331 851 1362 consilio-

151 1389 229 1420 que,
256 1379 352 1411 dicto
377 1379 478 1411 citius
499 1383 720 1415 evanescunt,
743 1379 851 1410 instar

150 1428 265 1460 bullae.
289 1429 388 1469 στας.
433 1428 590 1467 Magnum
610 1428 666 1460 itu:
681 1429 848 1470 terrorem]

150 1476 248 1508 Ordo
269 1481 344 1510 est:
369 1477 434 1509 Illa
456 1477 628 1510 ,Iuventus
649 1477 785 1509 horrida
812 1477 849 1509 fi-

148 1526 233 1560 deus
245 1526 404 1566 brachiis,
414 1536 572 1568 magnum
585 1531 750 1558 terrorem
759 1527 850 1559 intu-

149 1577 237 1608 lerat
251 1575 341 1608 Jovi.
386 1575 552 1617 [Guelph.
567 1577 738 1618 intulerit.]

192 1629 231 1658 ⁶1
258 1625 449 1666 Fran-esque
463 1626 638 1667 tendentes]
673 1627 853 1667 Gigantes,

153 1684 196 1707 ex
212 1679 304 1707 terra
319 1676 390 1707 nati
406 1686 414 1706 :
440 1676 689 1708 contendentes
701 1682 851 1708 montem

151 1727 259 1758 monti
271 1727 458 1768 imponere.
485 1728 605 1769 Opaco]
619 1728 768 1769 Olympo
781 1738 852 1759 trin-

153 1775 268 1808 broso.

194 1827 236 1856 53
255 1824 422 1866 Typhoeua]
429 1825 614 1866 Typhoeus,
624 1826 761 1865 Mimas,
769 1826 854 1856 Por-

154 1874 313 1914 phyrion,
330 1874 487 1914 Rhoecus,
500 1875 694 1906 Enceladus
705 1879 782 1906 sunt
795 1884 854 1906 no·

155 1923 246 1955 mina
261 1923 445 1964 gigantum.

197 1976 240 2005 ⁵4
262 1973 386 2004 Minuci
406 1974 609 2015 Porphyrion
632 1974 735 2015 statu]
772 1974 856 2016 Ipsa

154 2023 390 2063 magnitudine
406 2023 640 2063 formidabilis,
665 2028 702 2055 ut
724 2026 733 2042 ‘
747 2025 855 2056 minas

154 2081 326 2104 murorum
337 2076 347 2090 ’
361 2073 406 2104 ob
421 2074 639 2106 altitudinem
655 2074 742 2106 dixit
759 2075 855 2115 Virg-

153 2131 194 2154 ae
209 2122 254 2154 de
267 2123 354 2163 Epei
367 2123 540 2155 machina:
558 2125 568 2142 ⁴
582 2123 779 2166 Mediaeque
792 2125 855 2155 mi-

154 2181 238 2203 nans
251 2172 403 2204 illabitur
419 2172 519 2205 urbi!
544 2173 687 2206 Torreat.
730 2173 856 2205 Minuci

154 2221 254 2263 stata]
276 2221 415 2263 Ingenti
429 2226 573 2254 statura.

197 2274 240 2302 65
265 2271 350 2307 Quid
364 2271 513 2312 Rhoecus]
546 2272 655 2303 Roetus
671 2272 854 2314 legendum

157 2328 231 2351 esse
246 2319 405 2351 admonui
419 2329 461 2352 ιι.
477 2320 547 2352 Od.
561 2323 614 2352 19.
670 2322 857 2363 Evulsisque

159 2369 293 2409 mucia]
317 2369 506 2400 Enceladus
521 2374 590 2401 tam
606 2369 673 2402 fnit
685 2371 855 2412 robustus,

160 2421 199 2448 ut
215 2417 351 2448 arbores
372 2417 565 2450 eradicatus
585 2418 800 2459 jacularetur
822 2421 856 2452 in

160 2465 289 2498 hostes.

205 2517 248 2546 56
269 2515 458 2556 Enceladus]
483 2515 551 2547 Hic
572 2526 706 2558 quoque
722 2519 860 2560 Virgilii

162 2564 318 2595 versibus
350 2563 555 2603 notissimus,
588 2567 859 2608 quandoquidem

162 2613 212 2646 illi
228 2613 362 2645 AEtnam
377 2617 526 2644 montem
542 2613 715 2655 imposuit,
728 2615 859 2649 AEueid.

164 2672 220 2695 ιιι.
242 2669 276 2694 et
299 2663 435 2694 Famam
456 2672 606 2695 sororem
627 2665 735 2705 dedit,
749 2666 860 2698 Terra

163 2718 285 2745 matre.
309 2713 455 2750 Tment.

207 2766 248 2796 57
273 2764 414 2795 Palladis
425 2763 544 2804 oegida]
578 2764 633 2795 De
649 2764 769 2805 AEgide
790 2764 861 2797 dic-

166 2818 236 2846 tum
252 2822 278 2845 ι.
292 2814 360 2846 Od.
378 2816 430 2845 15.
476 2813 554 2846 Hoc
578 2819 708 2847 tantum
732 2815 787 2848 hic
811 2815 862 2847 di·

897 389 984 416 cam,
1000 389 1078 411 cum
1100 379 1145 412 de
1172 380 1359 421 Gigantum
1383 381 1601 426 belloloqua·

899 434 966 469 tur,
983 438 1050 461 non
1065 429 1147 461 satis
1171 435 1266 462 recte
1290 430 1398 462 videri
1419 441 1496 464 euin
1521 433 1600 465 Pal-

898 478 1008 510 ladem
1026 479 1135 520 aegide
1153 489 1324 512 armasse:
1362 481 1396 512 id
1413 481 1503 514 enim
1519 487 1600 516 tunc

897 529 994 562 Jovis
1008 534 1143 561 scutum
1160 529 1225 561 fuit
1239 541 1247 561 :
1271 530 1362 572 quod
1379 536 1501 572 postea
1514 531 1603 563 bello

896 580 1044 620 Trojano
1060 580 1194 611 Palladi
1210 580 1359 613 donavit.
1402 581 1492 613 Vide
1504 582 1602 614 Serv.

898 629 1031 662 AEneid.
1049 638 1131 662 νιιι.
1165 631 1174 647 ‘
1188 630 1375 672 AEgidaque
1398 630 1602 672 horrificam,

899 680 1047 711 turbatae
1062 679 1213 711 Palladis
1229 680 1344 712 arma.'
1389 681 1464 712 Nec
1480 681 1602 724 mirum

897 729 989 761 idem
1013 730 1146 761 Palladi
1173 731 1262 772 quod
1285 730 1364 764 Jovi
1385 736 1519 763 scutum
1544 732 1603 763 tri·

898 779 969 820 bui,
985 786 1167 822 postquam
1190 782 1295 813 etiam
1315 780 1456 813 fulmine
1472 787 1602 813 armata

898 829 931 860 in
971 830 1117 862 vetustis
1162 831 1390 863 monumentis
1439 832 1602 863 cernitur.

899 880 1042 913 Tor-rent.
1100 881 1236 922 AEgida]
1273 882 1405 914 Contra
1432 881 1600 913 Minervae

898 932 1068 973 clypeum,
1083 942 1149 973 quo
1169 932 1309 973 Jupiter
1329 932 1434 964 etiam
1452 941 1531 963 usus
1547 937 1601 963 est

898 986 1020 1014 contra
1047 982 1212 1023 gigantes.
1264 983 1393 1014 Contra
1420 982 1517 1015 Jovis
1549 992 1602 1014 sa-

898 1031 1063 1072 pientiam
1079 1031 1127 1062 nil
1142 1036 1284 1072 possunt
1299 1032 1467 1072 gigantes.

940 1085 983 1114 58
1012 1083 1166 1123 Ruentes]
1203 1082 1257 1114 Ad
1279 1086 1406 1114 terram
1438 1087 1600 1114 ruentes:

902 1133 955 1163 vel
983 1133 1235 1164 inconsiderate
1262 1132 1450 1164 venientes.
1499 1130 1601 1171 Hinc]

901 1182 954 1214 Ex
971 1187 1069 1224 parte
1085 1182 1180 1215 Jovis
1195 1181 1229 1213 in
1246 1182 1310 1212 liae
1326 1190 1450 1222 pugna.
1480 1182 1604 1213 Avidus

900 1232 1006 1273 stetit]
1026 1232 1201 1263 Vulcanus
1218 1230 1349 1262 dicitur
1364 1230 1484 1262 avidus
1501 1240 1603 1271 prop-

902 1286 955 1313 ter
971 1281 1058 1322 ignis
1074 1280 1298 1322 rapacitatem
1314 1291 1322 1310 z
1346 1280 1399 1311 vel
1423 1280 1502 1321 quia
1520 1290 1604 1320 pug-

899 1340 952 1362 nae
983 1335 1036 1361 est
1067 1330 1197 1362 avidus.
1246 1329 1387 1369 [Panem
1417 1328 1516 1361 codd.
1548 1339 1604 1369 ap.

897 1378 1036 1418 Jaeck.]

940 1430 983 1458 59
1002 1428 1152 1459 Matrona
1160 1427 1261 1468 Juno]
1278 1428 1390 1460 Vocat
1403 1428 1493 1459 illam
1510 1433 1519 1447 ‘
1533 1436 1604 1459 ma·

900 1476 1056 1517 tronam‚’
1072 1478 1124 1508 vel
1136 1478 1215 1518 quia
1228 1477 1452 1509 matrimoniis
1465 1484 1606 1518 praeest‚

901 1525 992 1557 unde
1029 1530 1065 1558 et
1102 1528 1112 1544 ‘
1127 1527 1302 1567 pronuba'
1339 1533 1376 1559 et
1411 1528 1534 1568 ‘juga’
1569 1534 1606 1560 et

899 1575 1054 1607 ‘cinxia’
1086 1585 1107 1607 a
1139 1576 1311 1616 Romanis,
1343 1576 1394 1608 uti
1425 1587 1444 1608 a
1473 1577 1606 1609 Graecis

899 1626 1042 1667 γαμηλία
1056 1632 1092 1660 et
1107 1626 1202 1667 ζυγία
1216 1627 1311 1658 dicta
1321 1633 1388 1666 est,
1403 1627 1413 1644 ‘
1425 1627 1478 1658 cui
1493 1628 1605 1658 vincla

897 1677 1027 1718 jugalia
1051 1675 1162 1708 curae’
1177 1682 1314 1707 essent:
1340 1677 1394 1707 vel
1409 1676 1605 1717 quodjusta

902 1725 1000 1757 Jovis
1038 1735 1134 1758 uxor.
1181 1726 1238 1756 Sic
1275 1725 1364 1757 euim
1402 1725 1477 1765 ipsa
1514 1726 1605 1765 apud

904 1774 1007 1805 Ovid.
1031 1774 1122 1804 Fast.
1146 1783 1198 1805 νι.
1231 1774 1290 1805 ‘Si
1316 1779 1410 1805 torus
1435 1774 1469 1805 in
1496 1774 1607 1814 pretio

904 1827 969 1862 est,
980 1823 1077 1854 dicor
1088 1828 1242 1854 matrona
1253 1823 1444 1855 Tonantis.’
1462 1824 1606 1855 Torreat.

904 1871 1077 1912 [Volcanus
1112 1872 1296 1912 Bamberg.
1338 1873 1393 1904 cui
1435 1874 1606 1905 consentit

905 1921 1169 1962 Mitscherlich.]

947 1974 989 2003 00
1021 1971 1189 2002 Positum-s
1220 1970 1341 2011 arcum]
1386 1971 1513 2012 Apollo
1549 1972 1606 2013 qui

905 2030 1042 2061 semper
1054 2031 1171 2052 arcum
1187 2026 1313 2060 gestat.

947 2074 988 2102 61
1022 2071 1107 2103 Rore
1138 2071 1302 2111 castulioej
1338 2071 1480 2103 ‘Roris'
1508 2081 1607 2103 voca-

906 2121 987 2152 bulo
1016 2121 1126 2153 utitur
1155 2121 1334 2158 Horatiae,
1356 2131 1422 2152 non
1450 2127 1520 2153 tam
1544 2132 1607 2162 pro

905 2171 971 2202 levi
981 2171 1088 2202 solum
1099 2171 1282 2211 aspergine
1293 2181 1354 2211 per
1362 2172 1607 2212 metaphoram,

906 2230 1006 2262 quam
1030 2229 1093 2261 pro
1115 2221 1246 2261 ingenti
1270 2221 1370 2261 copia
1397 2221 1549 2263 liquoris,
1568 2227 1606 2253 ut

906 2271 916 2287 ‘
930 2270 1080 2302 rorantia
1095 2269 1246 2302 fontibus
1264 2270 1386 2311 antra,'
1402 2271 1487 2303 dixit
1503 2271 1606 2303 Ovid.

908 2319 1052 2351 Torrent.
1097 2319 1183 2351 Rore
1202 2329 1282 2360 puro
1306 2320 1468 2361 Castalioe]
1507 2321 1607 2362 Aqua

907 2369 1040 2400 sincera
1070 2367 1174 2400 fontis
1202 2370 1356 2409 Castalii,
1378 2371 1427 2402 sic
1455 2371 1559 2410 dicta,
1588 2381 1607 2401 a

907 2419 1059 2450 Castalia
1074 2419 1200 2459 puella,
1216 2428 1315 2459 quam
1331 2420 1456 2461 Apollo
1472 2421 1608 2452 adama·

908 2467 969 2499 vit·

951 2519 994 2547 62
1019 2516 1130 2547 Crines
1148 2517 1278 2557 solutos]
1315 2518 1434 2549 Crines
1460 2517 1607 2549 humeris

909 2575 1056 2606 sparsos.
1102 2565 1209 2606 Lyciae
1225 2567 1324 2606 tenet]
1348 2566 1390 2597 In
1412 2565 1516 2606 Lycia
1530 2565 1606 2597 fons

910 2620 962 2647 est
992 2615 1174 2646 Castalius.
1238 2616 1391 2655 [Deserta
1425 2615 1607 2655 Bamberg.

907 2664 1104 2697 Markland.
1115 2665 1162 2695 sic
1173 2665 1402 2705 interpungit:
1415 2665 1607 2705 natalemque

908 2714 1019 2745 silvam
1034 2713 1156 2753 Delius,
1170 2717 1202 2744 et
1218 2714 1310 2755 Pat.]

951 2767 992 2795 63
1019 2764 1222 2804 Natalemque
1240 2764 1373 2805 sylvam]
1394 2764 1544 2805 Sylvam,
1570 2766 1603 2796 in

910 2823 976 2856 qua
991 2818 1087 2846 natus
1102 2819 1155 2846 est
1169 2814 1424 2856 Apollo‚dictus
1439 2815 1603 2848 Patareus
