1930 3204
491 296 696 329 noRA'rn
730 295 1013 326 GARMlNUMe
1038 297 1131 326 mn.
1164 297 1231 327 iv.
1263 287 1329 326 10.

178 391 241 422 bus
256 391 416 432 imperat,
431 391 488 433 qui
507 391 715 423 honestatem
730 387 875 429 praefert

177 442 333 482 utilitati,
346 442 403 483 qui
417 442 585 473 hominum
599 439 790 471 nocentium
801 448 874 470 rnu-

177 492 314 524 neribus
330 501 396 523 non
413 491 650 532 corrumpitur.

219 544 262 573 42
284 541 361 573 Auo
370 542 472 583 vultu]
497 542 622 573 Erecto
634 539 741 576 vultu,
757 543 792 570 et
805 539 876 571 ani—

178 602 234 624 mo
248 593 396 624 excelso.
444 593 531 623 Nam
546 590 604 622 alti
627 589 730 620 animi
748 595 800 621 est
815 598 874 630 pe-

178 642 313 673 cuniam
342 646 574 674 contemnere.
617 640 713 681 [Duo
739 639 874 671 Vandd.

179 701 236 732 ap.
256 691 379 731 Bothe,
399 690 590 730 Deice-itque.
621 689 772 730 Guelph.
815 690 876 721 Re-

169 740 309 781 jecitque
322 741 397 771 auo.
419 739 599 778 Bamberg.
612 739 799 779 nocentum]

221 792 263 822 ⁴3
288 790 354 822 Per
373 789 542 820 obstanteie
559 788 715 829 catervas]
737 788 878 829 Cupidi-

178 839 231 871 nis
246 839 499 879 voluptatisque
518 838 756 870 illecebrarum
773 839 878 879 agmi-

176 898 223 920 na
245 887 414 928 intelligo,
437 897 515 929 quae
538 886 636 919 fortis
659 892 696 920 et
719 893 878 920 constans

177 937 318 974 animus,
330 937 466 976 virtutis
477 938 664 969 instructus
678 937 790 976 armis,
802 947 879 978 per-

178 992 316 1029 rumpat
330 997 371 1019 ac
387 987 532 1028 palmam
554 986 702 1019 auferat.
746 987 879 1019 Notan-

176 1037 324 1079 dumque
337 1037 371 1068 in
382 1037 536 1068 omnibus
547 1038 632 1068 Mss.
650 1042 727 1076 post
739 1038 879 1069 verbum

178 1086 259 1126 vid-i,
275 1091 311 1117 et
335 1090 413 1126 post
428 1086 569 1117 verbum
593 1087 694 1124 vultu,
709 1087 828 1119 abesse
849 1091 880 1119 et

179 1134 379 1175 particulam
416 1136 555 1168 minime
591 1142 687 1168 certe
723 1146 880 1169 necessa-

180 1184 276 1216 riam.
299 1185 443 1217 Torreat.
487 1185 552 1216 Per
563 1185 717 1218 obstantes
726 1188 881 1228 catervas]

179 1233 250 1265 Per
275 1234 421 1265 mediam
447 1235 589 1266 hostium
612 1236 731 1277 aciem,
760 1237 795 1269 id
817 1243 882 1278 est,

179 1292 242 1324 per
265 1293 415 1324 munera,
437 1288 473 1315 et
496 1285 695 1325 largitiones
721 1291 881 1328 tauquam

180 1333 293 1365 victor
316 1334 527 1373 exprompsit
552 1343 613 1365 sua
630 1344 735 1374 arma,
759 1336 794 1367 id
818 1342 881 1376 est,

181 1391 277 1414 suam
306 1382 541 1422 integritatem
565 1386 602 1414 et
625 1383 880 1416 abstinentiam.

180 1431 246 1462 Est
281 1430 411 1471 optima
448 1429 635 1471 Allegoria.
679 1432 796 1473 [Vultu
823 1443 882 1474 per

179 1480 367 1522 Bamberg.
381 1486 418 1512 et
430 1481 598 1523 Guelpli.]

221 1534 262 1563 45
291 1531 362 1562 Non
378 1530 598 1573 possidentem,
622 1531 690 1573 ξω]
714 1533 882 1565 Ostendit

175 1579 306 1617 ,divites
320 1590 386 1612 nou
403 1583 497 1612 recte
512 1581 581 1612 dici
597 1581 729 1618 beatos,
745 1583 804 1614 sed
822 1592 881 1614 eos

180 1630 239 1672 qui
253 1629 427 1671 sapientes
443 1635 536 1670 sunt,
550 1630 715 1673 donisque
729 1633 882 1665 Deorum

181 1685 259 1714 cum
273 1681 511 1714 mediocritate
529 1683 683 1722 utuntur,
699 1689 883 1724 pauperta-

182 1736 252 1763 tem
277 1740 344 1763 non
370 1732 479 1763 minus
504 1741 602 1772 aequo
620 1732 732 1762 animo
753 1731 884 1772 ferunt,

184 1790 286 1822 quam
314 1781 474 1812 divitias:
501 1781 584 1811 mori
613 1781 756 1819 malunt,
784 1791 884 1821 quam

183 1829 360 1870 indignum
395 1829 527 1861 facinus
563 1829 596 1859 in
627 1837 663 1859 se
691 1829 886 1861 admittere.

186 1878 369 1917 Figulinus.
414 1878 630 1909 Possideutem
651 1879 748 1909 multa
762 1889 887 1911 vocave-

183 1926 247 1967 ris]
272 1927 350 1958 Non
363 1931 459 1958 recte
475 1926 650 1958 vocaveris
665 1927 817 1968 beatum,
830 1929 887 1970 qui

186 1976 295 2008 multa
312 1976 474 2017 possidet.

229 2028 273 2057 46
296 2025 425 2057 Rectius
439 2025 581 2066 occupat]
604 2026 746 2059 Merito.

227 2076 272 2106 49
295 2074 394 2105 Callet
418 2075 596 2115 pauperiem
620 2075 704 2115 pati]
726 2075 839 2116 Sapit,
852 2080 888 2108 et

187 2127 288 2156 acute
305 2124 410 2155 novit.

228 2177 271 2205 50
302 2174 458 2214 Peiusque
482 2174 564 2205 letho
584 2174 751 2215 flagitium
780 2175 885 2215 timet]

184 2224 232 2256 Et
248 2223 493 2265 turpitudinem
518 2223 590 2254 odit
607 2223 704 2264 pejus
729 2224 835 2260 letho,
851 2224 884 2255 id

185 2277 252 2312 est,
261 2272 346 2304 mori
361 2272 492 2314 maluit,
504 2282 603 2314 quam
614 2271 780 2312 flagitium
795 2282 884 2304 com·

186 2322 337 2354 mittere.

229 2373 271 2402 51
297 2371 369 2402 Non
383 2371 438 2402 ille
450 2380 506 2410 pro
529 2370 646 2409 charis]
669 2366 746 2410 Ille,
770 2370 805 2401 id
819 2375 887 2411 est,

188 2418 240 2450 vir
264 2419 341 2451 talis
356 2429 422 2450 non
448 2420 546 2450 timet
571 2420 658 2450 mori
674 2429 736 2459 pro
760 2420 887 2460 amicis,

191 2471 249 2498 aut
262 2468 384 2508 patria.
428 2467 486 2508 [52
502 2468 579 2498 Duo
589 2468 725 2500 Vandd.
742 2479 761 2500 a
774 2479 818 2500 m.
835 2479 886 2511 pr.

191 2519 227 2547 et
241 2517 285 2548 al.
299 2526 355 2556 ap.
373 2516 395 2549 J
399 2517 496 2552 aeck,
509 2517 656 2558 peribit]

193 2565 277 2598 Onu
306 2574 342 2598 x.
380 2565 539 2606 Ἐρωτική.
583 2567 640 2598 An
668 2568 887 2601 Lreunmum

234 2623 387 2647 nonnum
408 2624 620 2647 SPEclOSUM.
658 2618 824 2649 Futurum
839 2618 888 2650 di-

235 2664 295 2705 cit,
323 2670 362 2696 ut
394 2666 592 2706 Ligurinum
623 2676 692 2698 suae
729 2667 890 2699 adversus

236 2718 406 2746 amatores
457 2717 658 2756 arrogantiae
712 2717 892 2758 poeniteat,

236 2773 311 2795 cum
327 2763 387 2795 flos
403 2765 515 2796 aetatis
532 2775 601 2796 stra*
623 2767 807 2798 exaruerit.

236 2813 352 2847 Primo
380 2814 478 2855 liujus
499 2849 501 2851 ,
519 2814 614 2848 Libri
651 2816 808 2848 Carmine
842 2825 892 2857 se,

1510 288 1621 330 1519

923 395 1124 428 quamquam
1148 387 1222 427 jam
1246 392 1491 423 senescentem,
1522 390 1620 428 Ligu-

926 436 990 467 rini
1015 446 1130 467 amore
1149 437 1299 478 torqueri
1318 438 1369 468 vel
1386 437 1528 468 invitum
1544 449 1625 470 con-

925 485 1036 517 fessus
1061 492 1127 526 est,
1151 496 1240 518 nunc
1269 487 1375 518 veluti
1395 496 1431 517 se
1460 488 1624 518 ulciscens

925 545 1066 576 puerum
1082 536 1256 575 admonet,
1271 546 1313 567 ne
1341 535 1459 567 formae
1484 537 1623 567 nimium

925 587 1099 626 confidat;
1134 587 1283 618 futurum
1306 588 1395 618 enim
1426 593 1462 618 ut
1484 597 1524 618 ea
1548 597 1625 619 mox

925 632 1092 677 pereunte
1122 637 1290 678 superbiae
1316 638 1424 676 ipsum
1448 638 1623 677 poeniteat.

928 688 1076 719 Torreat.
1121 686 1190 727 [Ad
1205 688 1393 727 Ligurinum
1416 698 1544 729 puerum
1558 698 1625 729 spe-

925 737 1037 768 ciosum
1052 737 1253 778 Bamberg.]

970 789 987 818 1
1013 786 1199 818 Muneribus
1224 787 1347 827 potens]
1376 787 1627 828 Pulcritudine,

928 840 964 868 et
978 835 1088 868 forma
1104 842 1238 878 potens.

969 889 990 918 2
1013 887 1128 918 Pluma
1162 887 1329 928 superbioe]
1361 888 1473 920 Quum
1511 887 1626 920 barbae

928 937 1065 979 lanugo,
1090 948 1191 978 quem
1218 938 1329 970 adhuc
1352 948 1417 969 nou
1445 939 1556 977 times,
1572 948 1630 970 ve-

928 988 1013 1029 niet,
1037 993 1074 1020 et
1096 989 1280 1029 adjicietur
1304 994 1372 1020 tuae
1393 989 1576 1029 superbiae,
1594 988 1629 1020 id

929 1043 994 1074 est,
1017 1038 1150 1069 levitati
1168 1038 1234 1069 oris
1251 1042 1286 1070 et
1302 1038 1454 1079 corporis
1470 1039 1531 1069 tui.
1569 1038 1631 1068 Su·

926 1086 1043 1126 perbioe
1058 1088 1136 1128 tuae]
1157 1087 1199 1118 Id
1216 1091 1282 1127 est,
1300 1088 1362 1118 tibi
1385 1087 1556 1128 superbo:
1580 1087 1630 1118 sic

930 1136 1019 1166 enim
1045 1137 1229 1177 loquuntur
1250 1137 1370 1177 optimi
1396 1146 1489 1177 saepe
1513 1141 1631 1168 aucto·

931 1194 997 1216 res.
1022 1186 1224 1217 ‘Plumam'
1256 1196 1337 1218 vero
1368 1187 1457 1218 illam
1487 1188 1630 1228 primam

931 1235 1188 1275 pubescentium
1213 1237 1403 1278 lanuginem
1420 1241 1540 1276 vocat;
1564 1246 1633 1268 mo·

932 1284 1063 1316 destius
1090 1295 1182 1325 sane,
1210 1295 1309 1326 quam
1340 1286 1349 1303 ‘
1367 1287 1492 1326 capitis
1519 1285 1632 1317 nives'

933 1342 996 1372 pro
1032 1334 1158 1364 canitie
1206 1333 1305 1366 dixit.
1361 1334 1560 1375 [Bamberg.
1595 1339 1632 1366 et

932 1382 1164 1414 Selmenborn.
1180 1385 1212 1414 2.
1227 1393 1297 1414 cum
1308 1383 1441 1422 veniat-J

975 1432 994 1461 3
1019 1430 1076 1470 Et,
1091 1441 1158 1471 «μισ
1174 1432 1268 1472 nunc]
1294 1433 1338 1464 Et
1354 1442 1431 1463 cum
1456 1432 1508 1463 vir
1523 1430 1633 1463 factus

932 1479 1012 1519 eris,
1035 1484 1072 1511 et
1098 1480 1242 1512 detonsa
1268 1481 1335 1513 erit
1353 1491 1550 1522 coma,quae
1574 1481 1635 1512 hu-

932 1530 1034 1560 meris
1062 1530 1129 1562 tuis
1151 1531 1222 1571 ,iam
1252 1541 1350 1571 passa
1367 1536 1420 1563 est
1443 1537 1479 1562 et
1500 1530 1633 1563 diffusa.

933 1578 1064 1610 ‘Pueri
1091 1580 1274 1611 coucubini
1313 1580 1500 1621 puellarum
1538 1589 1632 1612 more

933 1637 1062 1659 comam
1080 1629 1240 1661 alebant!
1284 1630 1437 1661 Humerus
1451 1629 1636 1670 involitans]

933 1678 989 1709 Sic
1016 1678 1057 1709 de
1092 1678 1192 1719 Gyge
1228 1689 1335 1719 puero
1363 1688 1403 1710 n.
1435 1679 1504 1710 Od.
1535 1683 1567 1709 5.
1599 1684 1636 1710 et

935 1727 1003 1757 alio
1027 1727 1172 1767 quodam
1194 1736 1254 1758 ιιι.
1276 1727 1344 1759 Od.
1362 1730 1415 1758 20.
1462 1727 1563 1767 Apud
1579 1737 1638 1758 ve·

937 1781 1029 1806 teres
1049 1777 1137 1807 enim
1161 1778 1256 1817 pueri
1281 1787 1346 1808 nou
1374 1776 1539 1817 impudici
1563 1781 1638 1808 tau-

938 1830 1023 1865 tum,
1039 1826 1165 1867 quique
1188 1827 1232 1857 ad
1248 1827 1389 1867 cyathos
1414 1826 1566 1866 stabant,
1576 1826 1637 1857 sed

937 1878 973 1904 et
983 1875 1119 1914 ingenui
1135 1879 1237 1916 atque
1252 1876 1392 1907 honeste
1405 1876 1526 1917 habiti,
1538 1886 1638 1917 poene

937 1924 1128 1964 puellarum
1152 1924 1186 1955 iu
1204 1934 1329 1956 morem
1346 1935 1476 1957 comam
1492 1935 1553 1966 per
1564 1935 1638 1957 cet·-

937 1973 1047 2004 vicem
1077 1978 1182 2014 atque
1212 1974 1368 2006 humeros
1401 1975 1640 2007 demittebant.

937 2023 1039 2054 Unde
1055 2023 1202 2055 ‘comati
1216 2024 1226 2038 ’
1239 2034 1372 2066 quoque
1388 2029 1424 2057 et
1441 2026 1450 2042 ‘
1467 2026 1622 2066 capillati
1634 2027 1642 2042 '

936 2071 1134 2112 impuberes
1164 2083 1258 2114 saepe
1295 2074 1527 2115 appellantur.
1571 2075 1639 2106 Ve-

938 2130 1011 2152 rum
1027 2121 1165 2153 delicati
1191 2131 1230 2153 ac
1254 2123 1371 2154 molles
1391 2124 1521 2165 majore
1546 2133 1642 2164 cura,

938 2180 978 2201 ac
989 2170 1116 2202 diutius
1127 2181 1262 2213 quoque
1276 2182 1407 2204 comam
1421 2173 1639 2213 nutriebaut;

936 2229 1073 2261 semper
1095 2221 1247 2258 solliciti,
1278 2227 1317 2254 ut
1343 2222 1553 2263 virilitatem,
1574 2223 1640 2264 (sic

938 2270 1026 2301 enim
1057 2270 1191 2302 Plinius
1218 2271 1401 2313 loquitur,)
1438 2271 1640 2313 effugerent.

938 2319 1201 2351 Honestioribus
1218 2330 1311 2360 vero,
1333 2331 1411 2352 mox
1434 2325 1472 2352 ut
1496 2321 1640 2362 puberes

938 2367 1020 2399 facti
1036 2368 1183 2409 fueraut,
1198 2379 1304 2401 comae
1319 2370 1352 2400 in
1367 2370 1559 2411 pubertatis
1575 2371 1639 2410 sig-

938 2427 1018 2448 num
1047 2419 1331 2458 praecidebantur.
1376 2420 1485 2451 Porro
1516 2420 1641 2451 delica-

940 2469 1003 2499 tuli
1019 2469 1088 2508 isti,
1107 2479 1183 2500 cum
1209 2470 1261 2500 vel
1285 2473 1368 2500 aetas
1392 2478 1524 2500 amores
1553 2471 1642 2500 ultra

941 2528 1006 2549 non
1037 2519 1264 2558 permitteret,
1294 2519 1346 2550 vel
1373 2527 1514 2549 uxorem
1538 2518 1642 2549 duce-

942 2573 1020 2598 rent
1041 2567 1181 2607 domini,
1202 2577 1343 2608 quorum
1367 2567 1502 2598 libidini
1516 2568 1642 2598 servie-

942 2622 1032 2654 rant,
1059 2618 1189 2648 solenni
1219 2617 1364 2658 quodam
1397 2626 1491 2648 more
1521 2618 1640 2649 tonde-

943 2667 1090 2698 bantur:
1117 2667 1219 2708 idque
1245 2671 1283 2698 ut
1305 2667 1406 2699 fieret
1424 2667 1496 2708 ipsa
1522 2669 1642 2709 praeci-

942 2727 1010 2758 pue
1041 2726 1166 2758 sponsa
1196 2717 1421 2749 allaborabat.
1465 2717 1522 2749 Sic
1551 2718 1639 2749 euim

944 2768 1048 2799 Mart.
1076 2767 1086 2784 ‘
1106 2767 1275 2799 Flammea
1305 2771 1468 2798 texuntur
1496 2776 1640 2808 sponsoe,

937 2817 1007 2857 jam
1032 2817 1123 2849 taeda
1138 2822 1254 2859 parata
1274 2822 1348 2857 est3
1372 2817 1542 2850 Tondebit
1559 2828 1639 2860 pue-
