1982 3230
622 307 975 340 ammonianum
1014 308 1109 338 mn.
1143 308 1174 337 ι.
1206 297 1272 339 18.
1563 296 1677 339 1193

218 402 323 455 Qua
341 406 512 447 ratione
527 393 666 459 queas
685 403 912 445 traducere
934 403 1092 444 leniter
1113 413 1283 452 aevum3

217 471 293 513 Ne
311 477 355 513 te
376 485 548 527 semper
567 473 701 526 inops
722 473 862 526 agitet
881 476 1099 525 vexetque
1122 469 1301 524 cupido,

215 539 290 580 Ne
310 552 459 594 pavor,
480 545 527 582 et
545 553 690 581 rerum
711 539 989 581 mediocriter
1007 538 1178 579 utilium
1201 550 1331 591 spes:

214 605 435 648 Virtutem
455 607 651 649 doctrina
672 612 814 660 paret,
834 611 1044 648 naturane
1065 604 1232 646 donet:
1590 603 1674 645 100

215 672 341 724 Quid
362 674 529 716 minuat
549 687 696 724 curas,
719 675 825 728 quid
848 680 891 716 te
909 673 992 715 tibi
1013 671 1168 714 reddat
1189 672 1379 714 amicum
1406 684 1415 712 :

213 738 333 790 Quid
351 742 744 796 puretranquillet,
765 743 924 792 honos,
944 754 998 783 an
1020 740 1152 783 dulce
1173 740 1398 788 lucellum,

210 871 313 903 nime
325 883 338 910 ;
363 882 402 904 ne
418 875 449 904 te
466 873 626 914 perturbet
642 876 697 904 aut
712 874 830 905 cruciet
844 873 1000 915 cupiditas
1013 881 1134 913 semper
1151 881 1258 912 egens,
1285 873 1334 903 vel
1355 874 1467 909 metus,
1493 870 1541 901 vel
1555 869 1676 901 deside-

211 914 295 945 rium
308 924 412 946 reram
427 925 488 946 non
502 917 626 947 omnino
638 917 900 948 necessariarum.-
921 919 1027 947 atrum
1051 915 1186 947 eruditio
1208 925 1249 946 an
1275 917 1389 945 natura
1409 913 1559 944 virtutem
1573 912 1675 950 confe-

210 959 282 987 rat:
307 958 380 998 quid
395 958 548 990 diminuat
564 959 779 990 solicitudine-3
790 969 804 996 ;
827 959 901 1000 quid
924 962 955 990 te
979 958 1039 990 eibi
1064 957 1197 990 amicum
1219 958 1332 999 efficiat
1344 968 1355 989 .·
1370 957 1446 997 quid
1465 965 1571 987 veram
1586 958 1676 985 tran-

210 998 399 1039 quillitatem
413 1001 547 1042 tribuat,
558 1012 598 1033 an
613 1001 800 1041 dignitates,
815 1012 856 1033 an
870 1011 963 1033 suave
978 1002 1110 1042 lucrum,
1125 1011 1167 1033 an
1181 1001 1256 1032 vitoe
1271 1009 1368 1040 genus
1384 1002 1416 1030 et
1430 999 1514 1030 ratio
1528 999 1629 1029 latens
1644 1000 1675 1028 et

823 1087 1061 1100 eeeeeeeeee

210 1150 254 1181 96
269 1148 386 1181 Lamh.
404 1154 440 1181 et
458 1150 573 1183 Bentl.
593 1150 933 1192 percunctabere.—97
950 1150 1061 1183 Codd.
1076 1150 1229 1182 nonnulli
1246 1160 1302 1191 ap.
1320 1150 1439 1182 Lamb.
1463 1149 1676 1181 transducere.

209 1194 296 1223 —98
313 1191 400 1223 Num
415 1196 446 1224 te
463 1193 647 1235 Bamberg.
664 1195 799 1235 plurimi
814 1193 916 1226 codd.
932 1203 988 1234 ap.
1006 1194 1125 1234 Feam,
1142 1193 1199 1224 alii
1216 1193 1301 1225 Mss.
1317 1193 1407 1234 apud
1427 1191 1544 1224 Lamb.
1560 1192 1674 1222 Pulm.

211 1233 310 1275 Cruq.
329 1234 427 1266 Torr.
442 1235 518 1268 Val.
540 1236 661 1268 Oberl.
685 1237 944 1268 Commentator
960 1237 1186 1277 Cruquianus,
1212 1239 1368 1267 notatum
1396 1244 1438 1266 ex
1466 1235 1534 1266 Mu.
1560 1235 1595 1264 in
1617 1242 1678 1265 ora

211 1276 372 1308 editionis
388 1276 470 1309 Aldi
484 1281 578 1310 1519.
596 1279 629 1310 in
647 1279 738 1311 Bibl.
755 1277 847 1320 Aug.
866 1277 921 1311 Al.
947 1279 1016 1309 Nec
1032 1282 1074 1319 te,
1091 1278 1165 1309 Non
1180 1281 1223 1318 te,
1244 1279 1314 1309 Neu
1330 1281 1373 1318 te,
1391 1277 1446 1308 vel
1464 1277 1515 1308 Ne
1529 1279 1572 1315 te,
1588 1285 1676 1316 prae-

209 1319 325 1350 sertim
354 1320 446 1360 apud
471 1321 682 1353 recentiores
708 1321 859 1352 editores
875 1320 953 1351 inde
968 1321 1012 1351 ab
1029 1320 1119 1352 Aldo
1138 1323 1233 1351 1501.
1252 1327 1262 1339 ·
1279 1321 1289 1337 ‘
1306 1319 1411 1350 Haud
1428 1319 1676 1358 interrogative

209 1361 425 1396 scribendum
448 1367 544 1402 puto,
569 1363 674 1401 magis
700 1371 744 1392 ex
769 1366 842 1393 toto
865 1366 1052 1392 contextu:
1077 1362 1127 1392 ita
1149 1362 1184 1392 in
1211 1370 1310 1392 versu
1333 1361 1501 1401 sequenti.
1545 1360 1676 1391 Eadem

209 1404 358 1435 varietas
383 1404 475 1443 apud
507 1403 593 1435 Plin.
617 1404 651 1434 in
680 1403 812 1444 Paneg.
826 1406 877 1436 49.
902 1407 1006 1444 atque
1030 1403 1121 1444 apud
1141 1403 1226 1434 alios
1243 1407 1402 1434 auctores
1420 1401 1574 1442 passim)
1597 1402 1676 1433 Fen.

210 1445 284 1478 Neu
297 1448 328 1477 te
355 1444 453 1477 Harl.
468 1448 500 1478 3.
547 1441 620 1478 Non
645 1449 676 1477 te
705 1445 804 1477 Harl.
829 1448 862 1477 4.
895 1445 1131 1477 Schoenborn.
1147 1448 1179 1477 3.
1195 1447 1227 1478 4.
1250 1450 1287 1476 et
1313 1445 1394 1476 Vet.
1420 1444 1541 1476 Comb.
1565 1444 1618 1475 Ne
1645 1448 1676 1476 te

209 1486 402 1520 Harl-26.
418 1491 450 1519 ’1.
484 1488 584 1520 Baxt.
609 1488 717 1520 Gesn.
743 1488 852 1520 Zenn.
879 1488 1021 1529 Bipont.
1049 1488 1166 1520 Bentl.
1193 1488 1340 1528 Cuning.
1367 1486 1496 1519 Sanad.
1522 1487 1677 1525 Francis,

208 1530 353 1563 Wetzel.
369 1530 504 1563 Wakef.
520 1530 639 1563 eomb.
666 1531 774 1562 Kidd.
797 1530 923 1570 Jaeck,
939 1537 976 1562 et
993 1532 1238 1572 Doering.—99
1262 1530 1350 1562 Num
1367 1540 1466 1571 pavor
1490 1529 1676 1570 Bamberg.

208 1573 344 1613 plurimi
360 1573 462 1606 codd.
478 1583 533 1615 ap.
549 1574 665 1613 Feam,
680 1573 769 1615 quod
788 1574 844 1606 ille
862 1574 1005 1615 recepit.
1052 1574 1142 1606 Vide
1165 1574 1208 1605 ad
1235 1583 1284 1604 vs.
1309 1573 1578 1614 praecedentem.
1607 1572 1676 1603 Neu

201 1623 299 1655 pauor
315 1616 412 1648 Harl.
427 1619 458 1648 3.
494 1617 567 1648 Non
586 1627 686 1658 pavor
707 1617 988 1649 Schoenborn.&
1013 1619 1046 1647 4.
1079 1617 1179 1648 Harl.
1206 1619 1238 1648 2.
1265 1618 1298 1647 4.
1328 1621 1364 1647 et
1392 1616 1474 1647 Vet.
1503 1614 1671 1647 Comb.—

210 1659 272 1690 loo
295 1658 395 1691 Harl.
409 1661 442 1692 2.
458 1662 491 1691 6.
507 1664 543 1692 et
559 1659 696 1702 qnidam
715 1669 771 1701 ap.
787 1660 904 1700 Feam,
919 1664 1082 1691 naturave.
1129 1659 1201 1691 Alii
1215 1658 1317 1691 codd.
1334 1668 1392 1700 ap.
1407 1657 1568 1698 eundem,
1584 1660 1676 1688 nata-

871 1743 1015 1776 NOTAE

249 1809 292 1838 98
317 1806 411 1848 Inops
420 1806 547 1848 cupido]
571 1806 704 1838 Avarus
720 1807 810 1839 enim
827 1816 912 1838 sem·

208 1866 272 1898 per
287 1861 378 1898 eget,
388 1857 468 1888 dum
486 1863 554 1888 tarn
571 1857 603 1888 ei
619 1857 717 1888 deest
743 1857 834 1898 quod
855 1857 912 1887 lia-

209 1908 270 1940 bet
285 1917 384 1949 quam
401 1907 493 1949 quod
510 1917 576 1938 nou
593 1906 708 1938 habet.

252 1960 316 1990 100
359 1958 517 1990 Virtutem
544 1956 688 1988 doctrina
709 1960 813 1996 paret,
841 1956 911 1997 φὴ]

209 2008 366 2042 Quaestio
381 2012 435 2040 est
450 2017 469 2038 a
486 2006 661 2038 veteribus
686 2006 817 2047 agitata
837 2007 911 2047 plu-

207 2059 342 2090 rimum.
363 2057 493 2090 Tunius
505 2058 538 2088 in
551 2057 678 2088 Partit.
689 2057 789 2089 Orat.
800 2057 810 2074 ‘
820 2058 913 2090 Quo-

206 2117 284 2140 nam
302 2112 404 2149 pacto
425 2108 532 2140 virtus
546 2108 715 2149 pariatur,
731 2112 912 2148 naturane,

205 2168 247 2190 an
264 2159 411 2199 ratione,
421 2167 464 2190 an
481 2157 569 2190 usu!
598 2158 668 2190 Pro
681 2157 808 2190 Archia
824 2157 913 2190 Po‘e'-

207 2212 255 2249 ta,
276 2210 325 2242 sic
341 2214 478 2242 censet:
500 2211 510 2228 ‘
529 2209 662 2250 Saepius
679 2208 722 2240 ad
746 2209 911 2241 virtutem

205 2263 362 2292 naturam
377 2259 450 2291 sine
466 2259 635 2299 doctrina,
648 2269 747 2300 quam
763 2259 836 2290 sine
853 2269 910 2290 na-

205 2314 281 2342 tura
298 2309 440 2342 valuisse
457 2309 672 2341 doctrinam)
717 2309 765 2341 At
782 2310 912 2350 optime

205 2358 409 2394 Aristoteles
436 2359 470 2390 in
494 2359 554 2391 lib.
583 2359 697 2391 Ethic.
726 2359 768 2390 ad
802 2360 908 2391 Nico-

206 2410 317 2442 mach.
349 2410 417 2442 ait:
446 2410 604 2442 Virtutes
635 2411 781 2442 morales
807 2421 826 2442 a
853 2420 909 2442 na-

206 2463 284 2490 tura
306 2460 482 2492 inchoatas
507 2460 666 2492 doctrina
685 2467 720 2492 et
745 2470 808 2492 usu
831 2470 907 2502 per-

206 2508 275 2540 fici.

252 2560 311 2590 1⁰1
339 2558 426 2593 Quid
443 2559 562 2591 vannat
586 2559 692 2600 curas]
716 2560 853 2601 Nempe
880 2560 907 2591 si

207 2608 324 2650 paucis
339 2612 523 2639 contentus
540 2609 645 2649 vivas,
667 2610 692 2640 si
709 2611 792 2642 nihil
815 2610 909 2651 cupi-

207 2659 282 2690 dius
299 2662 458 2699 appetas,
472 2657 501 2688 si
512 2657 595 2688 nihil
609 2658 743 2690 humani
754 2666 816 2692 ate
828 2661 909 2692 alie-

206 2717 287 2740 num
303 2712 416 2748 putes.

251 2759 338 2795 Quid
360 2761 392 2790 te
413 2757 474 2790 tibi
490 2759 602 2790 reddat
616 2759 764 2800 amicum]
787 2760 866 2792 Tibi
881 2761 909 2791 si

205 2819 287 2842 vera
299 2809 388 2842 bona
397 2817 591 2849 compara,
603 2808 749 2842 virtutes
761 2810 909 2851 scilicet,

206 2870 286 2893 vere
300 2860 428 2894 amicus
444 2859 506 2892 tibi
524 2859 601 2892 eris.

1012 1809 1074 1838 102
1114 1806 1202 1842 Quid
1235 1816 1314 1847 pure
1350 1806 1549 1847 tranquillet]
1594 1806 1675 1838 Non

966 1861 1059 1887 certe
1086 1855 1193 1895 honos,
1224 1861 1282 1887 aut
1311 1857 1453 1887 tucrum.-
1491 1866 1569 1887 nam
1600 1856 1675 1888 liaec

966 1906 976 1923 ‘
993 1904 1117 1937 famem
1143 1906 1391 1946 importunam'
1424 1911 1460 1937 et
1487 1915 1608 1937 novam
1640 1906 1675 1937 in

967 1955 1040 1986 dies
1067 1954 1204 1987 ‘sitim’
1220 1954 1369 1987 afferunt
1395 1965 1532 1994 secum3
1556 1961 1595 1987 ut
1622 1959 1676 1987 est

966 2015 1069 2046 supra
1086 2015 1187 2037 versu
1208 2009 1261 2038 24.
1307 2006 1401 2040 Quid
1428 2008 1534 2048 ergo?
1555 2007 1674 2040 horum

964 2060 1179 2094 contemtu83
1202 2060 1211 2074 ‘
1228 2056 1275 2087 nil
1302 2057 1456 2088 conscire
1480 2056 1582 2096 sibi3’
1609 2060 1676 2091 ὅτε.

965 2115 1041 2148 quae
1062 2106 1142 2138 alibi
1167 2105 1279 2138 Poeta
1307 2111 1425 2139 noster
1446 2107 1536 2139 haud
1566 2110 1673 2140 semel

965 2157 1126 2188 asseruit.
1173 2156 1347 2189 Praeclare
1366 2158 1440 2190 Cic.
1457 2157 1500 2189 de
1517 2158 1630 2190 Finib.
1648 2158 1679 2191 ιζ

965 2216 1000 2238 n.
1024 2210 1077 2239 50.
1120 2207 1130 2224 ‘
1147 2207 1374 2248 Sapientiam,
1397 2208 1673 2249 temperantiam,

963 2256 1204 2289 fortitudinem
1248 2259 1426 2299 copulatas
1460 2268 1535 2290 esse
1570 2258 1672 2290 docui

964 2318 1041 2340 cum
1070 2309 1263 2349 voluptate,
1288 2313 1326 2340 ut
1349 2309 1393 2340 ab
1409 2318 1450 2340 ea
1464 2318 1527 2340 nec
1555 2308 1673 2340 divelli

963 2367 1027 2390 nec
1052 2358 1198 2389 distrahi
1223 2359 1366 2398 possint.
1410 2358 1468 2391 Sic
1496 2359 1540 2391 de
1562 2360 1673 2392 Justi-

964 2410 1011 2441 tia
1029 2409 1257 2451 judicandum
1283 2413 1350 2450 est,
1373 2419 1450 2450 quae
1477 2419 1542 2441 non
1570 2410 1672 2441 modo

962 2471 1134 2503 nunquam
1151 2465 1254 2492 nocet
1269 2460 1443 2503 cuiqnam,
1466 2461 1527 2492 sed
1549 2467 1673 2492 contra

963 2521 1100 2552 semper
1116 2511 1177 2542 alit
1202 2510 1330 2552 aliquid
1354 2515 1423 2542 tum
1442 2511 1474 2542 vi
1490 2520 1549 2542 sua
1567 2515 1671 2551 atque

962 2567 1097 2601 natura,
1120 2560 1210 2603 quod
1228 2560 1426 2601 tranquillet
1442 2561 1670 2599 animos,·tum

963 2621 1039 2652 spe,
1064 2611 1148 2642 nihil
1175 2619 1293 2641 earum
1319 2619 1431 2640 rerum
1459 2608 1670 2647 defuturum,

965 2673 1048 2703 quas
1087 2666 1209 2693 natura
1245 2661 1435 2700 depravata
1468 2659 1667 2692 desiderat:

965 2710 1250 2754 quemadmodum
1275 2709 1462 2747 temeritas,
1485 2709 1602 2746 libido,
1617 2710 1668 2752 ig-

965 2763 1063 2792 navia
1079 2769 1215 2799 semper
1239 2758 1388 2790 animum
1409 2760 1610 2792 excruciant
1627 2771 1669 2794 ae

965 2811 1150 2851 solicitant,
1160 2808 1437 2853 turbulentaeque
1453 2809 1557 2847 euml
1573 2812 1638 2847 ὅτε,
