<?xml version="1.0" encoding="UTF-8"?>
<!DOCTYPE html PUBLIC "-//W3C//DTD XHTML 1.0 Transitional//EN"
    "http://www.w3.org/TR/xhtml1/DTD/xhtml1-transitional.dtd">
<html xmlns="http://www.w3.org/1999/xhtml" xml:lang="en" lang="en">
 <head>
  <title>
</title>
<meta http-equiv="Content-Type" content="text/html;charset=utf-8" />
  <meta name='ocr-system' content='tesseract 3.04.00' />
  <meta name='ocr-capabilities' content='ocr_page ocr_carea ocr_par ocr_line ocrx_word'/>
</head>
<body>
  <div class='ocr_page' id='page_1' title='image "./operazeune03horauoft/operazeune03horauoft_0088.png"; bbox 0 0 1916 3262; ppageno 0'>
   <div class='ocr_carea' id='block_1_1' title="bbox 433 274 544 318">
    <p class='ocr_par' dir='ltr' id='par_1_1' title="bbox 433 274 544 318">
     <span class='ocr_line' id='line_1_1' title="bbox 433 274 544 318; baseline 0 0"><span class='ocrx_word' id='word_1_1' title='bbox 433 274 544 318; x_wconf 77' lang='grc'><strong>1234</strong></span> 
     </span>
    </p>
   </div>
   <div class='ocr_carea' id='block_1_2' title="bbox 426 377 1837 828">
    <p class='ocr_par' dir='ltr' id='par_1_2' title="bbox 433 377 1422 437">
     <span class='ocr_line' id='line_1_2' title="bbox 433 377 1422 437; baseline 0.009 -19"><span class='ocrx_word' id='word_1_2' title='bbox 433 377 532 428; x_wconf 82' lang='lat' dir='ltr'><strong>Quo</strong></span> <span class='ocrx_word' id='word_1_3' title='bbox 550 382 681 431; x_wconf 85' lang='lat' dir='ltr'><strong>pacto</strong></span> <span class='ocrx_word' id='word_1_4' title='bbox 700 381 845 432; x_wconf 80' lang='lat' dir='ltr'><strong>partes</strong></span> <span class='ocrx_word' id='word_1_5' title='bbox 865 381 1024 420; x_wconf 79' lang='lat' dir='ltr'><strong>tutetur</strong></span> <span class='ocrx_word' id='word_1_6' title='bbox 1041 383 1222 424; x_wconf 82' lang='lat' dir='ltr'><strong>amantis</strong></span> <span class='ocrx_word' id='word_1_7' title='bbox 1241 385 1391 437; x_wconf 83' lang='lat' dir='ltr'><strong>ephebi</strong></span> <span class='ocrx_word' id='word_1_8' title='bbox 1412 400 1422 436; x_wconf 92' lang='grc'>;</span> 
     </span>
    </p>

    <p class='ocr_par' dir='ltr' id='par_1_3' title="bbox 431 444 1338 501">
     <span class='ocr_line' id='line_1_3' title="bbox 431 444 1338 501; baseline 0.006 -16"><span class='ocrx_word' id='word_1_9' title='bbox 431 444 495 485; x_wconf 83' lang='lat' dir='ltr'><strong>Ut</strong></span> <span class='ocrx_word' id='word_1_10' title='bbox 514 444 647 496; x_wconf 86' lang='lat' dir='ltr'><strong>patris</strong></span> <span class='ocrx_word' id='word_1_11' title='bbox 667 445 839 495; x_wconf 85' lang='lat' dir='ltr'><strong>attenti3</strong></span> <span class='ocrx_word' id='word_1_12' title='bbox 868 444 1032 486; x_wconf 87' lang='lat' dir='ltr'><strong>lenonis</strong></span> <span class='ocrx_word' id='word_1_13' title='bbox 1051 451 1098 487; x_wconf 89' lang='lat' dir='ltr'><strong>ut</strong></span> <span class='ocrx_word' id='word_1_14' title='bbox 1115 447 1310 490; x_wconf 86' lang='lat' dir='ltr'>insidiosi</span> <span class='ocrx_word' id='word_1_15' title='bbox 1327 463 1338 501; x_wconf 85' lang='lat'>3</span> 
     </span>
    </p>

    <p class='ocr_par' dir='ltr' id='par_1_4' title="bbox 431 508 1518 569">
     <span class='ocr_line' id='line_1_4' title="bbox 431 508 1518 569; baseline 0.009 -21"><span class='ocrx_word' id='word_1_16' title='bbox 431 508 633 559; x_wconf 83' lang='lat' dir='ltr'><strong>Quantus</strong></span> <span class='ocrx_word' id='word_1_17' title='bbox 653 509 710 549; x_wconf 90' lang='lat' dir='ltr'><strong>sit</strong></span> <span class='ocrx_word' id='word_1_18' title='bbox 731 509 983 551; x_wconf 80' lang='lat' dir='ltr'><strong>Dossennus</strong></span> <span class='ocrx_word' id='word_1_19' title='bbox 999 511 1210 553; x_wconf 83' lang='lat' dir='ltr'><strong>edacibus</strong></span> <span class='ocrx_word' id='word_1_20' title='bbox 1228 514 1270 554; x_wconf 93' lang='lat' dir='ltr'><strong>in</strong></span> <span class='ocrx_word' id='word_1_21' title='bbox 1289 516 1518 569; x_wconf 83' lang='lat' dir='ltr'><strong>parasitis;</strong></span> 
     </span>
    </p>

    <p class='ocr_par' dir='ltr' id='par_1_5' title="bbox 429 572 1462 632">
     <span class='ocr_line' id='line_1_5' title="bbox 429 572 1462 632; baseline 0.01 -19"><span class='ocrx_word' id='word_1_22' title='bbox 429 572 573 623; x_wconf 85' lang='lat' dir='ltr'><strong>Quam</strong></span> <span class='ocrx_word' id='word_1_23' title='bbox 593 587 678 615; x_wconf 91' lang='lat' dir='ltr'><strong>non</strong></span> <span class='ocrx_word' id='word_1_24' title='bbox 696 576 874 616; x_wconf 86' lang='lat' dir='ltr'><strong>astricto</strong></span> <span class='ocrx_word' id='word_1_25' title='bbox 895 582 1114 628; x_wconf 84' lang='lat' dir='ltr'><strong>percurrat</strong></span> <span class='ocrx_word' id='word_1_26' title='bbox 1129 579 1301 632; x_wconf 85' lang='lat' dir='ltr'><strong>pulpita</strong></span> <span class='ocrx_word' id='word_1_27' title='bbox 1318 593 1462 623; x_wconf 82' lang='lat' dir='ltr'><strong>socco.</strong></span> 
     </span>
    </p>

    <p class='ocr_par' dir='ltr' id='par_1_6' title="bbox 427 637 1837 754">
     <span class='ocr_line' id='line_1_6' title="bbox 428 637 1837 700; baseline 0.009 -22"><span class='ocrx_word' id='word_1_28' title='bbox 428 637 576 679; x_wconf 86' lang='lat' dir='ltr'><strong>Gestit</strong></span> <span class='ocrx_word' id='word_1_29' title='bbox 596 640 706 679; x_wconf 91' lang='lat' dir='ltr'><strong>enim</strong></span> <span class='ocrx_word' id='word_1_30' title='bbox 725 652 946 682; x_wconf 88' lang='lat' dir='ltr'><strong>nummum</strong></span> <span class='ocrx_word' id='word_1_31' title='bbox 963 642 1007 682; x_wconf 91' lang='lat' dir='ltr'><strong>in</strong></span> <span class='ocrx_word' id='word_1_32' title='bbox 1027 642 1198 684; x_wconf 84' lang='lat' dir='ltr'><strong>loculos</strong></span> <span class='ocrx_word' id='word_1_33' title='bbox 1219 644 1461 698; x_wconf 84' lang='lat' dir='ltr'><strong>demittere3</strong></span> <span class='ocrx_word' id='word_1_34' title='bbox 1492 653 1593 700; x_wconf 90' lang='lat' dir='ltr'><strong>post</strong></span> <span class='ocrx_word' id='word_1_35' title='bbox 1612 647 1695 689; x_wconf 87' lang='lat' dir='ltr'><strong>hoc</strong></span> <span class='ocrx_word' id='word_1_36' title='bbox 1755 648 1837 691; x_wconf 83' lang='lat'><strong>175</strong></span> 
     </span>
     <span class='ocr_line' id='line_1_7' title="bbox 427 703 1380 754; baseline 0.01 -11"><span class='ocrx_word' id='word_1_37' title='bbox 427 703 628 754; x_wconf 82' lang='lat' dir='ltr'><strong>Securus,</strong></span> <span class='ocrx_word' id='word_1_38' title='bbox 648 705 778 745; x_wconf 83' lang='lat' dir='ltr'><strong>cadat</strong></span> <span class='ocrx_word' id='word_1_39' title='bbox 795 718 850 746; x_wconf 88' lang='lat' dir='ltr'><strong>an</strong></span> <span class='ocrx_word' id='word_1_40' title='bbox 868 711 985 748; x_wconf 84' lang='lat' dir='ltr'><strong>recto</strong></span> <span class='ocrx_word' id='word_1_41' title='bbox 1005 711 1090 748; x_wconf 89' lang='lat' dir='ltr'><strong>stet</strong></span> <span class='ocrx_word' id='word_1_42' title='bbox 1107 708 1260 751; x_wconf 84' lang='lat' dir='ltr'><strong>fabula</strong></span> <span class='ocrx_word' id='word_1_43' title='bbox 1278 712 1380 753; x_wconf 83' lang='lat' dir='ltr'><strong>talo.</strong></span> 
     </span>
    </p>

    <p class='ocr_par' dir='ltr' id='par_1_7' title="bbox 426 769 1461 828">
     <span class='ocr_line' id='line_1_8' title="bbox 426 769 1461 828; baseline 0.01 -19"><span class='ocrx_word' id='word_1_44' title='bbox 426 769 569 820; x_wconf 86' lang='lat' dir='ltr'><strong>Quem</strong></span> <span class='ocrx_word' id='word_1_45' title='bbox 590 770 684 811; x_wconf 82' lang='lat' dir='ltr'><strong>tulit</strong></span> <span class='ocrx_word' id='word_1_46' title='bbox 701 770 756 810; x_wconf 90' lang='lat' dir='ltr'><strong>ad</strong></span> <span class='ocrx_word' id='word_1_47' title='bbox 775 783 950 813; x_wconf 87' lang='lat' dir='ltr'><strong>scenam</strong></span> <span class='ocrx_word' id='word_1_48' title='bbox 972 779 1152 815; x_wconf 86' lang='lat' dir='ltr'><strong>ventoso</strong></span> <span class='ocrx_word' id='word_1_49' title='bbox 1171 775 1308 827; x_wconf 83' lang='lat' dir='ltr'><strong>gloria</strong></span> <span class='ocrx_word' id='word_1_50' title='bbox 1324 790 1461 828; x_wconf 91' lang='lat' dir='ltr'><strong>curru,</strong></span> 
     </span>
    </p>
   </div>
   <div class='ocr_carea' id='block_1_3' title="bbox 893 288 1367 327">
    <p class='ocr_par' dir='ltr' id='par_1_8' title="bbox 893 288 1367 327">
     <span class='ocr_line' id='line_1_9' title="bbox 893 288 1367 327; baseline 0.015 -10"><span class='ocrx_word' id='word_1_51' title='bbox 893 290 934 327; x_wconf 87' lang='lat' dir='ltr'><strong>Q.</strong></span> <span class='ocrx_word' id='word_1_52' title='bbox 964 288 1166 320; x_wconf 73' lang='lat' dir='ltr'><strong>noaA&#39;ru</strong></span> <span class='ocrx_word' id='word_1_53' title='bbox 1199 291 1367 324; x_wconf 70' lang='lat' dir='ltr'><strong>rLAccr</strong></span> 
     </span>
    </p>
   </div>
   <div class='ocr_carea' id='block_1_4' title="bbox 421 891 1834 1067">
    <p class='ocr_par' dir='ltr' id='par_1_9' title="bbox 421 891 1834 1067">
     <span class='ocr_line' id='line_1_10' title="bbox 422 891 1833 944; baseline 0.007 -23"><span class='ocrx_word' id='word_1_54' title='bbox 422 891 516 940; x_wconf 44' lang='lat' dir='ltr'><strong>modo·</strong></span> <span class='ocrx_word' id='word_1_55' title='bbox 525 892 654 940; x_wconf 63' lang='lat' dir='ltr'><strong>Plautus</strong></span> <span class='ocrx_word' id='word_1_56' title='bbox 668 894 819 926; x_wconf 68' lang='lat' dir='ltr'><strong>sustineat</strong></span> <span class='ocrx_word' id='word_1_57' title='bbox 842 896 939 944; x_wconf 70' lang='lat' dir='ltr'><strong>qfficio</strong></span> <span class='ocrx_word' id='word_1_58' title='bbox 953 898 1150 930; x_wconf 73' lang='lat' dir='ltr'><strong>adolescentis</strong></span> <span class='ocrx_word' id='word_1_59' title='bbox 1162 900 1319 939; x_wconf 71' lang='lat' dir='ltr'><strong>amatoris,</strong></span> <span class='ocrx_word' id='word_1_60' title='bbox 1331 902 1411 933; x_wconf 69' lang='lat' dir='ltr'><strong>senis</strong></span> <span class='ocrx_word' id='word_1_61' title='bbox 1424 903 1523 941; x_wconf 77' lang='lat' dir='ltr'><strong>avari,</strong></span> <span class='ocrx_word' id='word_1_62' title='bbox 1535 902 1650 934; x_wconf 71' lang='lat' dir='ltr'><strong>lenonis</strong></span> <span class='ocrx_word' id='word_1_63' title='bbox 1662 901 1833 942; x_wconf 72' lang='lat' dir='ltr'><strong>captantis.-</strong></span> 
     </span>
     <span class='ocr_line' id='line_1_11' title="bbox 422 934 1834 984; baseline 0.008 -22"><span class='ocrx_word' id='word_1_64' title='bbox 422 934 458 961; x_wconf 79' lang='lat' dir='ltr'><strong>ut</strong></span> <span class='ocrx_word' id='word_1_65' title='bbox 483 942 596 965; x_wconf 71' lang='lat' dir='ltr'><strong>nimius</strong></span> <span class='ocrx_word' id='word_1_66' title='bbox 609 935 651 965; x_wconf 73' lang='lat' dir='ltr'><strong>sit</strong></span> <span class='ocrx_word' id='word_1_67' title='bbox 666 936 843 968; x_wconf 64' lang='lat' dir='ltr'><strong>Dossennus</strong></span> <span class='ocrx_word' id='word_1_68' title='bbox 857 948 889 969; x_wconf 81' lang='lat' dir='ltr'><strong>m</strong></span> <span class='ocrx_word' id='word_1_69' title='bbox 900 939 1049 978; x_wconf 68' lang='lat' dir='ltr'><strong>parasitis</strong></span> <span class='ocrx_word' id='word_1_70' title='bbox 1065 941 1182 979; x_wconf 76' lang='lat' dir='ltr'><strong>gulosis</strong></span> <span class='ocrx_word' id='word_1_71' title='bbox 1191 951 1205 978; x_wconf 89' lang='lat'><em>;</em></span> <span class='ocrx_word' id='word_1_72' title='bbox 1226 945 1263 972; x_wconf 76' lang='lat' dir='ltr'><strong>ut</strong></span> <span class='ocrx_word' id='word_1_73' title='bbox 1274 943 1418 974; x_wconf 71' lang='lat' dir='ltr'><strong>dissoluto</strong></span> <span class='ocrx_word' id='word_1_74' title='bbox 1430 954 1513 975; x_wconf 73' lang='lat' dir='ltr'><strong>socco</strong></span> <span class='ocrx_word' id='word_1_75' title='bbox 1522 953 1576 984; x_wconf 77' lang='lat' dir='ltr'><strong>per</strong></span> <span class='ocrx_word' id='word_1_76' title='bbox 1590 944 1710 975; x_wconf 74' lang='lat' dir='ltr'><strong>theatra</strong></span> <span class='ocrx_word' id='word_1_77' title='bbox 1723 943 1834 974; x_wconf 75' lang='lat' dir='ltr'><strong>vadat.-</strong></span> 
     </span>
     <span class='ocr_line' id='line_1_12' title="bbox 421 973 1834 1024; baseline 0.011 -21"><span class='ocrx_word' id='word_1_78' title='bbox 421 973 572 1019; x_wconf 66' lang='lat' dir='ltr'><strong>enimvero</strong></span> <span class='ocrx_word' id='word_1_79' title='bbox 583 977 696 1014; x_wconf 76' lang='lat' dir='ltr'><strong>gaudet</strong></span> <span class='ocrx_word' id='word_1_80' title='bbox 709 978 868 1016; x_wconf 79' lang='lat' dir='ltr'><strong>pecuniam</strong></span> <span class='ocrx_word' id='word_1_81' title='bbox 881 979 1013 1011; x_wconf 69' lang='lat' dir='ltr'><strong>inserere</strong></span> <span class='ocrx_word' id='word_1_82' title='bbox 1026 982 1059 1012; x_wconf 83' lang='lat' dir='ltr'><strong>in</strong></span> <span class='ocrx_word' id='word_1_83' title='bbox 1075 982 1259 1022; x_wconf 75' lang='lat' dir='ltr'><strong>marsupium</strong></span> <span class='ocrx_word' id='word_1_84' title='bbox 1271 993 1283 1020; x_wconf 89' lang='lat'><em>;</em></span> <span class='ocrx_word' id='word_1_85' title='bbox 1304 983 1411 1016; x_wconf 77' lang='lat' dir='ltr'><strong>deinde</strong></span> <span class='ocrx_word' id='word_1_86' title='bbox 1424 995 1483 1016; x_wconf 81' lang='lat' dir='ltr'><strong>mm</strong></span> <span class='ocrx_word' id='word_1_87' title='bbox 1503 985 1640 1024; x_wconf 77' lang='lat' dir='ltr'><strong>angitur.</strong></span> <span class='ocrx_word' id='word_1_88' title='bbox 1654 994 1706 1015; x_wconf 77' lang='lat' dir='ltr'><strong>seu</strong></span> <span class='ocrx_word' id='word_1_89' title='bbox 1722 983 1834 1022; x_wconf 68' lang='lat' dir='ltr'><strong>sabula</strong></span> 
     </span>
     <span class='ocr_line' id='line_1_13' title="bbox 422 1015 1834 1067; baseline 0.009 -23"><span class='ocrx_word' id='word_1_90' title='bbox 422 1015 600 1056; x_wconf 68' lang='lat' dir='ltr'><strong>intercidat,</strong></span> <span class='ocrx_word' id='word_1_91' title='bbox 608 1026 660 1048; x_wconf 78' lang='lat' dir='ltr'><strong>seu</strong></span> <span class='ocrx_word' id='word_1_92' title='bbox 666 1017 758 1060; x_wconf 84' lang='lat' dir='ltr'><strong>firmo</strong></span> <span class='ocrx_word' id='word_1_93' title='bbox 765 1021 866 1057; x_wconf 69' lang='lat' dir='ltr'><strong>gradu</strong></span> <span class='ocrx_word' id='word_1_94' title='bbox 878 1021 1033 1052; x_wconf 74' lang='lat' dir='ltr'><strong>consistat.</strong></span> <span class='ocrx_word' id='word_1_95' title='bbox 1059 1023 1122 1058; x_wconf 75' lang='lat' dir='ltr'><strong>Qui</strong></span> <span class='ocrx_word' id='word_1_96' title='bbox 1132 1025 1172 1054; x_wconf 79' lang='lat' dir='ltr'><strong>ad</strong></span> <span class='ocrx_word' id='word_1_97' title='bbox 1182 1024 1332 1055; x_wconf 76' lang='lat' dir='ltr'><strong>theatrum</strong></span> <span class='ocrx_word' id='word_1_98' title='bbox 1346 1026 1468 1057; x_wconf 79' lang='lat' dir='ltr'><strong>ducitur</strong></span> <span class='ocrx_word' id='word_1_99' title='bbox 1475 1026 1600 1067; x_wconf 75' lang='lat' dir='ltr'><strong>superbo</strong></span> <span class='ocrx_word' id='word_1_100' title='bbox 1610 1035 1701 1057; x_wconf 74' lang='lat' dir='ltr'><strong>cum</strong></span> <span class='ocrx_word' id='word_1_101' title='bbox 1710 1025 1834 1065; x_wconf 72' lang='lat' dir='ltr'><strong>gloria,</strong></span> 
     </span>
    </p>
   </div>
   <div class='ocr_carea' id='block_1_5' title="bbox 1008 1101 1241 1116">
    <p class='ocr_par' dir='ltr' id='par_1_10' title="bbox 1008 1101 1241 1116">
     <span class='ocr_line' id='line_1_14' title="bbox 1008 1101 1241 1116; baseline 0.009 -3"><span class='ocrx_word' id='word_1_102' title='bbox 1008 1101 1083 1114; x_wconf 66' lang='lat'><strong>0000</strong></span> <span class='ocrx_word' id='word_1_103' title='bbox 1087 1103 1181 1115; x_wconf 63' lang='lat' dir='ltr'><strong>“O“</strong></span> <span class='ocrx_word' id='word_1_104' title='bbox 1185 1104 1201 1115; x_wconf 76' lang='lat'><em>0</em></span> <span class='ocrx_word' id='word_1_105' title='bbox 1205 1105 1219 1116; x_wconf 69' lang='grc' dir='ltr'><strong><em>θ</em></strong></span> <span class='ocrx_word' id='word_1_106' title='bbox 1223 1104 1241 1115; x_wconf 65' lang='lat' dir='ltr'><em>O</em></span> 
     </span>
    </p>
   </div>
   <div class='ocr_carea' id='block_1_6' title="bbox 414 1149 1835 1396">
    <p class='ocr_par' dir='ltr' id='par_1_11' title="bbox 414 1149 1835 1396">
     <span class='ocr_line' id='line_1_15' title="bbox 419 1149 1835 1196; baseline 0.008 -20"><span class='ocrx_word' id='word_1_107' title='bbox 419 1149 481 1178; x_wconf 88' lang='grc'><strong>172</strong></span> <span class='ocrx_word' id='word_1_108' title='bbox 504 1149 650 1180; x_wconf 84' lang='lat' dir='ltr'><strong>Chisian·</strong></span> <span class='ocrx_word' id='word_1_109' title='bbox 674 1153 705 1182; x_wconf 82' lang='lat'><strong>5.</strong></span> <span class='ocrx_word' id='word_1_110' title='bbox 726 1155 758 1182; x_wconf 80' lang='lat' dir='ltr'><strong>et</strong></span> <span class='ocrx_word' id='word_1_111' title='bbox 777 1152 888 1191; x_wconf 72' lang='lat' dir='ltr'><strong>patris.</strong></span> <span class='ocrx_word' id='word_1_112' title='bbox 923 1157 1066 1193; x_wconf 88' lang='lat' dir='ltr'><strong>quatuor</strong></span> <span class='ocrx_word' id='word_1_113' title='bbox 1090 1155 1187 1186; x_wconf 87' lang='lat' dir='ltr'><strong>codd.</strong></span> <span class='ocrx_word' id='word_1_114' title='bbox 1213 1156 1303 1196; x_wconf 80' lang='lat' dir='ltr'><strong>Feae,</strong></span> <span class='ocrx_word' id='word_1_115' title='bbox 1326 1160 1357 1188; x_wconf 81' lang='lat' dir='ltr'><strong>et</strong></span> <span class='ocrx_word' id='word_1_116' title='bbox 1380 1157 1631 1189; x_wconf 53' lang='lat' dir='ltr'><strong>iamim—1⁸18</strong></span> <span class='ocrx_word' id='word_1_117' title='bbox 1654 1157 1835 1188; x_wconf 67' lang='lat' dir='ltr'><strong>Dorsennus</strong></span> 
     </span>
     <span class='ocr_line' id='line_1_16' title="bbox 420 1188 1832 1239; baseline 0.008 -20"><span class='ocrx_word' id='word_1_118' title='bbox 420 1188 475 1219; x_wconf 90' lang='lat' dir='ltr'><strong>alii</strong></span> <span class='ocrx_word' id='word_1_119' title='bbox 492 1189 590 1221; x_wconf 87' lang='lat' dir='ltr'><strong>codd.</strong></span> <span class='ocrx_word' id='word_1_120' title='bbox 605 1200 659 1230; x_wconf 82' lang='lat' dir='ltr'><strong>ap.</strong></span> <span class='ocrx_word' id='word_1_121' title='bbox 676 1192 832 1231; x_wconf 89' lang='lat' dir='ltr'><strong>eundem,</strong></span> <span class='ocrx_word' id='word_1_122' title='bbox 847 1197 883 1223; x_wconf 88' lang='lat' dir='ltr'><strong>et</strong></span> <span class='ocrx_word' id='word_1_123' title='bbox 900 1193 996 1225; x_wconf 83' lang='lat' dir='ltr'><strong>Harl.</strong></span> <span class='ocrx_word' id='word_1_124' title='bbox 1011 1197 1149 1228; x_wconf 82' lang='grc'><strong>6.-174</strong></span> <span class='ocrx_word' id='word_1_125' title='bbox 1172 1197 1272 1231; x_wconf 76' lang='lat' dir='ltr'><strong>Quam</strong></span> <span class='ocrx_word' id='word_1_126' title='bbox 1285 1208 1345 1229; x_wconf 80' lang='lat' dir='ltr'><strong>non</strong></span> <span class='ocrx_word' id='word_1_127' title='bbox 1358 1200 1466 1230; x_wconf 77' lang='lat' dir='ltr'><strong>attrito</strong></span> <span class='ocrx_word' id='word_1_128' title='bbox 1475 1199 1630 1239; x_wconf 74' lang='lat' dir='ltr'><strong>percurrit</strong></span> <span class='ocrx_word' id='word_1_129' title='bbox 1643 1198 1722 1229; x_wconf 88' lang='lat' dir='ltr'><strong>Vat.</strong></span> <span class='ocrx_word' id='word_1_130' title='bbox 1735 1197 1832 1231; x_wconf 83' lang='lat' dir='ltr'><strong>Rom.</strong></span> 
     </span>
     <span class='ocr_line' id='line_1_17' title="bbox 418 1232 1833 1278; baseline 0.007 -19"><span class='ocrx_word' id='word_1_131' title='bbox 418 1232 555 1262; x_wconf 86' lang='grc'><strong>9.--175</strong></span> <span class='ocrx_word' id='word_1_132' title='bbox 578 1232 801 1265; x_wconf 88' lang='lat' dir='ltr'><strong>Schoenborn.</strong></span> <span class='ocrx_word' id='word_1_133' title='bbox 817 1236 848 1264; x_wconf 82' lang='lat'><strong>2.</strong></span> <span class='ocrx_word' id='word_1_134' title='bbox 864 1237 895 1265; x_wconf 79' lang='grc'><strong>3.</strong></span> <span class='ocrx_word' id='word_1_135' title='bbox 910 1237 942 1266; x_wconf 85' lang='grc'><strong>4.</strong></span> <span class='ocrx_word' id='word_1_136' title='bbox 957 1235 1121 1268; x_wconf 75' lang='lat' dir='ltr'><strong>dimittere.</strong></span> <span class='ocrx_word' id='word_1_137' title='bbox 1164 1238 1309 1270; x_wconf 82' lang='lat' dir='ltr'><strong>Chisian.</strong></span> <span class='ocrx_word' id='word_1_138' title='bbox 1325 1242 1355 1271; x_wconf 83' lang='lat'><strong>5.</strong></span> <span class='ocrx_word' id='word_1_139' title='bbox 1380 1244 1415 1271; x_wconf 88' lang='lat' dir='ltr'><strong>et</strong></span> <span class='ocrx_word' id='word_1_140' title='bbox 1431 1245 1498 1270; x_wconf 83' lang='lat' dir='ltr'><strong>tres</strong></span> <span class='ocrx_word' id='word_1_141' title='bbox 1513 1239 1610 1270; x_wconf 86' lang='lat' dir='ltr'><strong>codd.</strong></span> <span class='ocrx_word' id='word_1_142' title='bbox 1622 1239 1833 1278; x_wconf 76' lang='lat' dir='ltr'><strong>Bersmanni,</strong></span> 
     </span>
     <span class='ocr_line' id='line_1_18' title="bbox 414 1271 1832 1314; baseline 0.008 -13"><span class='ocrx_word' id='word_1_143' title='bbox 414 1273 483 1310; x_wconf 72' lang='lat' dir='ltr'><strong>post</strong></span> <span class='ocrx_word' id='word_1_144' title='bbox 497 1271 570 1303; x_wconf 77' lang='lat' dir='ltr'><strong>hoec.</strong></span> <span class='ocrx_word' id='word_1_145' title='bbox 603 1274 678 1304; x_wconf 88' lang='lat' dir='ltr'><strong>Duo</strong></span> <span class='ocrx_word' id='word_1_146' title='bbox 700 1274 798 1305; x_wconf 88' lang='lat' dir='ltr'><strong>codd.</strong></span> <span class='ocrx_word' id='word_1_147' title='bbox 823 1275 1014 1314; x_wconf 88' lang='lat' dir='ltr'><strong>Pulmanni‚</strong></span> <span class='ocrx_word' id='word_1_148' title='bbox 1037 1278 1178 1310; x_wconf 87' lang='lat' dir='ltr'><strong>Venett.</strong></span> <span class='ocrx_word' id='word_1_149' title='bbox 1194 1282 1288 1311; x_wconf 83' lang='grc'><strong>1481.</strong></span> <span class='ocrx_word' id='word_1_150' title='bbox 1305 1283 1396 1312; x_wconf 88' lang='grc'><strong>1486.</strong></span> <span class='ocrx_word' id='word_1_151' title='bbox 1415 1283 1506 1312; x_wconf 86' lang='grc'><strong>1490.</strong></span> <span class='ocrx_word' id='word_1_152' title='bbox 1522 1283 1614 1313; x_wconf 84' lang='grc'><strong>1492.</strong></span> <span class='ocrx_word' id='word_1_153' title='bbox 1631 1283 1724 1311; x_wconf 84' lang='grc'><strong>1609.</strong></span> <span class='ocrx_word' id='word_1_154' title='bbox 1739 1281 1832 1312; x_wconf 73' lang='grc'><strong>1573.</strong></span> 
     </span>
     <span class='ocr_line' id='line_1_19' title="bbox 415 1310 1829 1361; baseline 0.008 -20"><span class='ocrx_word' id='word_1_155' title='bbox 415 1310 508 1350; x_wconf 87' lang='lat' dir='ltr'><strong>Lips.</strong></span> <span class='ocrx_word' id='word_1_156' title='bbox 524 1314 616 1344; x_wconf 87' lang='grc'><strong>1499.</strong></span> <span class='ocrx_word' id='word_1_157' title='bbox 639 1313 743 1345; x_wconf 89' lang='lat' dir='ltr'><strong>Aldd.</strong></span> <span class='ocrx_word' id='word_1_158' title='bbox 759 1317 789 1345; x_wconf 93' lang='lat'><strong>1.</strong></span> <span class='ocrx_word' id='word_1_159' title='bbox 801 1318 833 1346; x_wconf 90' lang='grc'><strong>2.</strong></span> <span class='ocrx_word' id='word_1_160' title='bbox 847 1318 877 1345; x_wconf 76' lang='grc'><strong>3.</strong></span> <span class='ocrx_word' id='word_1_161' title='bbox 898 1316 992 1347; x_wconf 84' lang='lat' dir='ltr'><strong>Junt.</strong></span> <span class='ocrx_word' id='word_1_162' title='bbox 1010 1320 1103 1348; x_wconf 76' lang='lat'><strong>1503.</strong></span> <span class='ocrx_word' id='word_1_163' title='bbox 1127 1319 1243 1351; x_wconf 84' lang='lat' dir='ltr'><strong>Basili.</strong></span> <span class='ocrx_word' id='word_1_164' title='bbox 1261 1325 1286 1351; x_wconf 90' lang='grc'><strong>1.</strong></span> <span class='ocrx_word' id='word_1_165' title='bbox 1301 1324 1333 1351; x_wconf 81' lang='grc'><strong>2.</strong></span> <span class='ocrx_word' id='word_1_166' title='bbox 1346 1324 1377 1352; x_wconf 77' lang='grc'><strong>3.</strong></span> <span class='ocrx_word' id='word_1_167' title='bbox 1399 1322 1501 1353; x_wconf 88' lang='lat' dir='ltr'><strong>Dion.</strong></span> <span class='ocrx_word' id='word_1_168' title='bbox 1524 1322 1565 1353; x_wconf 86' lang='lat' dir='ltr'><strong>ab</strong></span> <span class='ocrx_word' id='word_1_169' title='bbox 1587 1321 1710 1353; x_wconf 80' lang='lat' dir='ltr'><strong>Harsio</strong></span> <span class='ocrx_word' id='word_1_170' title='bbox 1724 1321 1829 1361; x_wconf 79' lang='lat' dir='ltr'><strong>Lngd.</strong></span> 
     </span>
     <span class='ocr_line' id='line_1_20' title="bbox 416 1353 1832 1396; baseline 0.009 -15"><span class='ocrx_word' id='word_1_171' title='bbox 416 1353 508 1384; x_wconf 79' lang='lat'><strong>1538.</strong></span> <span class='ocrx_word' id='word_1_172' title='bbox 531 1353 660 1386; x_wconf 72' lang='lat' dir='ltr'><strong>Mun-et.</strong></span> <span class='ocrx_word' id='word_1_173' title='bbox 674 1358 710 1386; x_wconf 91' lang='lat' dir='ltr'><strong>et</strong></span> <span class='ocrx_word' id='word_1_174' title='bbox 723 1354 852 1395; x_wconf 84' lang='lat' dir='ltr'><strong>Gryph·</strong></span> <span class='ocrx_word' id='word_1_175' title='bbox 866 1358 960 1388; x_wconf 83' lang='lat'><strong>1566.</strong></span> <span class='ocrx_word' id='word_1_176' title='bbox 970 1357 1216 1396; x_wconf 64' lang='lat' dir='ltr'><strong>posthum—1⁷⁷</strong></span> <span class='ocrx_word' id='word_1_177' title='bbox 1237 1361 1461 1393; x_wconf 87' lang='lat' dir='ltr'><strong>Schoenborn.</strong></span> <span class='ocrx_word' id='word_1_178' title='bbox 1477 1365 1507 1394; x_wconf 74' lang='lat'><strong>³.</strong></span> <span class='ocrx_word' id='word_1_179' title='bbox 1521 1365 1728 1394; x_wconf 64' lang='lat' dir='ltr'><strong>curem—178</strong></span> <span class='ocrx_word' id='word_1_180' title='bbox 1745 1362 1832 1394; x_wconf 76' lang='lat' dir='ltr'><strong>Exa-</strong></span> 
     </span>
    </p>
   </div>
   <div class='ocr_carea' id='block_1_7' title="bbox 1050 1439 1188 1472">
    <p class='ocr_par' dir='ltr' id='par_1_12' title="bbox 1050 1439 1188 1472">
     <span class='ocr_line' id='line_1_21' title="bbox 1050 1439 1188 1472; baseline 0.007 -1"><span class='ocrx_word' id='word_1_181' title='bbox 1050 1439 1188 1472; x_wconf 82' lang='lat' dir='ltr'>NOTAE</span> 
     </span>
    </p>
   </div>
   <div class='ocr_carea' id='block_1_8' title="bbox 411 1493 1878 1589">
    <p class='ocr_par' dir='ltr' id='par_1_13' title="bbox 411 1493 1878 1589">
     <span class='ocr_line' id='line_1_22' title="bbox 413 1493 1828 1535; baseline 0.004 -11"><span class='ocrx_word' id='word_1_182' title='bbox 413 1493 524 1525; x_wconf 74' lang='lat' dir='ltr'><strong>tinsin</strong></span> <span class='ocrx_word' id='word_1_183' title='bbox 539 1493 650 1534; x_wconf 76' lang='lat' dir='ltr'><strong>Epist.</strong></span> <span class='ocrx_word' id='word_1_184' title='bbox 666 1494 708 1526; x_wconf 73' lang='lat' dir='ltr'><strong>nd</strong></span> <span class='ocrx_word' id='word_1_185' title='bbox 723 1494 863 1527; x_wconf 79' lang='lat' dir='ltr'><strong>Pisones</strong></span> <span class='ocrx_word' id='word_1_186' title='bbox 875 1499 1005 1528; x_wconf 66' lang='lat' dir='ltr'><strong>mero.</strong></span> <span class='ocrx_word' id='word_1_187' title='bbox 1025 1496 1094 1529; x_wconf 83' lang='lat' dir='ltr'><strong>‘At</strong></span> <span class='ocrx_word' id='word_1_188' title='bbox 1146 1493 1263 1525; x_wconf 68' lang='grc' dir='ltr'><strong>Ροὲῐω</strong></span> <span class='ocrx_word' id='word_1_189' title='bbox 1301 1494 1467 1534; x_wconf 75' lang='lat' dir='ltr'><strong>ingenium</strong></span> <span class='ocrx_word' id='word_1_190' title='bbox 1503 1494 1687 1535; x_wconf 74' lang='lat' dir='ltr'><strong>stimulant,</strong></span> <span class='ocrx_word' id='word_1_191' title='bbox 1719 1494 1828 1527; x_wconf 72' lang='lat' dir='ltr'><strong>suble·</strong></span> 
     </span>
     <span class='ocr_line' id='line_1_23' title="bbox 411 1542 1878 1589; baseline 0.001 -16"><span class='ocrx_word' id='word_1_192' title='bbox 411 1543 515 1574; x_wconf 80' lang='lat' dir='ltr'><strong>vestri</strong></span> <span class='ocrx_word' id='word_1_193' title='bbox 539 1543 655 1582; x_wconf 84' lang='lat' dir='ltr'><strong>proavi</strong></span> <span class='ocrx_word' id='word_1_194' title='bbox 678 1543 852 1576; x_wconf 79' lang='lat' dir='ltr'><strong>Plautinos</strong></span> <span class='ocrx_word' id='word_1_195' title='bbox 871 1550 908 1576; x_wconf 90' lang='lat' dir='ltr'><strong>et</strong></span> <span class='ocrx_word' id='word_1_196' title='bbox 926 1555 1092 1587; x_wconf 85' lang='lat' dir='ltr'><strong>numeros,</strong></span> <span class='ocrx_word' id='word_1_197' title='bbox 1145 1547 1235 1579; x_wconf 86' lang='lat' dir='ltr'><strong>vant,</strong></span> <span class='ocrx_word' id='word_1_198' title='bbox 1260 1543 1415 1583; x_wconf 83' lang='lat' dir='ltr'><strong>erigunt;</strong></span> <span class='ocrx_word' id='word_1_199' title='bbox 1445 1543 1535 1575; x_wconf 87' lang='lat' dir='ltr'><strong>illinc</strong></span> <span class='ocrx_word' id='word_1_200' title='bbox 1562 1547 1674 1575; x_wconf 83' lang='lat' dir='ltr'><strong>autem</strong></span> <span class='ocrx_word' id='word_1_201' title='bbox 1697 1542 1827 1575; x_wconf 81' lang='lat' dir='ltr'><strong>audito·</strong></span> <span class='ocrx_word' id='word_1_202' title='bbox 1875 1586 1878 1589; x_wconf 26' lang='grc' dir='ltr'>Ι</span> 
     </span>
    </p>
   </div>
   <div class='ocr_carea' id='block_1_9' title="bbox 396 1590 1093 2797">
    <p class='ocr_par' dir='ltr' id='par_1_14' title="bbox 411 1590 1092 1680">
     <span class='ocr_line' id='line_1_24' title="bbox 411 1590 1092 1634; baseline 0.009 -14"><span class='ocrx_word' id='word_1_203' title='bbox 411 1594 447 1621; x_wconf 89' lang='lat' dir='ltr'><strong>et</strong></span> <span class='ocrx_word' id='word_1_204' title='bbox 461 1590 658 1622; x_wconf 87' lang='lat' dir='ltr'><strong>Laudavere</strong></span> <span class='ocrx_word' id='word_1_205' title='bbox 669 1592 766 1632; x_wconf 85' lang='lat' dir='ltr'><strong>sales,</strong></span> <span class='ocrx_word' id='word_1_206' title='bbox 778 1593 912 1624; x_wconf 91' lang='lat' dir='ltr'><strong>nimium</strong></span> <span class='ocrx_word' id='word_1_207' title='bbox 923 1594 1092 1634; x_wconf 80' lang='lat' dir='ltr'><strong>patienter</strong></span> 
     </span>
     <span class='ocr_line' id='line_1_25' title="bbox 411 1640 1071 1680; baseline 0.009 -11"><span class='ocrx_word' id='word_1_208' title='bbox 411 1642 599 1680; x_wconf 87' lang='lat' dir='ltr'><strong>utrumque,</strong></span> <span class='ocrx_word' id='word_1_209' title='bbox 615 1640 669 1672; x_wconf 87' lang='lat' dir='ltr'><strong>Ne</strong></span> <span class='ocrx_word' id='word_1_210' title='bbox 685 1641 792 1672; x_wconf 88' lang='lat' dir='ltr'><strong>dicam</strong></span> <span class='ocrx_word' id='word_1_211' title='bbox 806 1643 920 1678; x_wconf 85' lang='lat' dir='ltr'><strong>stulte,</strong></span> <span class='ocrx_word' id='word_1_212' title='bbox 936 1643 1071 1675; x_wconf 89' lang='lat' dir='ltr'><strong>mirati.&#39;</strong></span> 
     </span>
    </p>

    <p class='ocr_par' dir='ltr' id='par_1_15' title="bbox 406 1689 1093 1969">
     <span class='ocr_line' id='line_1_26' title="bbox 452 1689 1092 1732; baseline 0.008 -14"><span class='ocrx_word' id='word_1_213' title='bbox 452 1690 512 1719; x_wconf 90' lang='grc'><strong>171</strong></span> <span class='ocrx_word' id='word_1_214' title='bbox 537 1689 605 1724; x_wconf 75' lang='lat' dir='ltr'><strong>Quo</strong></span> <span class='ocrx_word' id='word_1_215' title='bbox 627 1694 716 1729; x_wconf 81' lang='lat' dir='ltr'><strong>pacto</strong></span> <span class='ocrx_word' id='word_1_216' title='bbox 737 1694 841 1730; x_wconf 75' lang='lat' dir='ltr'><strong>partes</strong></span> <span class='ocrx_word' id='word_1_217' title='bbox 867 1694 996 1731; x_wconf 78' lang='lat' dir='ltr'><strong>tutetur,</strong></span> <span class='ocrx_word' id='word_1_218' title='bbox 1022 1692 1092 1732; x_wconf 57' lang='grc' dir='ltr'><strong>ξω]</strong></span> 
     </span>
     <span class='ocr_line' id='line_1_27' title="bbox 409 1736 1092 1780; baseline 0.007 -14"><span class='ocrx_word' id='word_1_219' title='bbox 409 1736 498 1776; x_wconf 83' lang='lat' dir='ltr'><strong>Ergo</strong></span> <span class='ocrx_word' id='word_1_220' title='bbox 512 1736 654 1768; x_wconf 83' lang='lat' dir='ltr'><strong>Plautus</strong></span> <span class='ocrx_word' id='word_1_221' title='bbox 669 1738 723 1768; x_wconf 89' lang='lat' dir='ltr'><strong>hic</strong></span> <span class='ocrx_word' id='word_1_222' title='bbox 737 1739 901 1778; x_wconf 71' lang='lat' dir='ltr'><strong>arguitur,</strong></span> <span class='ocrx_word' id='word_1_223' title='bbox 921 1740 1011 1780; x_wconf 85' lang='lat' dir='ltr'><strong>quod</strong></span> <span class='ocrx_word' id='word_1_224' title='bbox 1035 1749 1092 1772; x_wconf 88' lang='lat' dir='ltr'><strong>ne·</strong></span> 
     </span>
     <span class='ocr_line' id='line_1_28' title="bbox 409 1785 1091 1827; baseline 0.007 -12"><span class='ocrx_word' id='word_1_225' title='bbox 409 1785 494 1816; x_wconf 86' lang='lat' dir='ltr'><strong>sciat</strong></span> <span class='ocrx_word' id='word_1_226' title='bbox 504 1786 557 1816; x_wconf 82' lang='lat' dir='ltr'><strong>vel</strong></span> <span class='ocrx_word' id='word_1_227' title='bbox 565 1795 628 1817; x_wconf 86' lang='lat' dir='ltr'><strong>uon</strong></span> <span class='ocrx_word' id='word_1_228' title='bbox 641 1790 738 1818; x_wconf 83' lang='lat' dir='ltr'><strong>curet</strong></span> <span class='ocrx_word' id='word_1_229' title='bbox 750 1786 798 1817; x_wconf 87' lang='lat' dir='ltr'><strong>ita</strong></span> <span class='ocrx_word' id='word_1_230' title='bbox 813 1788 823 1804; x_wconf 85' lang='lat'>‘</span> <span class='ocrx_word' id='word_1_231' title='bbox 835 1796 1010 1827; x_wconf 79' lang='lat' dir='ltr'><strong>personam</strong></span> <span class='ocrx_word' id='word_1_232' title='bbox 1023 1787 1091 1820; x_wconf 82' lang='lat' dir='ltr'><strong>for-</strong></span> 
     </span>
     <span class='ocr_line' id='line_1_29' title="bbox 407 1831 1091 1870; baseline 0.007 -7"><span class='ocrx_word' id='word_1_233' title='bbox 407 1833 520 1870; x_wconf 90' lang='lat' dir='ltr'><strong>mare,&#39;</strong></span> <span class='ocrx_word' id='word_1_234' title='bbox 529 1835 567 1864; x_wconf 92' lang='lat' dir='ltr'><strong>ut</strong></span> <span class='ocrx_word' id='word_1_235' title='bbox 578 1831 745 1865; x_wconf 77' lang='lat' dir='ltr'><strong>‘servetur</strong></span> <span class='ocrx_word' id='word_1_236' title='bbox 756 1834 798 1866; x_wconf 86' lang='lat' dir='ltr'><strong>ad</strong></span> <span class='ocrx_word' id='word_1_237' title='bbox 811 1835 911 1867; x_wconf 88' lang='lat' dir='ltr'><strong>imum</strong></span> <span class='ocrx_word' id='word_1_238' title='bbox 921 1837 1036 1869; x_wconf 85' lang='lat' dir='ltr'><strong>Qualis</strong></span> <span class='ocrx_word' id='word_1_239' title='bbox 1047 1837 1091 1868; x_wconf 88' lang='lat' dir='ltr'><strong>ab</strong></span> 
     </span>
     <span class='ocr_line' id='line_1_30' title="bbox 406 1881 1093 1926; baseline 0.01 -15"><span class='ocrx_word' id='word_1_240' title='bbox 406 1881 542 1921; x_wconf 87' lang='lat' dir='ltr'><strong>incepto</strong></span> <span class='ocrx_word' id='word_1_241' title='bbox 556 1882 769 1922; x_wconf 80' lang='lat' dir='ltr'><strong>processerit,</strong></span> <span class='ocrx_word' id='word_1_242' title='bbox 787 1889 824 1914; x_wconf 89' lang='lat' dir='ltr'><strong>et</strong></span> <span class='ocrx_word' id='word_1_243' title='bbox 845 1883 908 1915; x_wconf 88' lang='lat' dir='ltr'><strong>sibi</strong></span> <span class='ocrx_word' id='word_1_244' title='bbox 936 1886 1093 1926; x_wconf 69' lang='lat' dir='ltr'><strong>constet:</strong></span> 
     </span>
     <span class='ocr_line' id='line_1_31' title="bbox 407 1930 1045 1969; baseline 0.006 -9"><span class='ocrx_word' id='word_1_245' title='bbox 407 1933 445 1960; x_wconf 90' lang='lat' dir='ltr'><strong>ut</strong></span> <span class='ocrx_word' id='word_1_246' title='bbox 458 1933 512 1960; x_wconf 77' lang='lat' dir='ltr'><strong>est</strong></span> <span class='ocrx_word' id='word_1_247' title='bbox 526 1930 559 1960; x_wconf 91' lang='lat' dir='ltr'><strong>in</strong></span> <span class='ocrx_word' id='word_1_248' title='bbox 574 1930 630 1961; x_wconf 89' lang='lat' dir='ltr'><strong>cit.</strong></span> <span class='ocrx_word' id='word_1_249' title='bbox 647 1930 756 1969; x_wconf 83' lang='lat' dir='ltr'><strong>Epist.</strong></span> <span class='ocrx_word' id='word_1_250' title='bbox 767 1930 808 1961; x_wconf 89' lang='lat' dir='ltr'><strong>ad</strong></span> <span class='ocrx_word' id='word_1_251' title='bbox 825 1931 895 1964; x_wconf 87' lang='lat' dir='ltr'><strong>Pis.</strong></span> <span class='ocrx_word' id='word_1_252' title='bbox 911 1942 958 1963; x_wconf 84' lang='lat' dir='ltr'><strong>vs.</strong></span> <span class='ocrx_word' id='word_1_253' title='bbox 974 1935 1045 1965; x_wconf 85' lang='grc'><strong>126.</strong></span> 
     </span>
    </p>

    <p class='ocr_par' dir='ltr' id='par_1_16' title="bbox 405 1979 1086 2067">
     <span class='ocr_line' id='line_1_32' title="bbox 448 1979 1086 2021; baseline 0.006 -12"><span class='ocrx_word' id='word_1_254' title='bbox 448 1981 510 2010; x_wconf 88' lang='grc'><strong>172</strong></span> <span class='ocrx_word' id='word_1_255' title='bbox 531 1979 639 2009; x_wconf 74' lang='lat' dir='ltr'><strong>Petris</strong></span> <span class='ocrx_word' id='word_1_256' title='bbox 652 1979 780 2018; x_wconf 76' lang='lat' dir='ltr'><strong>attenti]</strong></span> <span class='ocrx_word' id='word_1_257' title='bbox 815 1979 870 2011; x_wconf 90' lang='lat' dir='ltr'><strong>Ad</strong></span> <span class='ocrx_word' id='word_1_258' title='bbox 887 1981 1029 2021; x_wconf 88' lang='lat' dir='ltr'><strong>lucrum,</strong></span> <span class='ocrx_word' id='word_1_259' title='bbox 1044 1982 1086 2013; x_wconf 84' lang='lat' dir='ltr'><strong>ad</strong></span> 
     </span>
     <span class='ocr_line' id='line_1_33' title="bbox 405 2027 649 2067; baseline 0 -9"><span class='ocrx_word' id='word_1_260' title='bbox 405 2027 649 2067; x_wconf 76' lang='lat' dir='ltr'><strong>parsimoniam.</strong></span> 
     </span>
    </p>

    <p class='ocr_par' dir='ltr' id='par_1_17' title="bbox 403 2075 1083 2156">
     <span class='ocr_line' id='line_1_34' title="bbox 444 2075 1083 2116; baseline 0.005 -9"><span class='ocrx_word' id='word_1_261' title='bbox 444 2076 578 2107; x_wconf 71' lang='lat' dir='ltr'><strong>Lenonis</strong></span> <span class='ocrx_word' id='word_1_262' title='bbox 590 2075 745 2116; x_wconf 70' lang='lat' dir='ltr'><strong>insidiosi]</strong></span> <span class='ocrx_word' id='word_1_263' title='bbox 760 2076 894 2107; x_wconf 76' lang='lat' dir='ltr'><strong>Loculis</strong></span> <span class='ocrx_word' id='word_1_264' title='bbox 905 2077 1083 2110; x_wconf 76' lang='lat' dir='ltr'><strong>amantium</strong></span> 
     </span>
     <span class='ocr_line' id='line_1_35' title="bbox 403 2124 602 2156; baseline 0.005 -3"><span class='ocrx_word' id='word_1_265' title='bbox 403 2124 602 2156; x_wconf 76' lang='lat' dir='ltr'><strong>insidiantis.</strong></span> 
     </span>
    </p>

    <p class='ocr_par' dir='ltr' id='par_1_18' title="bbox 399 2173 1083 2406">
     <span class='ocr_line' id='line_1_36' title="bbox 445 2173 1083 2214; baseline 0.006 -11"><span class='ocrx_word' id='word_1_266' title='bbox 445 2175 505 2204; x_wconf 75' lang='lat'><strong>1⁷3</strong></span> <span class='ocrx_word' id='word_1_267' title='bbox 515 2173 694 2204; x_wconf 70' lang='lat' dir='ltr'><strong>Dossenm</strong></span> <span class='ocrx_word' id='word_1_268' title='bbox 701 2173 914 2214; x_wconf 68' lang='lat' dir='ltr'><strong>[Dorsennus]</strong></span> <span class='ocrx_word' id='word_1_269' title='bbox 925 2175 990 2206; x_wconf 86' lang='lat' dir='ltr'><strong>Vel</strong></span> <span class='ocrx_word' id='word_1_270' title='bbox 1001 2176 1083 2207; x_wconf 81' lang='lat' dir='ltr'><strong>Dos-</strong></span> 
     </span>
     <span class='ocr_line' id='line_1_37' title="bbox 400 2221 1081 2261; baseline 0.007 -10"><span class='ocrx_word' id='word_1_271' title='bbox 400 2230 521 2257; x_wconf 67' lang='lat' dir='ltr'><strong>sennus,</strong></span> <span class='ocrx_word' id='word_1_272' title='bbox 547 2221 646 2261; x_wconf 69' lang='lat' dir='ltr'><strong>poeta</strong></span> <span class='ocrx_word' id='word_1_273' title='bbox 664 2221 830 2260; x_wconf 84' lang='lat' dir='ltr'><strong>Comicus,</strong></span> <span class='ocrx_word' id='word_1_274' title='bbox 852 2223 1081 2256; x_wconf 74' lang='lat' dir='ltr'><strong>Atellanarum</strong></span> 
     </span>
     <span class='ocr_line' id='line_1_38' title="bbox 399 2267 1083 2311; baseline 0.009 -12"><span class='ocrx_word' id='word_1_275' title='bbox 399 2267 584 2300; x_wconf 79' lang='lat' dir='ltr'><strong>fabularum</strong></span> <span class='ocrx_word' id='word_1_276' title='bbox 597 2269 756 2308; x_wconf 75' lang='lat' dir='ltr'><strong>scriptor:</strong></span> <span class='ocrx_word' id='word_1_277' title='bbox 782 2270 875 2311; x_wconf 85' lang='lat' dir='ltr'><strong>cnjus</strong></span> <span class='ocrx_word' id='word_1_278' title='bbox 891 2272 1016 2303; x_wconf 89' lang='lat' dir='ltr'><strong>mentio</strong></span> <span class='ocrx_word' id='word_1_279' title='bbox 1031 2277 1083 2305; x_wconf 90' lang='lat' dir='ltr'><strong>est</strong></span> 
     </span>
     <span class='ocr_line' id='line_1_39' title="bbox 401 2318 1083 2363; baseline 0.007 -15"><span class='ocrx_word' id='word_1_280' title='bbox 401 2318 490 2357; x_wconf 82' lang='lat' dir='ltr'><strong>apud</strong></span> <span class='ocrx_word' id='word_1_281' title='bbox 519 2318 606 2349; x_wconf 79' lang='lat' dir='ltr'><strong>Plin·</strong></span> <span class='ocrx_word' id='word_1_282' title='bbox 635 2326 713 2350; x_wconf 76' lang='lat' dir='ltr'><strong>xrv.</strong></span> <span class='ocrx_word' id='word_1_283' title='bbox 739 2321 789 2351; x_wconf 76' lang='grc'><strong>13,</strong></span> <span class='ocrx_word' id='word_1_284' title='bbox 815 2320 872 2351; x_wconf 88' lang='lat' dir='ltr'><strong>ubi</strong></span> <span class='ocrx_word' id='word_1_285' title='bbox 896 2324 932 2351; x_wconf 92' lang='lat' dir='ltr'><strong>et</strong></span> <span class='ocrx_word' id='word_1_286' title='bbox 957 2321 1083 2363; x_wconf 84' lang='lat' dir='ltr'><strong>aliquot</strong></span> 
     </span>
     <span class='ocr_line' id='line_1_40' title="bbox 399 2366 859 2406; baseline 0.004 -9"><span class='ocrx_word' id='word_1_287' title='bbox 399 2366 474 2406; x_wconf 83' lang='lat' dir='ltr'><strong>ejus</strong></span> <span class='ocrx_word' id='word_1_288' title='bbox 488 2367 646 2398; x_wconf 79' lang='lat' dir='ltr'><strong>versiculi</strong></span> <span class='ocrx_word' id='word_1_289' title='bbox 658 2366 859 2399; x_wconf 80' lang='lat' dir='ltr'><strong>referuntur.</strong></span> 
     </span>
    </p>

    <p class='ocr_par' dir='ltr' id='par_1_19' title="bbox 396 2415 1080 2797">
     <span class='ocr_line' id='line_1_41' title="bbox 441 2415 1078 2457; baseline 0.006 -11"><span class='ocrx_word' id='word_1_290' title='bbox 441 2417 503 2447; x_wconf 80' lang='grc'><strong>174</strong></span> <span class='ocrx_word' id='word_1_291' title='bbox 526 2415 627 2451; x_wconf 75' lang='lat' dir='ltr'><strong>Quam</strong></span> <span class='ocrx_word' id='word_1_292' title='bbox 639 2426 700 2447; x_wconf 72' lang='lat' dir='ltr'><strong>non</strong></span> <span class='ocrx_word' id='word_1_293' title='bbox 713 2416 852 2455; x_wconf 75' lang='lat' dir='ltr'><strong>astricto,</strong></span> <span class='ocrx_word' id='word_1_294' title='bbox 866 2417 934 2457; x_wconf 53' lang='grc' dir='ltr'><strong>θα]</strong></span> <span class='ocrx_word' id='word_1_295' title='bbox 969 2418 1078 2451; x_wconf 80' lang='lat' dir='ltr'><strong>Quam</strong></span> 
     </span>
     <span class='ocr_line' id='line_1_42' title="bbox 398 2465 1077 2504; baseline 0.009 -11"><span class='ocrx_word' id='word_1_296' title='bbox 398 2466 540 2504; x_wconf 84' lang='lat' dir='ltr'><strong>uterque</strong></span> <span class='ocrx_word' id='word_1_297' title='bbox 555 2469 687 2504; x_wconf 85' lang='lat' dir='ltr'><strong>peccet,</strong></span> <span class='ocrx_word' id='word_1_298' title='bbox 702 2469 738 2496; x_wconf 91' lang='lat' dir='ltr'><strong>et</strong></span> <span class='ocrx_word' id='word_1_299' title='bbox 750 2474 770 2495; x_wconf 86' lang='lat' dir='ltr'><strong>a</strong></span> <span class='ocrx_word' id='word_1_300' title='bbox 784 2465 937 2504; x_wconf 77' lang='lat' dir='ltr'><strong>perfecto</strong></span> <span class='ocrx_word' id='word_1_301' title='bbox 951 2466 1077 2499; x_wconf 77' lang='lat' dir='ltr'><strong>distet:</strong></span> 
     </span>
     <span class='ocr_line' id='line_1_43' title="bbox 399 2511 1078 2554; baseline 0.009 -13"><span class='ocrx_word' id='word_1_302' title='bbox 399 2511 483 2542; x_wconf 86' lang='lat' dir='ltr'><strong>adeo</strong></span> <span class='ocrx_word' id='word_1_303' title='bbox 498 2511 660 2544; x_wconf 80' lang='lat' dir='ltr'><strong>falluntur</strong></span> <span class='ocrx_word' id='word_1_304' title='bbox 680 2512 737 2554; x_wconf 87' lang='lat' dir='ltr'><strong>qni</strong></span> <span class='ocrx_word' id='word_1_305' title='bbox 753 2513 896 2544; x_wconf 84' lang='lat' dir='ltr'><strong>credunt</strong></span> <span class='ocrx_word' id='word_1_306' title='bbox 910 2515 1078 2547; x_wconf 85' lang='lat' dir='ltr'><strong>minimum</strong></span> 
     </span>
     <span class='ocr_line' id='line_1_44' title="bbox 398 2559 1077 2596; baseline 0.007 -5"><span class='ocrx_word' id='word_1_307' title='bbox 398 2569 472 2592; x_wconf 78' lang='lat' dir='ltr'><strong>esse</strong></span> <span class='ocrx_word' id='word_1_308' title='bbox 494 2559 696 2593; x_wconf 83' lang='lat' dir='ltr'><strong>difficultatis</strong></span> <span class='ocrx_word' id='word_1_309' title='bbox 726 2562 759 2593; x_wconf 90' lang='lat' dir='ltr'><strong>in</strong></span> <span class='ocrx_word' id='word_1_310' title='bbox 785 2561 989 2594; x_wconf 81' lang='lat' dir='ltr'><strong>elaboranda</strong></span> <span class='ocrx_word' id='word_1_311' title='bbox 1015 2564 1077 2596; x_wconf 84' lang='lat' dir='ltr'><strong>Co-</strong></span> 
     </span>
     <span class='ocr_line' id='line_1_45' title="bbox 399 2609 1078 2653; baseline 0.009 -15"><span class='ocrx_word' id='word_1_312' title='bbox 399 2609 532 2641; x_wconf 81' lang='lat' dir='ltr'><strong>moedia.</strong></span> <span class='ocrx_word' id='word_1_313' title='bbox 576 2610 680 2642; x_wconf 84' lang='lat' dir='ltr'><strong>Certe</strong></span> <span class='ocrx_word' id='word_1_314' title='bbox 695 2611 728 2642; x_wconf 87' lang='lat' dir='ltr'><strong>in</strong></span> <span class='ocrx_word' id='word_1_315' title='bbox 741 2611 803 2643; x_wconf 79' lang='lat' dir='ltr'><strong>hac</strong></span> <span class='ocrx_word' id='word_1_316' title='bbox 819 2611 924 2643; x_wconf 61' lang='lat' dir='ltr'><strong>Poeta</strong></span> <span class='ocrx_word' id='word_1_317' title='bbox 937 2613 1078 2653; x_wconf 87' lang='lat' dir='ltr'><strong>utpluri-</strong></span> 
     </span>
     <span class='ocr_line' id='line_1_46' title="bbox 397 2658 1077 2702; baseline 0.012 -18"><span class='ocrx_word' id='word_1_318' title='bbox 397 2663 486 2686; x_wconf 87' lang='lat' dir='ltr'><strong>mum</strong></span> <span class='ocrx_word' id='word_1_319' title='bbox 501 2662 559 2688; x_wconf 86' lang='lat' dir='ltr'><strong>aut</strong></span> <span class='ocrx_word' id='word_1_320' title='bbox 572 2658 690 2690; x_wconf 82' lang='lat' dir='ltr'><strong>nimius</strong></span> <span class='ocrx_word' id='word_1_321' title='bbox 705 2663 758 2691; x_wconf 77' lang='lat' dir='ltr'><strong>est</strong></span> <span class='ocrx_word' id='word_1_322' title='bbox 768 2663 827 2691; x_wconf 90' lang='lat' dir='ltr'><strong>aut</strong></span> <span class='ocrx_word' id='word_1_323' title='bbox 836 2659 950 2691; x_wconf 80' lang='lat' dir='ltr'><strong>deficit</strong></span> <span class='ocrx_word' id='word_1_324' title='bbox 965 2671 974 2692; x_wconf 88' lang='lat'>:</span> <span class='ocrx_word' id='word_1_325' title='bbox 990 2661 1077 2702; x_wconf 88' lang='lat' dir='ltr'><strong>qnod</strong></span> 
     </span>
     <span class='ocr_line' id='line_1_47' title="bbox 396 2702 1080 2750; baseline 0.012 -16"><span class='ocrx_word' id='word_1_326' title='bbox 396 2702 510 2736; x_wconf 83' lang='lat' dir='ltr'><strong>facere</strong></span> <span class='ocrx_word' id='word_1_327' title='bbox 526 2707 659 2738; x_wconf 84' lang='lat' dir='ltr'><strong>videtur</strong></span> <span class='ocrx_word' id='word_1_328' title='bbox 671 2709 820 2741; x_wconf 79' lang='lat' dir='ltr'><strong>materiae</strong></span> <span class='ocrx_word' id='word_1_329' title='bbox 837 2710 996 2750; x_wconf 80' lang='lat' dir='ltr'><strong>parvitas.</strong></span> <span class='ocrx_word' id='word_1_330' title='bbox 1031 2710 1080 2742; x_wconf 82' lang='lat' dir='ltr'><strong>At</strong></span> 
     </span>
     <span class='ocr_line' id='line_1_48' title="bbox 397 2753 1077 2797; baseline 0.013 -15"><span class='ocrx_word' id='word_1_331' title='bbox 397 2757 515 2784; x_wconf 85' lang='lat' dir='ltr'><strong>contra</strong></span> <span class='ocrx_word' id='word_1_332' title='bbox 537 2753 570 2783; x_wconf 93' lang='lat' dir='ltr'><strong>in</strong></span> <span class='ocrx_word' id='word_1_333' title='bbox 594 2754 769 2794; x_wconf 77' lang='lat' dir='ltr'><strong>Tragoedia</strong></span> <span class='ocrx_word' id='word_1_334' title='bbox 793 2766 847 2788; x_wconf 80' lang='lat' dir='ltr'><strong>res</strong></span> <span class='ocrx_word' id='word_1_335' title='bbox 870 2766 987 2797; x_wconf 79' lang='lat' dir='ltr'><strong>graves</strong></span> <span class='ocrx_word' id='word_1_336' title='bbox 1001 2758 1077 2790; x_wconf 84' lang='lat' dir='ltr'><strong>hinc</strong></span> 
     </span>
    </p>
   </div>
   <div class='ocr_carea' id='block_1_10' title="bbox 1129 1590 1826 2693">
    <p class='ocr_par' dir='ltr' id='par_1_20' title="bbox 1142 1590 1826 1720">
     <span class='ocr_line' id='line_1_49' title="bbox 1143 1590 1826 1632; baseline 0.003 -10"><span class='ocrx_word' id='word_1_337' title='bbox 1143 1601 1213 1623; x_wconf 91' lang='lat' dir='ltr'><strong>rum</strong></span> <span class='ocrx_word' id='word_1_338' title='bbox 1231 1591 1357 1623; x_wconf 83' lang='lat' dir='ltr'><strong>animos</strong></span> <span class='ocrx_word' id='word_1_339' title='bbox 1371 1591 1448 1622; x_wconf 89' lang='lat' dir='ltr'><strong>dum</strong></span> <span class='ocrx_word' id='word_1_340' title='bbox 1466 1592 1539 1632; x_wconf 85' lang='lat' dir='ltr'><strong>plus</strong></span> <span class='ocrx_word' id='word_1_341' title='bbox 1555 1590 1714 1631; x_wconf 73' lang='lat' dir='ltr'><strong>afficiunt,</strong></span> <span class='ocrx_word' id='word_1_342' title='bbox 1725 1592 1826 1624; x_wconf 83' lang='lat' dir='ltr'><strong>etiam</strong></span> 
     </span>
     <span class='ocr_line' id='line_1_50' title="bbox 1143 1640 1825 1681; baseline 0.001 -10"><span class='ocrx_word' id='word_1_343' title='bbox 1143 1644 1286 1672; x_wconf 87' lang='lat' dir='ltr'><strong>avocant</strong></span> <span class='ocrx_word' id='word_1_344' title='bbox 1303 1650 1323 1671; x_wconf 89' lang='lat' dir='ltr'><strong>a</strong></span> <span class='ocrx_word' id='word_1_345' title='bbox 1337 1640 1483 1681; x_wconf 76' lang='lat' dir='ltr'><strong>fastidio,</strong></span> <span class='ocrx_word' id='word_1_346' title='bbox 1504 1643 1539 1672; x_wconf 89' lang='lat' dir='ltr'><strong>et</strong></span> <span class='ocrx_word' id='word_1_347' title='bbox 1557 1650 1576 1672; x_wconf 88' lang='lat' dir='ltr'><strong>a</strong></span> <span class='ocrx_word' id='word_1_348' title='bbox 1595 1640 1750 1672; x_wconf 85' lang='lat' dir='ltr'><strong>notandis</strong></span> <span class='ocrx_word' id='word_1_349' title='bbox 1773 1650 1825 1672; x_wconf 92' lang='lat' dir='ltr'><strong>er-</strong></span> 
     </span>
     <span class='ocr_line' id='line_1_51' title="bbox 1142 1688 1284 1720; baseline 0 -1"><span class='ocrx_word' id='word_1_350' title='bbox 1142 1688 1284 1720; x_wconf 86' lang='lat' dir='ltr'><strong>roribus.</strong></span> 
     </span>
    </p>

    <p class='ocr_par' dir='ltr' id='par_1_21' title="bbox 1135 1736 1824 2162">
     <span class='ocr_line' id='line_1_52' title="bbox 1186 1736 1822 1777; baseline 0 -10"><span class='ocrx_word' id='word_1_351' title='bbox 1186 1737 1258 1767; x_wconf 84' lang='lat' dir='ltr'><strong>Non</strong></span> <span class='ocrx_word' id='word_1_352' title='bbox 1283 1736 1408 1767; x_wconf 66' lang='lat' dir='ltr'><strong>astricto</strong></span> <span class='ocrx_word' id='word_1_353' title='bbox 1432 1737 1531 1776; x_wconf 81' lang='lat' dir='ltr'><strong>socco]</strong></span> <span class='ocrx_word' id='word_1_354' title='bbox 1553 1736 1723 1777; x_wconf 79' lang='lat' dir='ltr'><strong>Allegoria</strong></span> <span class='ocrx_word' id='word_1_355' title='bbox 1748 1742 1822 1769; x_wconf 85' lang='lat' dir='ltr'><strong>est:</strong></span> 
     </span>
     <span class='ocr_line' id='line_1_53' title="bbox 1141 1784 1824 1824; baseline 0.004 -10"><span class='ocrx_word' id='word_1_356' title='bbox 1141 1793 1257 1815; x_wconf 83' lang='lat' dir='ltr'><strong>soccus</strong></span> <span class='ocrx_word' id='word_1_357' title='bbox 1280 1784 1503 1815; x_wconf 81' lang='lat' dir='ltr'><strong>comoedorum</strong></span> <span class='ocrx_word' id='word_1_358' title='bbox 1527 1786 1673 1824; x_wconf 78' lang='lat' dir='ltr'><strong>calceus,</strong></span> <span class='ocrx_word' id='word_1_359' title='bbox 1694 1795 1753 1816; x_wconf 70' lang='lat' dir='ltr'><strong>non</strong></span> <span class='ocrx_word' id='word_1_360' title='bbox 1774 1797 1824 1817; x_wconf 80' lang='lat' dir='ltr'><strong>as·</strong></span> 
     </span>
     <span class='ocr_line' id='line_1_54' title="bbox 1142 1832 1823 1873; baseline 0.003 -10"><span class='ocrx_word' id='word_1_361' title='bbox 1142 1832 1262 1873; x_wconf 67' lang='grc' dir='ltr'><strong>ιήσιιιε,</strong></span> <span class='ocrx_word' id='word_1_362' title='bbox 1289 1833 1398 1872; x_wconf 84' lang='lat' dir='ltr'><strong>laxus,</strong></span> <span class='ocrx_word' id='word_1_363' title='bbox 1427 1833 1567 1871; x_wconf 82' lang='lat' dir='ltr'><strong>solutus,</strong></span> <span class='ocrx_word' id='word_1_364' title='bbox 1603 1832 1729 1865; x_wconf 82' lang='lat' dir='ltr'><strong>indicat</strong></span> <span class='ocrx_word' id='word_1_365' title='bbox 1757 1843 1823 1865; x_wconf 87' lang='lat' dir='ltr'><strong>non</strong></span> 
     </span>
     <span class='ocr_line' id='line_1_55' title="bbox 1141 1880 1824 1921; baseline 0.003 -9"><span class='ocrx_word' id='word_1_366' title='bbox 1141 1885 1332 1913; x_wconf 83' lang='lat' dir='ltr'><strong>accuratum</strong></span> <span class='ocrx_word' id='word_1_367' title='bbox 1357 1880 1510 1921; x_wconf 64' lang='lat' dir='ltr'><strong>Poenam,</strong></span> <span class='ocrx_word' id='word_1_368' title='bbox 1533 1882 1729 1914; x_wconf 82' lang='lat' dir='ltr'><strong>inconcinne</strong></span> <span class='ocrx_word' id='word_1_369' title='bbox 1742 1883 1824 1914; x_wconf 77' lang='lat' dir='ltr'><strong>seri-</strong></span> 
     </span>
     <span class='ocr_line' id='line_1_56' title="bbox 1140 1929 1824 1972; baseline 0.004 -11"><span class='ocrx_word' id='word_1_370' title='bbox 1140 1929 1298 1968; x_wconf 80' lang='lat' dir='ltr'><strong>bentem3</strong></span> <span class='ocrx_word' id='word_1_371' title='bbox 1326 1939 1384 1961; x_wconf 84' lang='lat' dir='ltr'><strong>seu</strong></span> <span class='ocrx_word' id='word_1_372' title='bbox 1411 1931 1560 1970; x_wconf 77' lang='lat' dir='ltr'><strong>negligat</strong></span> <span class='ocrx_word' id='word_1_373' title='bbox 1594 1939 1653 1962; x_wconf 85' lang='lat' dir='ltr'><strong>seu</strong></span> <span class='ocrx_word' id='word_1_374' title='bbox 1677 1936 1824 1972; x_wconf 80' lang='lat' dir='ltr'><strong>nequeat</strong></span> 
     </span>
     <span class='ocr_line' id='line_1_57' title="bbox 1139 1977 1822 2019; baseline 0.004 -11"><span class='ocrx_word' id='word_1_375' title='bbox 1139 1977 1296 2009; x_wconf 85' lang='lat' dir='ltr'><strong>decorum</strong></span> <span class='ocrx_word' id='word_1_376' title='bbox 1320 1987 1534 2017; x_wconf 85' lang='lat' dir='ltr'><strong>personarum</strong></span> <span class='ocrx_word' id='word_1_377' title='bbox 1550 1978 1675 2019; x_wconf 85' lang='lat' dir='ltr'><strong>ubique</strong></span> <span class='ocrx_word' id='word_1_378' title='bbox 1689 1983 1725 2011; x_wconf 84' lang='lat' dir='ltr'><strong>et</strong></span> <span class='ocrx_word' id='word_1_379' title='bbox 1737 1988 1822 2011; x_wconf 83' lang='lat' dir='ltr'><strong>sem-</strong></span> 
     </span>
     <span class='ocr_line' id='line_1_58' title="bbox 1138 2025 1820 2066; baseline 0.004 -10"><span class='ocrx_word' id='word_1_380' title='bbox 1138 2034 1199 2065; x_wconf 85' lang='lat' dir='ltr'><strong>per</strong></span> <span class='ocrx_word' id='word_1_381' title='bbox 1223 2025 1404 2063; x_wconf 88' lang='lat' dir='ltr'><strong>custodire,</strong></span> <span class='ocrx_word' id='word_1_382' title='bbox 1429 2026 1482 2056; x_wconf 88' lang='lat' dir='ltr'><strong>vel</strong></span> <span class='ocrx_word' id='word_1_383' title='bbox 1508 2026 1724 2066; x_wconf 72' lang='lat' dir='ltr'><strong>‘Descriptus</strong></span> <span class='ocrx_word' id='word_1_384' title='bbox 1751 2036 1820 2059; x_wconf 73' lang='lat' dir='ltr'><strong>ser-</strong></span> 
     </span>
     <span class='ocr_line' id='line_1_59' title="bbox 1138 2073 1817 2115; baseline 0.007 -12"><span class='ocrx_word' id='word_1_385' title='bbox 1138 2082 1216 2104; x_wconf 82' lang='lat' dir='ltr'><strong>vare</strong></span> <span class='ocrx_word' id='word_1_386' title='bbox 1242 2073 1333 2104; x_wconf 83' lang='lat' dir='ltr'><strong>vices</strong></span> <span class='ocrx_word' id='word_1_387' title='bbox 1355 2082 1558 2114; x_wconf 86' lang='lat' dir='ltr'><strong>operumque</strong></span> <span class='ocrx_word' id='word_1_388' title='bbox 1580 2074 1731 2115; x_wconf 84' lang='lat' dir='ltr'><strong>colores‚’</strong></span> <span class='ocrx_word' id='word_1_389' title='bbox 1755 2077 1817 2108; x_wconf 81' lang='lat' dir='ltr'><strong>&amp;c-</strong></span> 
     </span>
     <span class='ocr_line' id='line_1_60' title="bbox 1135 2122 1485 2162; baseline 0 -9"><span class='ocrx_word' id='word_1_390' title='bbox 1135 2122 1222 2154; x_wconf 85' lang='lat' dir='ltr'><strong>Vide</strong></span> <span class='ocrx_word' id='word_1_391' title='bbox 1239 2123 1346 2162; x_wconf 81' lang='lat' dir='ltr'><strong>Epist.</strong></span> <span class='ocrx_word' id='word_1_392' title='bbox 1361 2123 1402 2154; x_wconf 88' lang='lat' dir='ltr'><strong>sd</strong></span> <span class='ocrx_word' id='word_1_393' title='bbox 1417 2123 1485 2154; x_wconf 79' lang='lat' dir='ltr'><strong>Pis.</strong></span> 
     </span>
    </p>

    <p class='ocr_par' dir='ltr' id='par_1_22' title="bbox 1133 2170 1818 2349">
     <span class='ocr_line' id='line_1_61' title="bbox 1177 2170 1818 2210; baseline 0.003 -8"><span class='ocrx_word' id='word_1_394' title='bbox 1177 2173 1237 2202; x_wconf 79' lang='grc'><strong>175</strong></span> <span class='ocrx_word' id='word_1_395' title='bbox 1264 2171 1368 2203; x_wconf 66' lang='lat' dir='ltr'><strong>Gestit</strong></span> <span class='ocrx_word' id='word_1_396' title='bbox 1390 2170 1486 2210; x_wconf 76' lang='lat' dir='ltr'><strong>enim]</strong></span> <span class='ocrx_word' id='word_1_397' title='bbox 1517 2170 1562 2202; x_wconf 80' lang='lat' dir='ltr'><strong>Et</strong></span> <span class='ocrx_word' id='word_1_398' title='bbox 1580 2171 1644 2202; x_wconf 81' lang='lat' dir='ltr'><strong>hoc</strong></span> <span class='ocrx_word' id='word_1_399' title='bbox 1659 2171 1755 2203; x_wconf 84' lang='lat' dir='ltr'><strong>unius</strong></span> <span class='ocrx_word' id='word_1_400' title='bbox 1769 2173 1818 2204; x_wconf 87' lang='lat' dir='ltr'><strong>lu-</strong></span> 
     </span>
     <span class='ocr_line' id='line_1_62' title="bbox 1134 2219 1816 2262; baseline 0.003 -11"><span class='ocrx_word' id='word_1_401' title='bbox 1134 2219 1183 2251; x_wconf 90' lang='lat' dir='ltr'><strong>cri</strong></span> <span class='ocrx_word' id='word_1_402' title='bbox 1197 2221 1302 2261; x_wconf 84' lang='lat' dir='ltr'><strong>magis</strong></span> <span class='ocrx_word' id='word_1_403' title='bbox 1311 2230 1407 2262; x_wconf 83' lang='lat' dir='ltr'><strong>quam</strong></span> <span class='ocrx_word' id='word_1_404' title='bbox 1420 2220 1528 2252; x_wconf 80' lang='lat' dir='ltr'><strong>laudis</strong></span> <span class='ocrx_word' id='word_1_405' title='bbox 1541 2220 1685 2252; x_wconf 78' lang='lat' dir='ltr'><strong>studium</strong></span> <span class='ocrx_word' id='word_1_406' title='bbox 1698 2221 1816 2254; x_wconf 72' lang='lat' dir='ltr'><strong>referri</strong></span> 
     </span>
     <span class='ocr_line' id='line_1_63' title="bbox 1134 2267 1815 2310; baseline 0.004 -12"><span class='ocrx_word' id='word_1_407' title='bbox 1134 2267 1269 2300; x_wconf 83' lang='lat' dir='ltr'><strong>videtur</strong></span> <span class='ocrx_word' id='word_1_408' title='bbox 1297 2273 1364 2300; x_wconf 85' lang='lat' dir='ltr'><strong>tam</strong></span> <span class='ocrx_word' id='word_1_409' title='bbox 1389 2269 1430 2300; x_wconf 86' lang='lat' dir='ltr'><strong>ad</strong></span> <span class='ocrx_word' id='word_1_410' title='bbox 1463 2269 1620 2300; x_wconf 81' lang='lat' dir='ltr'><strong>Plautum</strong></span> <span class='ocrx_word' id='word_1_411' title='bbox 1647 2278 1745 2310; x_wconf 86' lang='lat' dir='ltr'><strong>quam</strong></span> <span class='ocrx_word' id='word_1_412' title='bbox 1774 2270 1815 2301; x_wconf 83' lang='lat' dir='ltr'><strong>ad</strong></span> 
     </span>
     <span class='ocr_line' id='line_1_64' title="bbox 1133 2317 1355 2349; baseline 0 -1"><span class='ocrx_word' id='word_1_413' title='bbox 1133 2317 1355 2349; x_wconf 78' lang='lat' dir='ltr'><strong>Dossennum.</strong></span> 
     </span>
    </p>

    <p class='ocr_par' dir='ltr' id='par_1_23' title="bbox 1130 2364 1814 2503">
     <span class='ocr_line' id='line_1_65' title="bbox 1172 2364 1814 2406; baseline -0.005 -9"><span class='ocrx_word' id='word_1_414' title='bbox 1172 2365 1354 2405; x_wconf 72' lang='lat' dir='ltr'><strong>Nummum]</strong></span> <span class='ocrx_word' id='word_1_415' title='bbox 1385 2365 1537 2397; x_wconf 85' lang='lat' dir='ltr'><strong>Pretium</strong></span> <span class='ocrx_word' id='word_1_416' title='bbox 1553 2374 1614 2406; x_wconf 85' lang='lat' dir='ltr'><strong>pro</strong></span> <span class='ocrx_word' id='word_1_417' title='bbox 1630 2364 1743 2397; x_wconf 77' lang='lat' dir='ltr'><strong>fabula</strong></span> <span class='ocrx_word' id='word_1_418' title='bbox 1757 2366 1814 2398; x_wconf 80' lang='lat' dir='ltr'><strong>da.</strong></span> 
     </span>
     <span class='ocr_line' id='line_1_66' title="bbox 1131 2414 1814 2448; baseline 0.003 -2"><span class='ocrx_word' id='word_1_419' title='bbox 1131 2419 1200 2446; x_wconf 85' lang='lat' dir='ltr'><strong>tum</strong></span> <span class='ocrx_word' id='word_1_420' title='bbox 1215 2425 1235 2446; x_wconf 85' lang='lat' dir='ltr'><strong>a</strong></span> <span class='ocrx_word' id='word_1_421' title='bbox 1250 2415 1402 2446; x_wconf 85' lang='lat' dir='ltr'><strong>Proetore</strong></span> <span class='ocrx_word' id='word_1_422' title='bbox 1422 2415 1475 2446; x_wconf 90' lang='lat' dir='ltr'><strong>vel</strong></span> <span class='ocrx_word' id='word_1_423' title='bbox 1491 2414 1672 2446; x_wconf 82' lang='lat' dir='ltr'><strong>AEdiiibus:</strong></span> <span class='ocrx_word' id='word_1_424' title='bbox 1696 2419 1735 2446; x_wconf 89' lang='lat' dir='ltr'><strong>ut</strong></span> <span class='ocrx_word' id='word_1_425' title='bbox 1757 2424 1814 2448; x_wconf 78' lang='lat' dir='ltr'><strong>an-</strong></span> 
     </span>
     <span class='ocr_line' id='line_1_67' title="bbox 1130 2465 1369 2503; baseline 0 -8"><span class='ocrx_word' id='word_1_426' title='bbox 1130 2465 1240 2495; x_wconf 80' lang='lat' dir='ltr'><strong>notavi</strong></span> <span class='ocrx_word' id='word_1_427' title='bbox 1255 2473 1369 2503; x_wconf 85' lang='lat' dir='ltr'><strong>supra.</strong></span> 
     </span>
    </p>

    <p class='ocr_par' dir='ltr' id='par_1_24' title="bbox 1129 2512 1812 2693">
     <span class='ocr_line' id='line_1_68' title="bbox 1172 2512 1812 2552; baseline 0.002 -9"><span class='ocrx_word' id='word_1_428' title='bbox 1172 2514 1234 2543; x_wconf 86' lang='grc'><strong>176</strong></span> <span class='ocrx_word' id='word_1_429' title='bbox 1257 2513 1358 2543; x_wconf 76' lang='lat' dir='ltr'><strong>eadat</strong></span> <span class='ocrx_word' id='word_1_430' title='bbox 1374 2522 1414 2543; x_wconf 82' lang='lat' dir='ltr'><strong>an</strong></span> <span class='ocrx_word' id='word_1_431' title='bbox 1433 2515 1514 2543; x_wconf 77' lang='lat' dir='ltr'><strong>recto</strong></span> <span class='ocrx_word' id='word_1_432' title='bbox 1536 2515 1597 2543; x_wconf 73' lang='lat' dir='ltr'><strong>stet</strong></span> <span class='ocrx_word' id='word_1_433' title='bbox 1609 2512 1722 2549; x_wconf 68' lang='lat' dir='ltr'><strong>sabulo</strong></span> <span class='ocrx_word' id='word_1_434' title='bbox 1732 2512 1812 2552; x_wconf 73' lang='lat' dir='ltr'><strong>talo]</strong></span> 
     </span>
     <span class='ocr_line' id='line_1_69' title="bbox 1132 2561 1810 2603; baseline 0.001 -10"><span class='ocrx_word' id='word_1_435' title='bbox 1132 2561 1187 2593; x_wconf 88' lang='lat' dir='ltr'><strong>An</strong></span> <span class='ocrx_word' id='word_1_436' title='bbox 1213 2562 1414 2602; x_wconf 83' lang='lat' dir='ltr'><strong>explodatur</strong></span> <span class='ocrx_word' id='word_1_437' title='bbox 1437 2572 1457 2593; x_wconf 79' lang='lat' dir='ltr'><strong>a</strong></span> <span class='ocrx_word' id='word_1_438' title='bbox 1484 2562 1620 2603; x_wconf 87' lang='lat' dir='ltr'><strong>populo,</strong></span> <span class='ocrx_word' id='word_1_439' title='bbox 1641 2571 1683 2594; x_wconf 83' lang='lat' dir='ltr'><strong>au</strong></span> <span class='ocrx_word' id='word_1_440' title='bbox 1707 2563 1810 2594; x_wconf 79' lang='lat' dir='ltr'><strong>semel</strong></span> 
     </span>
     <span class='ocr_line' id='line_1_70' title="bbox 1131 2612 1808 2652; baseline -0.001 -9"><span class='ocrx_word' id='word_1_441' title='bbox 1131 2612 1319 2652; x_wconf 75' lang='lat' dir='ltr'><strong>approbata</strong></span> <span class='ocrx_word' id='word_1_442' title='bbox 1335 2613 1457 2652; x_wconf 73' lang='lat' dir='ltr'><strong>saepius</strong></span> <span class='ocrx_word' id='word_1_443' title='bbox 1477 2616 1669 2652; x_wconf 78' lang='lat' dir='ltr'><strong>expetatur.</strong></span> <span class='ocrx_word' id='word_1_444' title='bbox 1711 2612 1808 2644; x_wconf 70' lang='lat' dir='ltr'><strong>Pers.</strong></span> 
     </span>
     <span class='ocr_line' id='line_1_71' title="bbox 1129 2660 1808 2693; baseline -0.001 -1"><span class='ocrx_word' id='word_1_445' title='bbox 1129 2661 1200 2692; x_wconf 84' lang='lat' dir='ltr'><strong>Sat.</strong></span> <span class='ocrx_word' id='word_1_446' title='bbox 1227 2670 1261 2692; x_wconf 89' lang='lat' dir='ltr'><strong>v.</strong></span> <span class='ocrx_word' id='word_1_447' title='bbox 1286 2663 1358 2693; x_wconf 86' lang='grc'><strong>104.</strong></span> <span class='ocrx_word' id='word_1_448' title='bbox 1379 2663 1388 2678; x_wconf 84' lang='lat'>⁸</span> <span class='ocrx_word' id='word_1_449' title='bbox 1401 2661 1473 2692; x_wconf 85' lang='lat' dir='ltr'><strong>Tibi</strong></span> <span class='ocrx_word' id='word_1_450' title='bbox 1498 2665 1592 2693; x_wconf 84' lang='lat' dir='ltr'><strong>recto</strong></span> <span class='ocrx_word' id='word_1_451' title='bbox 1614 2660 1726 2692; x_wconf 82' lang='lat' dir='ltr'><strong>vivere</strong></span> <span class='ocrx_word' id='word_1_452' title='bbox 1741 2661 1808 2691; x_wconf 75' lang='lat' dir='ltr'><strong>talo</strong></span> 
     </span>
    </p>
   </div>
   <div class='ocr_carea' id='block_1_11' title="bbox 1130 2709 1805 2798">
    <p class='ocr_par' dir='ltr' id='par_1_25' title="bbox 1130 2709 1805 2798">
     <span class='ocr_line' id='line_1_72' title="bbox 1130 2709 1328 2742; baseline -0.005 -1"><span class='ocrx_word' id='word_1_453' title='bbox 1130 2709 1195 2742; x_wconf 81' lang='lat' dir='ltr'><strong>Ars</strong></span> <span class='ocrx_word' id='word_1_454' title='bbox 1209 2709 1328 2742; x_wconf 69' lang='lat' dir='ltr'><strong>dedit:</strong></span> 
     </span>
     <span class='ocr_line' id='line_1_73' title="bbox 1172 2757 1805 2798; baseline 0.002 -9"><span class='ocrx_word' id='word_1_455' title='bbox 1172 2760 1232 2789; x_wconf 82' lang='grc'><strong>177</strong></span> <span class='ocrx_word' id='word_1_456' title='bbox 1257 2758 1447 2794; x_wconf 68' lang='grc' dir='ltr'><strong>ρυεηι,εαίἰε</strong></span> <span class='ocrx_word' id='word_1_457' title='bbox 1470 2758 1510 2789; x_wconf 79' lang='lat' dir='ltr'><strong>od</strong></span> <span class='ocrx_word' id='word_1_458' title='bbox 1529 2757 1662 2797; x_wconf 69' lang='lat' dir='ltr'><strong>menam]</strong></span> <span class='ocrx_word' id='word_1_459' title='bbox 1686 2757 1805 2798; x_wconf 85' lang='lat' dir='ltr'><strong>Neque</strong></span> 
     </span>
    </p>
   </div>
  </div>
 </body>
</html>
