1904 3216
387 257 498 298 1674

387 355 430 386 do
453 354 524 395 fiat,
546 355 647 387 docet
674 353 875 386 Aristoteles
892 352 1068 385 Problem.

388 406 480 436 Sect.
497 413 553 435 111.
570 404 751 443 eademque
765 402 808 433 de
830 411 866 434 re
883 403 986 433 multa
1001 403 1070 434 ele-

387 458 508 490 ganter
532 453 716 484 Athenaeus
760 451 819 482 lib.
847 459 883 483 x.
929 451 1070 484 Torreat.

390 502 599 540 Numerusque
623 500 770 540 lucernis]
795 500 914 531 Ebrius
941 509 1008 531 rem
1032 510 1069 530 u·

384 559 459 580 nam
474 558 627 587 cernens,
638 549 751 589 plures
762 549 895 581 videtur
904 549 1069 590 aspicere.

384 598 545 638 [Cuning.
557 597 654 638 capiti
666 597 802 637 servm-‚J

424 648 467 676 26
488 646 683 686 Prognatm]
705 647 838 679 Pollux.

423 697 464 726 27
489 694 627 734 Pugnis]
649 695 804 730 Cestibus
839 702 876 728 et
903 695 1067 736 pugillatu

384 742 583 775 delectatur.
629 745 712 780 Quot
725 745 874 785 capitum]
893 744 986 777 Quot
1008 744 1066 776 ho·

382 791 501 830 mines,
537 796 589 824 tot
623 794 811 825 sententiae.
844 794 853 812 ‘
870 794 986 825 Trahit
1006 803 1067 824 sua

383 850 549 881 quemque
562 842 738 882 voluptas!

425 891 482 930 [28
497 891 672 922 Barberin.
689 895 715 923 l.
731 891 878 931 verbum]

425 941 467 970 29
510 939 625 970 Lucilii
649 939 727 978 vitu]
773 940 870 971 More
899 940 1065 980 Satyrico.

385 987 536 1017 Nostrum
550 987 683 1019 melioris
697 988 839 1028 utroque]
866 987 907 1020 In
923 988 1067 1019 Poetica

383 1044 505 1074 nempe
531 1035 714 1067 facultate:
739 1045 804 1068 non
820 1036 906 1076 quod
926 1036 974 1067 vir
998 1045 1067 1068 ine-

383 1084 446 1114 lior
457 1084 582 1115 fuerit:
606 1084 649 1116 de
661 1094 703 1116 eo
727 1085 814 1116 euim
828 1094 892 1116 non
909 1085 979 1125 agit
996 1085 1065 1116 Ho-

382 1133 496 1165 ratius.
540 1134 585 1164 Et
607 1134 679 1174 hoc,
696 1138 733 1166 ut
747 1143 836 1174 reor,
860 1138 1067 1174 argumento,

384 1182 517 1220 quidam
529 1182 723 1215 Trebatium
733 1183 851 1215 Poetae
865 1183 1066 1216 adscribunt.

386 1231 527 1263 Torrent.
586 1232 737 1264 Nostrum
764 1233 899 1265 melioris
925 1233 1067 1273 utroque]

384 1280 451 1313 Qui
463 1279 526 1312 fuit
542 1285 577 1312 et
592 1287 627 1312 te
639 1286 675 1314 et
687 1292 740 1314 me
756 1283 885 1314 melior.

423 1331 465 1360 30
487 1330 562 1371 Ille]
587 1330 744 1364 Lucilius.

424 1381 463 1409 31
503 1380 654 1411 Credebat
690 1380 794 1420 libris]
824 1381 1066 1413 committebat

381 1427 488 1459 libris.
509 1427 548 1458 Si
561 1429 654 1468 male]
664 1428 787 1470 Siquid
803 1429 835 1460 ei
847 1430 1065 1462 maleevene-

383 1482 447 1507 rat.
477 1477 640 1516 Gesserat]
656 1478 838 1511 Lambinus
854 1479 987 1519 quidem
1002 1490 1065 1511 ces·

383 1529 466 1558 serat
478 1536 488 1556 .·
511 1525 713 1566 sedgesserat
728 1527 854 1559 habent
866 1537 980 1560 omnes
989 1538 1064 1561 nos-

381 1575 426 1606 tri
437 1574 585 1615 codices,
600 1576 689 1616 quod
713 1577 834 1608 mutari
856 1586 922 1608 non
936 1577 1064 1609 debuit.

381 1625 470 1656 Nam
486 1630 523 1656 et
534 1635 643 1664 gerere
655 1627 822 1658 interdum
835 1627 990 1659 absolute
1005 1638 1066 1668 po-

382 1674 473 1704 nitur
489 1684 497 1704 :
521 1680 571 1710 ut,
587 1675 597 1692 ⁴
609 1685 628 1706 a
642 1684 701 1715 spe
715 1675 801 1706 bene
817 1676 956 1716 gerendi
969 1677 1066 1708 abes-

382 1721 440 1761 se‚⁸
459 1722 545 1755 dixit
571 1723 692 1755 Cicero
713 1723 770 1756 lib.
785 1733 819 1755 v.
844 1725 887 1756 de
917 1725 1064 1759 Finibus.

381 1771 428 1803 Et
449 1771 512 1802 hoc
535 1771 608 1804 loco
634 1772 764 1813 optime
787 1775 968 1812 convenit;
993 1784 1067 1806 sen-

382 1820 491 1851 tentia
505 1820 593 1852 enim
619 1826 684 1861 est,
700 1831 742 1853 ue
767 1822 828 1853 sibi
852 1823 915 1863 ipsi
931 1823 1066 1864 quidem

382 1869 576 1909 pepercisse
587 1870 769 1910 Lucilium3
785 1872 877 1912 quin,
889 1873 960 1904 sive
970 1872 1067 1913 bene,

382 1919 454 1952 sive
469 1921 555 1951 male
568 1925 696 1960 ageret,
714 1921 815 1952 vitam
826 1931 918 1952 suam
935 1932 1066 1953 omnem

381 1967 531 2000 versibus
563 1973 720 2001 testatam
757 1970 960 2011 relinqueret
975 1981 982 2001 :
1029 1975 1066 2002 ut

380 2016 632 2057 naufragiorum
672 2019 925 2060 morborumque
959 2029 1066 2058 casus,

382 2066 533 2096 Deorum
556 2067 680 2099 auxilio
703 2075 739 2098 ae
761 2069 908 2100 evasisse
931 2069 1009 2108 rati,
1032 2069 1065 2100 in

383 2114 555 2153 suspensis
577 2123 620 2147 ex
634 2120 711 2147 voto
732 2116 856 2147 tabulis
869 2116 1066 2156 depingunt.

384 2161 472 2193 Torr-

423 2213 465 2242 32
492 2211 663 2243 Decurrens
675 2212 748 2251 alio,
762 2213 869 2253 neque]
892 2214 1012 2254 Neque
1024 2213 1066 2244 ad

380 2259 471 2295 aliud
481 2260 558 2291 vitae
572 2269 676 2300 genus
689 2260 898 2303 confugiens,
912 2271 1010 2303 quarn
1025 2263 1066 2293 ad

379 2308 485 2339 libros
500 2319 587 2340 suos.

424 2359 464 2388 33
493 2357 604 2388 votiva
626 2359 731 2397 pateat
758 2357 869 2398 veluti]
891 2357 1008 2390 Veluti
1034 2358 1067 2389 in

382 2405 510 2444 tabula,
532 2415 606 2446 quae
633 2415 676 2437 ex
700 2411 778 2437 voto
800 2407 1068 2448 suspendebatur

382 2455 416 2486 iu
430 2456 556 2495 templo
572 2464 592 2486 a
607 2454 788 2495 naufragis.

425 2506 466 2534 34
487 2504 560 2535 Vita
573 2504 670 2544 senis]
693 2505 702 2521 ‘
715 2505 834 2536 Senem
848 2503 856 2518 '
874 2508 986 2544 vocat,
1000 2514 1067 2536 non

385 2557 454 2584 tam
468 2553 510 2584 ob
521 2558 669 2592 aetatem,
681 2557 719 2584 ut
729 2553 894 2584 arbitror:
910 2563 985 2586 cum
999 2555 1066 2586 Eu-

385 2602 478 2634 sebio
492 2606 590 2637 teste.
601 2611 687 2634 anno
699 2606 793 2633 sexto
805 2608 839 2634 et
852 2603 1067 2644 qiiadragesi-

383 2659 438 2681 mo
461 2652 631 2683 extinctus
654 2651 723 2689 sit;
746 2650 806 2683 sed
833 2651 923 2695 quod
950 2653 982 2683 in
1008 2652 1067 2684 ina

383 2699 549 2730 seniorum
575 2699 755 2731 Poetarum
787 2701 887 2732 turba
932 2701 1066 2733 Horatii

383 2747 495 2780 seculo
517 2753 708 2788 poneretur.
733 2749 874 2782 Turrem.
933 2750 1006 2781 Vita
1020 2759 1065 2781 se-

838 264 977 295 No'rAE
1010 263 1268 296 vamoRUM
1301 265 1351 294 IN

1116 353 1181 393 nis]
1204 354 1286 385 vita
1310 354 1442 387 Lucilii·

1117 401 1202 433 bins.

1155 454 1194 482 35
1225 451 1409 491 Venusinus]
1429 451 1576 484 Venusia
1590 451 1694 492 igitur
1707 452 1799 485 colo-

1115 499 1172 531 nia
1186 500 1420 539 Romanorum,
1433 499 1567 541 Apulia
1589 506 1625 532 et
1640 501 1796 533 Lucania

1115 548 1240 584 media,
1268 548 1386 581 Poetae
1421 549 1526 580 nostri
1564 549 1675 589 patria
1702 554 1796 582 erat:

1116 597 1204 629 unde
1221 601 1257 628 et
1269 597 1490 629 ‘Venusinus’
1512 596 1634 629 dictus.
1658 597 1798 629 Torreat.

1121 645 1302 686 Utrumque]
1326 645 1422 677 Inter
1437 645 1617 677 Lucaniam
1632 648 1669 676 et
1685 644 1799 686 Appu-

1115 694 1202 725 liam.
1245 695 1307 726 Est
1328 695 1415 726 enim
1440 693 1600 727 Horatius
1623 693 1658 726 in
1673 695 1798 735 oppido

1115 742 1260 774 venusio
1272 747 1382 774 natus.

1157 793 1199 822 36
1220 791 1354 832 Missus]
1377 791 1408 824 A
1431 791 1538 823 Roma
1562 790 1693 823 missus.
1737 789 1797 822 Su-

1115 839 1211 881 bellis]
1238 841 1375 880 Sabelli,
1389 841 1453 873 orti
1468 840 1604 881 quidem
1620 849 1639 870 ι
1652 838 1799 875 Sabinis,

1115 888 1175 919 sed
1190 888 1358 921 Samnium
1373 889 1572 922 incolentes.
1597 888 1735 920 Tor-rent.

1156 939 1196 967 37
1223 936 1291 971 Quo
1304 946 1341 967 ue
1352 947 1408 976 per
1426 946 1555 968 omum
1575 935 1730 980 Βοηιωιο]
1744 937 1797 969 Ne

1116 995 1177 1025 per
1192 991 1368 1018 vacantem
1391 986 1498 1017 locum
1519 985 1663 1018 Sabellis
1681 986 1799 1026 expul-

1116 1035 1175 1074 sis,
1197 1035 1349 1075 pervium
1373 1034 1462 1066 inter
1481 1038 1572 1066 esset
1593 1033 1735 1065 Lucanis
1755 1033 1799 1065 ad

1116 1084 1295 1115 Romanos.

1158 1136 1200 1164 39
1235 1134 1299 1165 Hic
1321 1132 1434 1174 stylus]
1455 1131 1625 1173 ‘Stylum'
1650 1131 1799 1172 appellat

1114 1182 1242 1223 Satyrae
1257 1184 1421 1222 aculeum.
1454 1181 1594 1214 Tor-rene.
1637 1181 1737 1213 Haud
1751 1182 1800 1212 al-

1117 1229 1180 1270 tro]
1196 1231 1270 1262 Nisi
1285 1230 1346 1261 sim
1363 1229 1550 1261 lacessitus.

1487 354 1624 395 Anceps]
1644 355 1723 388 Sum
1738 356 1795 387 ‹lu-

1158 1282 1201 1310 40
1226 1279 1418 1319 Quenquam]
1433 1279 1630 1319 Quenquam
1647 1278 1768 1309 vivum.

1156 1332 1195 1360 41
1220 1328 1435 1368 Distringere]
1459 1327 1567 1360 Recte
1581 1337 1591 1365 ;
1606 1332 1646 1358 ut
1658 1335 1714 1358 ιιι.
1730 1327 1798 1358 Od.

1116 1381 1147 1410 1.
1161 1379 1171 1395 ‘
1182 1378 1363 1410 Distu-ictus
1375 1375 1489 1414 ensis:
1502 1381 1539 1409 et
1555 1380 1665 1407 tamen
1679 1376 1800 1416 optimi

1113 1427 1190 1458 libri
1206 1428 1260 1459 hic
1277 1429 1469 1467 destringere
1483 1426 1612 1466 legunt.
1636 1425 1779 1458 Torreat.

1155 1479 1198 1508 42
1223 1477 1320 1508 ssatus
1345 1477 1383 1507 ab
1404 1475 1543 1515 infestis]
1571 1475 1635 1507 Cui
1662 1480 1798 1507 cautum

1114 1531 1166 1558 est
1181 1527 1223 1559 de
1238 1528 1283 1562 vi,
1299 1527 1379 1559 nihil
1395 1527 1427 1559 ei
1440 1535 1578 1559 necesse
1593 1530 1645 1557 est
1659 1525 1797 1566 distrin-

1115 1586 1194 1617 gere
1209 1576 1369 1616 gladium,
1384 1575 1480 1615 cnjus
1495 1583 1574 1607 usus
1588 1579 1642 1607 est
1663 1575 1705 1605 ad
1722 1584 1797 1615 pro·

1116 1626 1320 1666 pellendam,
1335 1634 1401 1656 non
1421 1624 1463 1656 ad
1489 1622 1697 1657 inferendam
1711 1624 1799 1664 inju-

1115 1674 1226 1711 riam;
1248 1682 1324 1703 narn
1353 1673 1421 1704 vim
1452 1672 1486 1702 vi
1513 1671 1683 1712 depellere
1706 1671 1799 1703 licet.

1118 1723 1212 1762 Cruq.
1247 1719 1485 1762 LatronibmJA
1499 1718 1684 1751 maledicis.
1705 1719 1800 1760 [Vnt.

1116 1771 1226 1803 Palat.
1242 1774 1272 1802 1.
1287 1781 1304 1802 ο
1316 1774 1417 1811 pater,
1438 1780 1455 1801 o
1466 1766 1549 1807 rem]

1156 1823 1197 1852 43
1226 1821 1270 1851 Ut
1282 1823 1387 1860 pereat
1400 1818 1548 1859 positum]
1570 1817 1705 1851 Utinam
1723 1826 1798 1857 per-

1116 1875 1173 1900 eat
1197 1870 1300 1901 telum
1319 1868 1372 1909 (id
1394 1873 1459 1905 est.
1472 1867 1526 1899 bic
1545 1865 1716 1900 scribendi
1730 1872 1799 1907 sty-

1115 1916 1182 1958 lus)
1204 1921 1242 1948 ut
1252 1926 1317 1950 non
1334 1917 1379 1949 sit
1392 1925 1494 1947 causa
1505 1925 1566 1948 cur
1579 1915 1637 1948 illo
1652 1920 1739 1948 utar.

1156 1970 1197 1999 45
1223 1965 1405 2005 commorit]
1430 1969 1439 1983 ‘
1453 1963 1612 1997 Foenum'
1633 1964 1723 1996 enirn
1743 1964 1799 1996 ‘in

1117 2025 1221 2047 cornu
1234 2015 1360 2047 liabent
1371 2013 1380 2028 ’
1395 2013 1527 2052 Poetae,
1546 2013 1687 2046 maxime
1701 2013 1800 2053 Saty-

1116 2065 1190 2097 rici.
1213 2064 1354 2096 Torreat.
1398 2060 1581 2101 commorit]
1602 2061 1670 2094 Qui
1685 2071 1738 2094 me
1752 2062 1799 2094 la-

1115 2112 1278 2146 cessierit.

1156 2163 1198 2190 46
1231 2157 1350 2196 Flebit]
1387 2157 1550 2188 Plorabit.
1615 2157 1799 2190 ean-cabitur

1114 2206 1198 2246 urbi]
1215 2206 1415 2239 Cantabitur
1430 2205 1472 2236 ad
1487 2203 1654 2237 infamiam
1665 2206 1716 2238 sui
1739 2215 1798 2238 no-

1115 2259 1213 2291 minis
1224 2256 1474 2296 sempiternam.

1157 2309 1197 2339 47
1243 2305 1388 2344 Cervius]
1415 2303 1506 2335 Male
1529 2303 1655 2336 Servius
1681 2305 1797 2337 Lamb-

1116 2365 1192 2388 cnm
1203 2355 1236 2386 in
1246 2353 1397 2386 omnibus
1412 2352 1658 2392 exemplaribus
1672 2353 1798 2387 Cervius

1115 2406 1269 2445 legatur:
1291 2401 1381 2434 haud
1405 2401 1507 2432 dubie
1526 2401 1798 2442 quadruplatoris

1116 2453 1258 2492 alicujus
1283 2460 1414 2483 nomen.
1457 2449 1504 2482 At
1528 2450 1639 2482 Servii
1666 2452 1798 2485 nomine

1115 2512 1272 2544 magnum
1288 2501 1379 2533 illum
1398 2499 1524 2533 sctum
1545 2499 1641 2531 Serv.
1662 2499 1799 2540 Sulpiti·

1116 2563 1171 2584 um
1186 2551 1259 2584 fere
1273 2548 1503 2589 intelligimus.
1535 2547 1580 2581 P.
1593 2548 1719 2588 Cervii,
1740 2549 1798 2590 qui

1115 2601 1277 2633 moechum
1306 2598 1550 2638 deprehensum
1585 2598 1798 2635 castraverit,

1115 2648 1241 2682 mentio
1269 2646 1357 2687 apud
1384 2646 1467 2688 val..
1496 2645 1588 2678 Max.
1613 2653 1667 2678 xi.
1689 2648 1717 2678 1.
1739 2646 1797 2678 ubi

1116 2703 1226 2730 tamen
1259 2694 1442 2728 ‘Ceruius’
1471 2694 1607 2733 legitur,
1635 2694 1695 2726 seu
1725 2703 1796 2727 cor-

1115 2753 1225 2788 rupte.
1243 2746 1380 2777 Torrent.
1425 2743 1554 2783 Cervius
1563 2742 1676 2783 iratus]
1697 2742 1794 2775 Qum-
