1930 3204
368 263 476 304 1610

365 365 374 383 ‘
391 364 426 396 Si
442 363 598 394 dederint
611 362 722 402 superi
734 361 847 392 decies
858 361 936 392 mihi
951 362 1055 392 millia

367 412 528 446 centum!
587 411 781 451 Eademque
825 415 878 442 est
922 420 1054 447 caussa,

366 462 466 503 quod,
490 471 563 492 cum
590 460 766 490 maximam
793 459 903 490 dotem
928 459 1052 499 siguifi-

366 520 444 543 care
466 515 618 541 auctores
642 509 770 547 volunt,
787 507 870 539 hanc
894 517 1055 538 summam

366 559 568 599 exprimunt.
591 557 713 589 Juven.
726 557 797 588 Sat.
815 565 851 588 x.
875 557 884 574 ⁴
901 557 980 587 Ritu
997 556 1055 586 de-

366 609 434 639 cies
449 612 593 638 centena
605 606 774 637 dabuntur
785 605 955 646 Antiquo.'
977 604 1056 635 Effi-

367 657 414 687 cit
431 660 543 687 autem
559 655 672 686 decies
698 655 890 686 sestertium
907 662 992 684 xXV.
1014 662 1054 685 M.

367 710 613 736 coronatorum.
638 705 777 736 Torrent.
822 703 933 735 Decies
956 706 1055 734 cente-

366 755 422 794 na]
445 755 539 786 Mille
567 755 720 785 sestertia
746 753 773 783 si
800 752 950 783 dedisses
978 750 1055 782 huic

368 804 423 844 qui
441 804 539 843 paulo
555 808 631 833 ante
647 806 721 832 erat
737 806 802 831 tarn
819 809 950 840 parcus.

411 855 451 883 16
476 852 615 892 Quinque
625 852 731 882 diebus
744 851 803 881 Nil
817 850 926 882 eratin
938 847 1056 888 loculis]

369 901 479 939 Nova,
487 909 548 930 nec
564 900 732 940 inelegans
747 899 880 929 locutio.
901 899 1056 937 Repente

369 954 479 980 autem
497 949 633 987 largiter
655 948 792 986 habere,
807 950 947 985 repente
963 946 1056 984 nihil,

369 998 433 1027 hoc
450 997 591 1027 vocabat
607 997 692 1027 Cato
706 997 715 1012 ‘
732 994 985 1026 vecticulariam
1011 994 1056 1024 vi-

371 1051 438 1076 tam
454 1045 587 1083 vivere‚’
602 1044 643 1074 ab
661 1044 709 1074 his
723 1044 778 1084 qui
793 1042 924 1073 furandi
938 1052 1058 1074 caussa

369 1093 494 1124 alienos
523 1093 670 1132 parietes
701 1091 854 1134 vectibus
889 1089 1058 1129 foderent,

371 1147 460 1173 teste
477 1143 592 1172 Festo.
612 1143 752 1172 Tor-rent.

413 1193 451 1221 19
474 1190 528 1220 Sic
542 1190 642 1229 impar
652 1189 728 1229 sibi]
754 1187 809 1218 Sic
827 1188 1033 1218 inconstans.

412 1240 469 1279 [20
492 1240 571 1270 Vnt.
588 1240 682 1270 Rom.
699 1240 730 1269 3.
744 1248 763 1268 a
778 1247 822 1268 m.
845 1247 896 1277 pr.
918 1241 973 1268 aut
987 1237 1058 1274 for-

373 1288 479 1328 tusses]

413 1339 452 1367 21
477 1336 614 1367 Maenius
631 1336 782 1367 absentem
797 1335 949 1376 Novium]
973 1335 1058 1366 Rec-

372 1389 406 1415 te
423 1385 605 1424 posteriore
623 1394 686 1414 sua
705 1384 853 1415 editione
869 1384 918 1414 sic
941 1383 1059 1415 Lamb.

372 1432 462 1465 Ante
488 1433 621 1463 Nevium
643 1441 703 1472 pro
726 1432 862 1462 Novium
886 1431 1058 1469 ediderat;

372 1480 551 1512 manifesto
570 1489 695 1511 errore.
742 1480 858 1510 Novius
879 1479 975 1510 homo
991 1479 1060 1520 qui-

372 1530 448 1560 dam
467 1529 617 1568 vitiosus,
633 1531 701 1559 sat.
722 1537 771 1558 Vl.
794 1528 936 1559 Torreat.

414 1581 456 1610 22
478 1579 610 1617 Ignoras
626 1581 655 1608 te
666 1581 679 1608 ?
699 1587 740 1608 an
755 1581 788 1608 ut
800 1577 956 1617 ignotum]
983 1576 1060 1607 Non

373 1627 494 1658 novisti
517 1632 575 1656 tua
591 1626 697 1656 vitia?
734 1626 817 1656 Dare
838 1625 923 1655 nobis
948 1624 1060 1664 Verba]

375 1677 540 1717 Cruquius
554 1678 683 1715 statuit,
696 1677 783 1707 Dare
803 1677 907 1714 verba,
926 1675 982 1706 hic
996 1684 1062 1705 non

375 1731 442 1756 tam
466 1734 540 1756 esse
561 1724 690 1764 fallere,
715 1734 813 1765 quam
833 1725 960 1755 latere:
987 1733 1063 1764 per-

375 1774 453 1806 inde
474 1784 514 1806 ac
540 1775 568 1805 si
592 1774 698 1815 dicat,
722 1783 763 1804 an
787 1779 844 1804 tua
860 1774 940 1804 vitae
966 1773 1064 1812 ratio,

374 1834 442 1864 qua
463 1824 506 1855 sis
522 1824 618 1854 nobis
634 1823 817 1863 incognita,
833 1823 940 1854 latere
962 1823 1064 1863 possit

374 1883 446 1909 nos,
474 1873 523 1904 ita
546 1879 583 1904 ut
608 1883 628 1904 a
653 1873 747 1904 nobis
776 1872 978 1912 reprehendi
997 1882 1064 1903 nou

374 1923 501 1962 queas?
531 1922 621 1954 Dare
638 1922 725 1953 nobis
741 1922 854 1962 Verba]
878 1922 983 1953 Putas
1004 1931 1065 1954 nos

374 1970 493 2002 fallere
506 1971 518 2001 ἓ
679 2000 684 2005 ,

416 2022 458 2050 23
482 2020 611 2057 Egomet
640 2019 683 2050 mi
703 2019 841 2059 ignosco]
870 2019 995 2051 Pulcre
1023 2019 1066 2050 de

375 2068 436 2097 hoc
465 2068 553 2097 Plin.
583 2067 691 2107 Epist.
719 2067 761 2097 ad
788 2068 981 2098 Geminium
1007 2067 1066 2098 lib.

378 2125 461 2147 νιιῐ.
494 2118 504 2134 ‘
522 2117 594 2155 Ego
617 2117 779 2156 optimum
803 2123 840 2147 et
863 2116 1064 2147 emendatis-

376 2165 494 2195 simum
510 2165 678 2203 existimo,
693 2164 880 2204 quiceteris
896 2164 946 2195 ita
958 2164 1066 2204 ignos-

377 2215 437 2250 cit,
467 2219 635 2254 tamquam
657 2214 728 2254 ipse
751 2214 899 2254 quotidie
922 2219 1066 2254 peccet3

377 2263 430 2294 ita
443 2264 592 2303 peccatis
609 2262 768 2302 abstinet,
785 2267 954 2302 tamquam
968 2273 1065 2295 nemo

377 2312 409 2343 ei
432 2310 609 2352 ignoscat!
652 2310 691 2341 In
709 2310 852 2350 vulgatis
871 2310 963 2341 libris
980 2312 1066 2342 male

379 2366 387 2378 ⁸
405 2365 571 2401 tamquam
597 2359 720 2389 nemini
746 2359 915 2398 ignoscat’
932 2360 1065 2400 legitur,

379 2418 439 2449 pro
454 2409 463 2425 ‘
480 2413 648 2448 tamquam
660 2417 758 2438 nemo
774 2407 827 2447 ei,’
843 2409 907 2438 διο.
926 2408 1065 2440 Torreat.

379 2458 511 2497 Egomet
536 2457 579 2488 mi
596 2457 735 2496 ignosco]
759 2457 900 2497 Egomet
921 2457 1000 2488 mihi
1023 2457 1066 2489 do

380 2508 523 2538 veniam.

421 2559 462 2587 24
483 2555 606 2586 Stultus
621 2557 651 2585 et
673 2555 842 2595 improbus]
864 2554 1065 2597 objurgatio

379 2606 499 2636 Moenii
515 2604 557 2636 ab
572 2613 682 2635 amore
698 2605 750 2635 sui
773 2605 878 2637 stulto
892 2611 929 2637 et
943 2606 1065 2646 impro-

382 2653 437 2691 bo,
458 2653 514 2692 qui
540 2653 662 2684 dicitur
682 2652 839 2692 φιλαυτία,
851 2663 916 2694 qua
939 2655 1065 2686 nullum

381 2701 489 2739 majus
518 2702 639 2732 malum
666 2701 804 2742 homini,
830 2712 937 2744 neque
961 2703 1066 2743 magis

382 2749 562 2780 exitiosum
591 2750 784 2790 contingere
813 2756 939 2792 potest.
981 2752 1065 2792 Dig-

820 271 959 301 NOTAE
991 271 1250 304 vAlzloRUM
1286 274 1333 303 IN

1104 372 1217 404 musque
1242 362 1359 403 notari]
1381 363 1575 403 Ignominiae
1602 368 1693 399 nota,
1717 372 1782 406 qu!

1104 411 1268 442 Censores
1289 421 1345 442 eos
1369 411 1541 449 notabant,
1557 413 1612 452 qui
1634 413 1714 453 quid
1736 413 1784 444 in-

1104 460 1278 491 decentius
1293 465 1347 491 aut
1370 460 1520 491 dicerent
1538 465 1596 491 aut
1619 459 1784 494 facerent.

1103 508 1339 544 Helleuismus,
1358 517 1416 546 pro
1431 507 1550 548 dignus
1570 509 1626 549 qui
1643 513 1786 543 notetur.

1107 558 1202 596 Cruq.

1146 607 1186 635 25
1210 605 1288 636 Cum
1316 608 1369 635 tua
1393 604 1553 644 pervideas
1580 604 1688 644 ocutis,
1713 606 1785 646 ssa]

1108 652 1334 693 Reprehendit
1349 662 1417 691 eos,
1431 653 1486 692 qui
1503 662 1603 693 quum
1617 663 1653 684 se
1667 653 1700 684 in
1715 662 1786 685 cer-

1105 701 1223 732 nendis
1234 702 1300 732 suis
1313 702 1459 742 ipsorum
1473 702 1562 732 vitiis
1572 711 1700 732 summa
1711 710 1787 741 per-

1104 750 1250 790 spicacia
1264 750 1313 781 uti
1334 750 1540 788 simularent,
1553 754 1672 781 contra
1692 749 1736 780 ad
1750 758 1790 780 ea

1105 799 1341 829 conniverent:
1367 803 1402 828 et
1431 808 1493 838 pro
1519 798 1659 838 Lynceis
1684 798 1790 829 oculis

1106 845 1242 887 (quibus
1255 847 1436 878 utebantur
1450 848 1481 877 in
1494 846 1697 886 aspiciendis
1709 847 1789 878 alio-

1107 904 1178 925 rum
1196 894 1300 935 vitiis)
1315 896 1425 935 lippos
1441 901 1477 926 et
1501 896 1655 926 inunctos
1676 895 1789 927 oeulos

1107 942 1279 975 afferrent.
1321 944 1424 976 Quasi
1439 944 1547 974 dicat:
1570 944 1682 976 Quum
1693 949 1731 975 tu
1746 945 1789 977 ad

1106 992 1349 1032 pervidendum
1364 991 1496 1023 scilicet
1510 996 1568 1022 tua
1583 992 1665 1024 vitia
1677 994 1791 1025 oculos

1106 1042 1216 1082 lippos
1253 1045 1289 1072 et
1323 1042 1479 1072 inunctos
1515 1039 1648 1073 afferas.
1703 1043 1788 1074 Vel:

1107 1091 1220 1123 Quum
1244 1094 1281 1122 tu
1304 1091 1414 1131 lippos
1438 1095 1475 1122 et
1498 1090 1654 1122 inunctos
1677 1091 1792 1123 oculos

1106 1139 1207 1180 (quos
1222 1144 1333 1171 tamen
1346 1140 1555 1180 perspicaces
1567 1139 1672 1171 videri
1680 1139 1794 1180 cupis)

1107 1190 1147 1220 ad
1164 1190 1331 1221 cernenda
1342 1195 1399 1221 tua
1409 1190 1490 1220 vitis
1501 1189 1670 1222 adhibeas.
1683 1189 1794 1230 Steph-

1107 1239 1290 1280 pervideas]
1314 1240 1406 1271 mut.
1435 1239 1494 1271 ub.
1527 1233 1572 1271 «ιε’
1604 1240 1794 1272 Securum

1108 1287 1235 1327 Animi,
1261 1288 1401 1319 similem
1426 1287 1550 1319 curiosi
1575 1288 1716 1320 hominis
1742 1297 1794 1319 re-

1109 1337 1362 1377 prehensionem
1375 1336 1490 1368 iisdem
1503 1346 1598 1377 paene
1611 1337 1720 1368 verbis
1735 1345 1794 1368 ex-

1110 1387 1238 1426 pressit.
1256 1386 1302 1417 ait
1315 1386 1423 1424 enim;
1445 1384 1481 1416 Τί
1493 1384 1530 1416 τὸ
1549 1384 1727 1425 ἀλλότριον,
1742 1383 1794 1416 ἄν·

1107 1437 1205 1474 θρωπε
1214 1433 1447 1473 βασκανώτατε,
1457 1433 1559 1465 Κακὸν
1568 1433 1741 1474 ὀξυδερκεῖς,
1754 1432 1793 1463 τὸ

1109 1484 1132 1514 δ’
1146 1482 1220 1514 ἵδιον
1233 1483 1462 1524 παραβλέπεις;
1483 1483 1591 1515 Quem
1607 1483 1719 1514 'locum
1735 1491 1793 1513 ex-

1109 1531 1256 1572 pendens
1268 1531 1310 1562 P.
1319 1531 1490 1562 Victorius
1502 1531 1580 1562 Var.
1594 1530 1689 1562 Lect.
1700 1539 1793 1563 xxx.

1111 1585 1163 1613 15.
1178 1586 1215 1612 ut
1230 1585 1353 1613 acutum
1375 1590 1508 1619 cernere,
1523 1581 1614 1612 idem
1628 1585 1681 1611 est
1703 1581 1793 1621 quod

1110 1630 1286 1670 ὀξυδερκεΐν,
1305 1631 1353 1660 sic
1370 1630 1528 1669 pervidere
1553 1630 1794 1670 interpretatus

1112 1687 1172 1718 pro
1188 1679 1293 1709 oculis
1316 1678 1471 1712 transire,
1486 1686 1548 1708 nec
1573 1681 1703 1708 attente
1716 1685 1795 1708 con·

1112 1726 1282 1766 templati,
1302 1725 1487 1756 imitatione
1503 1725 1594 1756 verbi
1611 1725 1725 1756 Graeci
1738 1737 1796 1756 πα-

1111 1774 1286 1815 ραβλέπειν.
1307 1775 1374 1806 Sed
1386 1784 1426 1806 ea
1436 1773 1672 1813 interpretatio
1685 1774 1798 1804 Lamb.

1112 1826 1293 1866 displicuit.
1338 1825 1455 1865 Neque
1481 1823 1670 1864 negaverim
1696 1822 1798 1854 verbo

1108 1875 1288 1915 pervidendi
1311 1875 1408 1905 aliter
1429 1883 1504 1905 usos
1529 1877 1683 1904 auctores
1711 1872 1800 1910 illos,

1113 1933 1197 1964 quos
1222 1923 1338 1955 Lamb.
1354 1924 1461 1961 citat;
1484 1923 1542 1960 sed
1558 1922 1679 1953 Horat.
1701 1921 1798 1954 Grae·

1114 1981 1227 2003 corum
1243 1973 1391 2003 imitator
1405 1971 1558 2011 eximius,
1571 1980 1631 2002 sno
1646 1980 1739 2002 inore
1752 1971 1800 2003 lo-

1113 2025 1210 2050 cutus
1226 2025 1296 2050 est:
1321 2025 1355 2050 et
1371 2020 1535 2059 particula
1545 2029 1600 2060 per
1615 2020 1649 2050 in
1664 2028 1797 2059 compo·

1114 2069 1233 2098 sitione
1246 2077 1336 2108 saepe
1349 2068 1600 2099 diminutionem
1611 2067 1799 2108 significan

1115 2121 1153 2147 ut
1174 2117 1279 2156 perdo,
1302 2126 1403 2155 pereo,
1425 2116 1570 2156 perfidus,
1588 2116 1742 2156 perjurum,
1761 2119 1798 2146 et

1113 2165 1250 2195 similia:
1275 2164 1364 2204 quod
1381 2174 1400 2194 a
1414 2165 1453 2195 P.
1469 2165 1601 2195 Nunnio
1613 2164 1797 2196 Alcmnria-

1114 2222 1156 2244 no
1176 2218 1325 2244 notatum
1349 2213 1483 2244 memini
1506 2213 1798 2244 Miscellaneorum

1115 2263 1172 2293 lib.
1195 2271 1250 2294 ιιι.
1265 2268 1300 2293 et
1323 2272 1343 2293 a
1359 2262 1512 2294 Victorio
1527 2262 1608 2294 Var.
1626 2263 1720 2294 Lect.
1735 2271 1799 2295 xx.

1115 2315 1166 2343 15.
1190 2312 1374 2352 Pervideas]
1395 2312 1586 2352 Legeudum
1614 2317 1668 2344 est
1687 2314 1798 2353 previ-

1114 2363 1196 2402 deas,
1230 2371 1291 2402 pro
1319 2366 1327 2379 ‘
1348 2359 1619 2401 proetervideasx'
1652 2366 1690 2392 ut
1723 2371 1799 2393 cum

1115 2416 1124 2430 ‘
1138 2412 1300 2452 praelabi,'
1313 2413 1322 2429 ‘
1341 2410 1539 2452 praenitere:
1553 2416 1588 2442 et
1607 2411 1673 2443 alia
1692 2412 1726 2443 id
1742 2421 1800 2452 ge-

1115 2470 1176 2492 nus
1192 2461 1310 2491 dicunt
1324 2471 1332 2491 2
1357 2460 1368 2478 ‘
1387 2460 1454 2492 Qui
1470 2469 1573 2499 regna
1587 2460 1701 2491 Dauni
1717 2469 1801 2500 proe-

1114 2508 1188 2540 fluit
1203 2508 1329 2549 Apuli,'
1343 2508 1365 2539 i.
1381 2517 1411 2539 e.
1426 2506 1678 2548 “praetertluitl
1722 2509 1802 2539 cum

1114 2560 1194 2590 mala
1209 2562 1263 2590 tua
1274 2557 1458 2599 proevt'deas]
1479 2557 1520 2588 Id
1531 2562 1596 2596 est,
1611 2558 1621 2575 ‘
1634 2558 1666 2588 in
1683 2557 1799 2588 viden·

1115 2609 1166 2639 dis
1191 2609 1230 2639 iia
1253 2606 1437 2639 caecutiasss’
1480 2606 1642 2638 Heinsius.
1685 2607 1801 2646 Lippus

1115 2656 1261 2696 inunctis]
1283 2656 1387 2688 Quasi
1423 2655 1546 2696 lippus,
1579 2655 1676 2695 cujus
1708 2654 1799 2686 oculi

1115 2711 1194 2739 sunt
1209 2707 1313 2742 uncti.

1157 2758 1198 2787 27
1222 2753 1350 2796 Aquila]
1373 2754 1508 2786 Quanta
1533 2752 1651 2795 aquilis
1667 2750 1797 2784 videndi
