1916 3262
346 293 457 336 1438

347 398 440 429 Dens
457 397 542 429 alter
557 398 676 438 opem.’
719 398 856 430 Dudum
870 398 1027 430 seditioni·

346 447 414 488 bus]
439 447 483 478 Et
500 446 621 478 bellum
634 448 755 479 nostris
766 448 942 480 discordiis
954 458 1027 488 pro-

341 495 482 527 ductum
498 495 531 526 in
547 495 759 536 decennium,
770 496 906 537 resedit,
915 497 950 528 id
962 501 1028 537 est,

343 545 474 577 finitum
489 550 553 584 est,
564 550 600 576 et
615 546 844 585 compositum.

387 598 429 626 30
451 595 577 626 Bellum
587 594 717 634 resedit]
735 594 815 626 Hoe
825 598 892 635 est,
905 594 1035 636 quievit

347 643 498 682 tandem,
531 647 573 674 ut
598 647 610 661 '
623 643 770 675 residere
798 643 879 675 iram
890 643 899 658 '
930 649 1031 683 atque

345 695 355 710 ‘
370 692 480 724 odium
492 692 502 706 '
515 692 671 724 dicimus.
689 693 828 725 Torreat.
867 692 1031 733 Protinus]

345 743 528 782 Deinceps.
574 741 713 781 [Bellum
733 742 860 774 cessavit
882 742 1032 773 nonnulli

347 801 401 832 ap.
415 791 437 824 J
442 791 551 832 aeck.]

387 842 427 871 31
446 840 607 880 Nepotem]
621 840 811 879 Romulum,
820 838 963 872 Junonis
976 846 1033 868 ne-

347 894 461 929 potem
477 898 536 930 per
559 889 718 927 Martem,
734 888 790 930 qui
816 898 890 919 eum
917 886 1034 927 genuit

346 947 387 969 ex
404 938 480 970 Ilia.
525 939 568 970 Et
580 938 670 970 Juno
683 938 828 968 Martem
842 935 978 977 peperit
991 944 1033 966 ex

345 989 444 1021 Jove.
458 987 560 1019 Hom.
577 986 674 1018 Iliad.
690 990 724 1017 E.

387 1038 428 1066 33
452 1034 555 1066 Marti
582 1033 745 1073 redonabo]
769 1033 875 1064 Marti
897 1031 1032 1064 reddam

346 1087 382 1114 et
397 1083 564 1114 remittam
579 1093 589 1121 ;
604 1083 754 1123 quamvis
770 1082 859 1114 enim
874 1082 1034 1113 Romulus

345 1133 388 1163 sit
403 1131 446 1163 de
467 1141 590 1172 genere
604 1132 766 1172 Trojana,
789 1131 895 1162 Marti
922 1135 1034 1162 tamen

344 1182 413 1213 filio
428 1191 515 1220 meo,
531 1185 567 1212 et
582 1181 669 1222 patri
694 1190 754 1212 suo
776 1180 971 1219 concedam,
997 1183 1036 1210 ιιι

346 1230 507 1261 Romulus
523 1230 567 1261 sit
582 1230 707 1270 primus
723 1239 782 1261 rex
798 1230 1034 1261 Romanorum.

387 1282 428 1310 34
452 1279 540 1310 Inire
553 1279 653 1319 sedes]
668 1279 708 1310 In
724 1280 827 1311 coelos
842 1277 1035 1310 ascendere.

346 1329 467 1360 Ducere
480 1328 596 1367 succos]
613 1328 825 1368 Porphyrion
842 1332 953 1358 tamen
969 1335 1035 1357 non

344 1379 465 1414 ducere,
479 1377 536 1409 sed
551 1378 666 1409 discere
681 1376 814 1408 videtur
825 1376 961 1416 legisse,
975 1384 1035 1415 pro

345 1435 538 1458 assuescere
549 1426 723 1467 saporibus
731 1425 907 1465 nectareis,
915 1429 954 1455 nt
964 1423 1035 1464 ipse

346 1476 505 1516 exponit3
525 1485 622 1518 quam
638 1484 717 1506 sane
729 1475 906 1506 lectionem
927 1473 959 1504 in
977 1472 1035 1503 du-

346 1527 429 1557 obus
444 1527 528 1558 Mss.
551 1526 723 1558 codicibus
748 1526 870 1565 reperi.
893 1525 1034 1555 Tor-rent.

346 1575 468 1607 Ducere
481 1575 631 1615 nectaris]
653 1575 792 1606 Divinos
815 1575 960 1615 liquores
988 1573 1036 1604 bi-

347 1623 441 1663 bere,
458 1629 494 1655 et
509 1623 629 1654 divinis
645 1623 868 1654 adnumerari.

388 1675 428 1702 35
451 1672 598 1703 Adscribi
621 1673 734 1712 quietis
759 1670 944 1710 Ordinibus]
966 1668 1036 1700 Ad·

347 1719 450 1751 scribi
474 1721 624 1752 Deorum
649 1720 823 1752 ordinibus
838 1718 936 1757 dixit,
961 1727 1037 1758 per-

346 1769 425 1800 inde
442 1778 482 1800 ac
496 1770 522 1800 si
539 1769 582 1800 de
605 1769 733 1800 militiae
749 1769 894 1799 numeris
919 1771 955 1798 et
983 1775 1036 1797 or·

347 1817 479 1849 dinibus
491 1822 606 1858 ageret
614 1818 706 1859 (nam
718 1821 754 1849 et
764 1818 857 1848 Deos
869 1816 902 1847 in
914 1816 1036 1847 classes

346 1867 507 1908 quasdam
533 1867 742 1899 distribuunt
766 1863 895 1906 poetae)
919 1865 930 1883 ‘
943 1864 1036 1905 quie·

347 1969 382 1996 et
396 1965 518 2006 Virgil.
534 1974 610 1997 cum
626 1966 693 1996 ait:
722 1966 732 1982 ‘
745 1964 883 1995 Scilicet
898 1964 925 1994 is
939 1972 1037 2002 supe-

347 2014 393 2045 ris
409 2013 504 2046 labor
517 2018 581 2053 est,
603 2022 642 2044 ea
657 2023 737 2044 cura
751 2012 883 2054 quietos
904 2011 1036 2042 Sollici-

347 2061 421 2092 tat-²
446 2062 587 2094 Torrent.

388 2113 430 2142 3⁷
447 2111 534 2142 Dum
544 2109 668 2150 longus]
685 2109 780 2142 Ordo
789 2114 842 2140 est
853 2113 889 2140 et
901 2117 1034 2139 sensus:

345 2159 539 2192 Dummodo
552 2159 671 2199 longus
695 2162 817 2198 pontus
832 2157 1037 2188 intercurrat

348 2210 437 2240 inter
449 2209 580 2249 Trojam
603 2213 640 2240 et
664 2208 818 2247 Romam,
831 2207 979 2248 qualibet
1003 2206 1035 2237 in

350 2263 450 2299 parte
465 2258 556 2290 orbis
571 2261 747 2298 regnanto,
767 2256 903 2297 Trojaui
917 2255 1033 2287 felices

347 2313 384 2340 et
405 2308 510 2347 beati,
525 2307 639 2338 exules
658 2310 781 2342 tamen,
797 2308 970 2345 regnanto,
987 2305 1035 2336 sic

348 2363 387 2389 ut
415 2356 557 2397 Trojano
593 2355 734 2397 imperio
770 2354 925 2387 fruantur
951 2364 1035 2386 nun-

347 2416 458 2448 quam.
671 2409 675 2413 “

388 2459 431 2488 40
454 2454 572 2495 Busta]
593 2453 727 2486 Paridis
744 2454 931 2494 sepulchro.

389 2508 429 2537 41
453 2505 497 2537 Et
521 2505 636 2535 catulos
654 2503 753 2545 seroe]
788 2503 833 2535 Et
858 2502 1034 2535 dummodo

348 2556 453 2596 Troja
468 2555 512 2586 sit
526 2555 576 2586 ita
597 2553 760 2592 discreta,
776 2558 814 2584 ut
829 2553 861 2584 in
877 2563 916 2585 ea
931 2557 968 2585 et
982 2562 1033 2583 ar-

298 2641 309 2649 ,
348 2609 461 2635 menta
477 2612 630 2645 pascere,
647 2607 684 2634 et
705 2601 788 2633 feroe
803 2611 880 2633 suos
905 2602 1034 2633 catulos

350 2653 519 2683 occultare
533 2651 660 2693 possint
675 2650 804 2691 inultae,
821 2650 853 2682 id
869 2654 932 2687 est,
953 2650 1034 2681 illae-

350 2709 394 2730 επ.
409 2705 446 2731 et
461 2711 599 2742 securae,
612 2701 743 2732 nemine
767 2700 979 2741 prohibente,
994 2709 1034 2731 ea

349 2749 423 2789 lege
440 2754 508 2780 stet
523 2750 738 2790 Capitolium,
753 2753 818 2782 διο.

391 2799 431 2829 43
456 2797 734 2839 ΤνὶιιηιΡΙιαιὶεᾳιιε]
757 2799 867 2830 Medis
883 2797 1036 2838 devictis,

799 305 939 336 NO'rAE
970 305 1231 336 VARlORUM
1264 306 1313 337 IN

1077 402 1112 430 et
1125 407 1186 438 per
1199 397 1401 439 triumphum
1415 396 1536 430 ductis.
1560 398 1655 439 [Vat.
1667 398 1763 433 Rom.

1076 449 1108 478 9.
1125 448 1270 478 Chisian.
1282 451 1311 479 3.
1326 447 1449 488 aliique
1463 447 1560 478 codd.
1576 456 1631 488 ap.
1645 448 1765 490 Jaeck,

1078 495 1383 537 triumphantique]

1120 546 1161 575 44
1184 544 1270 575 Dare
1289 545 1364 583 jura
1393 543 1510 585 Medis]
1530 543 1573 576 Id
1602 549 1668 586 est,
1684 546 1764 586 jura

1080 592 1151 624 det.
1193 595 1338 626 Solenue
1360 600 1473 626 autem
1497 599 1572 626 erat
1595 595 1767 637 Romanis,

1080 646 1117 673 ut
1134 651 1236 682 regno
1250 644 1359 686 aliquo
1375 644 1408 675 in
1424 644 1633 684 provinciam
1647 642 1764 677 redue-

1080 696 1130 731 to,
1144 701 1185 723 eo
1206 693 1381 725 mitterent
1406 699 1500 725 certo
1520 702 1657 725 numero
1674 695 1765 727 viros

1081 741 1208 782 aliquos
1220 742 1376 783 insignes,
1391 743 1445 783 qui
1461 743 1665 783 provinciam
1680 744 1768 776 ordi-

1080 794 1212 831 narent,
1237 791 1299 823 hoc
1325 796 1389 832 est,
1414 801 1479 833 quo
1502 791 1582 831 jure
1607 792 1767 834 deinceps

1081 843 1267 879 uterentur,
1297 841 1567 880 praescriberent.
1619 841 1693 873 Nec
1717 847 1767 873 te·

1081 897 1174 919 mere
1187 889 1308 920 Medos
1323 889 1470 920 nominat
1483 889 1605 930 Poeta,
1620 889 1767 922 Parthos

1083 937 1124 967 ab
1139 936 1294 977 Augusto
1310 942 1390 968 tunc
1406 938 1498 976 sigua
1513 938 1656 970 reddere
1669 948 1770 970 coae-

1082 990 1135 1017 tos
1150 985 1353 1026 intelligens,
1369 989 1406 1016 ut
1419 994 1499 1016 mox
1515 985 1583 1017 Od.
1597 990 1628 1018 5.
1642 988 1767 1018 vich-bi-

1082 1043 1166 1066 mus.
1182 1034 1324 1066 Torrent.
1345 1033 1432 1065 Vide
1443 1037 1479 1065 et
1490 1033 1628 1065 canteri
1643 1035 1768 1066 Novar.

1082 1083 1177 1115 Lect.
1193 1092 1236 1115 ιι.
1251 1086 1303 1114 ιι.

1123 1135 1164 1164 45
1189 1133 1354 1164 Horrenda
1379 1132 1456 1173 late]
1497 1130 1626 1173 Aptum
1651 1131 1770 1164 Romae

1083 1181 1232 1213 victricis
1246 1181 1432 1222 epithetum
1446 1193 1456 1214 ε
1476 1182 1564 1224 quod
1581 1186 1694 1214 tamen
1707 1189 1771 1213 non

1083 1234 1151 1262 tam
1176 1230 1218 1261 ad
1245 1234 1370 1262 metum
1394 1228 1561 1262 armorum
1587 1229 1772 1265 retulerim.

1085 1289 1183 1320 quam
1200 1279 1242 1311 ad
1265 1280 1521 1312 admirationem
1536 1279 1700 1322 quandam
1726 1288 1771 1310 ex

1084 1329 1302 1359 veneratione
1317 1334 1425 1360 ortam
1435 1339 1444 1360 ε
1456 1334 1495 1361 nt
1507 1339 1582 1361 cum
1595 1329 1642 1360 ai!
1653 1327 1773 1368 Virgil.

1083 1375 1159 1406 AEn.
1188 1385 1239 1407 vr.
1273 1378 1283 1394 ‘
1298 1377 1552 1419 Horreudaeqne
1579 1377 1695 1418 procul
1721 1386 1773 1407 se·

1084 1429 1178 1456 creta
1192 1424 1355 1465 Sibyllae?
1379 1426 1468 1456 Torr.
1512 1425 1677 1456 Horrenda
1691 1423 1770 1464 late]

1085 1473 1190 1503 Roma
1211 1473 1360 1505 barbaris
1376 1474 1532 1515 gentibus
1547 1473 1772 1513 formidanda,

1083 1522 1246 1554 extendat
1256 1531 1375 1554 nomen
1391 1524 1424 1554 in
1439 1533 1514 1554 oras
1530 1523 1677 1555 ultimas.

1125 1572 1168 1602 46
1188 1572 1314 1603 Medius
1344 1572 1458 1612 liquor]
1493 1573 1591 1604 Mare
1627 1571 1773 1603 Gadita-

1085 1628 1176 1651 num.

1127 1669 1183 1708 [47
1206 1669 1354 1701 Decet-nit
1388 1671 1532 1711 Europen
1576 1669 1675 1702 codd.
1717 1679 1773 1710 ap.

1085 1717 1204 1750 Jaeck.
1239 1717 1380 1751 secernit
1394 1720 1548 1760 Europam
1563 1719 1725 1761 Guelph]

1127 1769 1169 1798 48
1193 1768 1263 1803 Qua
1276 1768 1411 1800 tumidus
1423 1769 1525 1810 rigat]
1551 1773 1561 1788 ⁸
1576 1768 1753 1801 Tumidum
1765 1768 1774 1782 ’

1087 1819 1184 1846 vocat
1208 1816 1250 1847 ob
1271 1820 1392 1848 statam
1406 1817 1498 1849 illam
1523 1817 1702 1859 quotannis
1722 1817 1773 1848 in·-

1085 1864 1318 1906 nndationem,
1328 1866 1451 1906 omnia,
1461 1871 1500 1899 ut
1510 1867 1620 1909 inquit
1630 1865 1775 1907 Plinius,

1085 1914 1246 1946 miracula
1261 1915 1494 1948 excedentem.
1539 1915 1666 1957 Irrigat
1685 1915 1773 1947 enim

1087 1962 1186 1994 Nilus
1199 1963 1403 2005 AEgyptum3
1425 1970 1459 1997 et
1475 1975 1549 1998 eum
1570 1970 1642 1997 tota
1653 1969 1775 1997 aestate

1085 2011 1240 2043 obrutam
1255 2014 1494 2054 oppletamque
1516 2013 1678 2048 tenuerit,
1702 2009 1774 2043 tum

1086 2060 1230 2099 recedit,
1266 2061 1478 2101 mollitosque
1522 2065 1561 2092 et
1597 2059 1774 2091 oblimatos

1085 2117 1184 2148 agros
1206 2109 1249 2140 ad
1268 2109 1446 2140 serendum
1461 2109 1630 2150 relinquit,
1646 2113 1684 2140 ut
1699 2109 1773 2149 pnl-

1085 2166 1143 2188 cre
1158 2157 1231 2188 Cic.
1248 2157 1330 2188 Nat.
1346 2157 1449 2188 Deor.
1464 2157 1522 2189 lib.
1535 2166 1576 2189 n.
1596 2157 1688 2189 Tm.
1714 2157 1773 2188 Ni-

1083 2205 1147 2246 1us]
1169 2206 1268 2237 Nilus
1283 2206 1421 2248 AEgypti
1438 2205 1570 2246 fluvius,
1593 2207 1642 2237 sic
1657 2205 1770 2237 dictus

1083 2264 1103 2286 a
1134 2255 1214 2286 Nilo
1242 2264 1335 2296 rege,
1363 2255 1428 2294 vel,
1458 2254 1545 2295 quod
1574 2253 1679 2286 trahit
1703 2253 1775 2287 νέαν

1084 2303 1164 2344 ἰλὺν,
1177 2304 1210 2335 id
1227 2309 1292 2343 est,
1304 2313 1415 2335 novum
1428 2304 1544 2343 limum,
1553 2313 1618 2345 quo
1633 2307 1706 2335 tota
1718 2303 1772 2337 Ε·

1084 2359 1207 2395 gyptus
1223 2353 1376 2385 redditur
1390 2351 1577 2385 foecundior
1589 2356 1666 2393 pont
1680 2361 1772 2383 suam

1083 2402 1346 2434 inundationem.

1125 2455 1167 2484 49
1189 2451 1308 2483 Aurum
1322 2449 1523 2492 irrepertum]
1554 2449 1670 2492 Aliqui
1690 2449 1772 2482 iure-

1080 2504 1201 2542 pertum
1214 2500 1350 2534 babent.
1392 2501 1520 2532 Merito
1543 2504 1658 2532 autem
1683 2500 1771 2540 pris-

1084 2560 1140 2582 cos
1158 2551 1234 2581 illos
1246 2550 1412 2581 Romanos
1438 2548 1482 2580 ob
1502 2549 1578 2589 auri
1599 2553 1772 2589 contemp-

1084 2605 1154 2632 tum
1171 2598 1397 2639 commendat,
1412 2606 1551 2640 quorum
1574 2606 1696 2639 nempe
1711 2597 1770 2628 im-

1084 2649 1213 2690 perium
1228 2649 1317 2679 nulla
1329 2648 1398 2679 ulla
1411 2647 1535 2679 virtute
1551 2647 1656 2688 magis
1671 2653 1767 2687 quom

1085 2696 1289 2730 abstinentia
1304 2696 1472 2735 creverim
1495 2700 1575 2727 tune
1589 2692 1768 2726 labefacta-

1087 2753 1157 2780 tum
1173 2757 1248 2778 cum
1262 2745 1346 2778 illud
1361 2745 1509 2777 avaritiae
1520 2743 1624 2785 pesti·
1637 2741 1769 2774 invasit.

1089 2796 1228 2827 Tor-rent.
1270 2794 1406 2835 Aurum]
1423 2793 1518 2825 Ordo
1529 2796 1599 2823 ent:
1617 2788 1766 2822 Horren·
