1916 3262
475 300 682 335 noan-11
715 299 989 333 caumatum
1023 300 1118 332 mn.
1150 299 1227 332 ιιι.
1257 290 1328 332 16.

215 399 259 430 26
281 396 355 429 Nam
376 397 467 438 piger
490 392 627 436 Apulus]
649 392 771 426 Nostri
789 391 869 424 libri

172 447 259 479 Mas.
297 451 431 488 septem
466 445 591 477 habeut
620 442 753 483 inpiger
780 441 869 482 Apu-

170 497 230 528 lus.
253 497 351 529 Torr.
396 497 472 528 Non
490 495 582 536 piger
595 492 732 535 Apulus]
757 492 867 524 Labo-

170 556 293 580 rtosus.

212 600 255 630 8⁷
271 599 436 630 Oce-ltere
447 596 536 638 meis]
550 595 658 627 Recte
670 605 680 634 ;
697 604 764 626 non
778 594 867 625 enirn

169 646 300 680 divitiis
322 646 462 680 affluere
478 646 601 678 malum
623 650 688 684 est,
713 644 772 676 sed
787 653 867 676 con-

168 698 273 739 gestis
301 697 477 737 incubare,
505 704 634 728 summa
663 694 802 726 miseria
830 698 867 725 et

167 752 322 780 extrema
335 751 520 789 paupertas
535 751 599 779 est.
622 747 766 778 Torreat.
804 746 867 776 Oc-

165 797 284 829 cuum
297 797 374 829 meis
385 796 645 837 dicererhmet's]
663 795 801 828 Habere
815 804 867 827 re-

164 845 354 878 conditum.

205 897 249 927 28
270 895 411 935 Magnas
433 895 519 927 inter
542 897 629 938 opes]
661 896 744 927 Tam
767 895 866 927 deest

165 953 281 984 avaro,
303 944 395 986 quod
418 944 536 984 habet,
559 955 661 987 quam
686 944 778 987 quod
797 954 865 976 non

166 995 284 1027 habet.

205 1046 249 1076 29
268 1044 365 1075 Pure
378 1044 478 1085 rivus,
494 1045 564 1086 Sta]
592 1044 679 1076 Suas
701 1053 793 1076 nunc
815 1044 866 1076 di-

162 1092 265 1125 vitias
289 1094 442 1135 explicat
464 1093 589 1135 Poeta,
612 1093 656 1126 de
679 1093 800 1135 quibus
824 1102 865 1127 ιι.

164 1143 237 1175 Sat.
252 1145 286 1174 6.

207 1195 249 1224 30
266 1193 452 1234 Certafides
465 1193 556 1235 meoe]
571 1194 658 1235 Spes
672 1193 867 1225 indubitata

162 1244 290 1284 segetis
306 1253 406 1284 meoe,
419 1245 490 1285 vel,
502 1243 628 1276 fundus
644 1253 740 1276 meus
753 1243 866 1275 fidelis

162 1291 263 1333 fallit,
277 1293 342 1325 hoc
369 1298 434 1334 est,
458 1294 544 1325 latet
567 1303 665 1325 eum:
689 1293 757 1333 vel,
773 1293 866 1334 iguo-

161 1347 258 1374 ratur
278 1343 324 1374 ab
345 1352 388 1374 eo
411 1343 468 1384 qui
485 1342 614 1374 Africae
637 1342 781 1383 imperio
801 1341 866 1373 ful-

160 1395 232 1432 get,
257 1391 408 1423 beatiore
429 1400 505 1422 esse
519 1395 627 1430 sorte,
642 1399 742 1431 qnam
759 1391 865 1431 ipsius

158 1439 319 1480 ingentes
334 1450 429 1481 opes.
444 1440 503 1472 Sic
516 1439 699 1472 Lambinus
714 1439 802 1471 huuc
815 1441 863 1471 lo-

159 1498 236 1521 cum
251 1489 322 1532 (me
329 1488 468 1531 Judice)
479 1490 620 1531 exponit
637 1489 847 1521 acutissime.

201 1541 243 1571 ³1
270 1539 456 1580 Fulgentem
469 1538 713 1580 imper-iosallit]
729 1538 862 1570 Horum

161 1589 341 1621 verborum
354 1590 525 1622 sententia
536 1590 662 1622 Graece
677 1589 863 1621 nescienti-

159 1639 224 1671 bus
234 1639 381 1672 obscura
395 1644 460 1672 est.
484 1632 544 1672 Ait
558 1643 672 1671 autem
683 1639 770 1670 hanc
783 1648 861 1680 pos-

158 1689 381 1722 sessiunculae
409 1699 480 1722 suoe
505 1690 540 1721 in
563 1689 698 1721 Sabinis
721 1693 861 1728 sortem,

159 1739 334 1772 meliorem
356 1740 464 1771 multo
494 1749 536 1771 ac
566 1739 754 1770 beatiorem
784 1747 860 1770 esse

157 1786 285 1820 fertilis
299 1787 429 1820 Africa
440 1787 597 1828 imperio,
606 1787 758 1828 quamvis
771 1795 860 1826 eum,

159 1838 216 1879 qui
241 1837 290 1869 ibi
313 1837 473 1877 imperet,
494 1837 559 1867 hoc
581 1835 703 1877 fugiat.
741 1835 860 1867 Graeci

157 1896 244 1928 ergo
263 1887 314 1919 sic
335 1887 442 1918 verbo
467 1884 632 1918 λανθάνειν
648 1890 804 1926 utuntur,
820 1888 860 1917 ut

161 1936 328 1969 Horatius
343 1936 448 1968 verbo
464 1938 474 1955 ⁸
485 1936 629 1973 fallere,’
645 1941 683 1968 ut
697 1935 861 1968 λανθάνειν

160 1986 232 2019 τινὰ
243 1985 424 2026 ποιούμενός
437 1998 470 2018 τι
482 1987 540 2018 ille
555 1986 697 2027 dicitur,
709 1987 767 2028 qui
777 1987 858 2028 qaid

158 2036 290 2069 faciens
306 2037 408 2068 alium
423 2036 525 2076 fallit,
539 2037 602 2068 boe
618 2040 682 2072 est,
698 2037 785 2068 clam
801 2037 859 2069 illo

95 2122 100 2124 μ
154 2085 241 2119 facit
255 2096 296 2125 ac
314 2088 412 2118 latet.
439 2087 587 2118 Tor-rent.

197 2138 240 2168 32
259 2136 356 2168 Fallit
366 2139 451 2167 sorte
466 2136 599 2177 beatior]
615 2137 718 2168 Meus
732 2136 858 2169 fundus

153 2186 298 2226 beatior,
312 2186 346 2216 id
363 2191 430 2226 est,
445 2195 511 2218 non
527 2196 645 2227 parum
661 2187 780 2219 beatus
796 2186 858 2220 foe-

153 2235 334 2268 cunditate
349 2236 614 2277 amoenitateque
619 2237 726 2277 fallit,
741 2237 776 2268 id
790 2241 857 2278 est,

151 2286 242 2318 latet
262 2290 355 2318 sorte
368 2285 576 2327 fulgentem,
590 2286 627 2317 id
650 2291 716 2327 est,
735 2287 858 2319 sortito

152 2334 365 2376 fortuitoque
391 2336 533 2376 imperio
559 2336 685 2368 fertilis
713 2336 858 2375 Africae,

153 2385 219 2418 hoc
233 2389 300 2421 est,
315 2385 391 2416 Rex
407 2385 546 2424 Africae‚
561 2385 615 2416 cui
634 2391 728 2418 sorte
743 2387 858 2419 divina

153 2435 369 2475 humanaque
390 2433 537 2474 contigit
560 2433 690 2467 Africae
714 2445 858 2477 regnum

156 2483 414 2523 amplissimum.
439 2482 538 2522 Cmq.

199 2534 241 2564 33
267 2530 426 2571 calabre]
440 2531 482 2562 111
496 2531 657 2564 Calabria
670 2538 750 2566 sunt
760 2533 860 2567 flores

156 2583 276 2624 apibus
291 2581 483 2622 gratissimi.

199 2635 241 2664 34
250 2630 462 2671 Loemn'gonia
481 2631 629 2667 Bacchus,
644 2631 714 2672 &ct-J
730 2633 859 2665 Formi·

158 2692 259 2715 anum
276 2681 391 2712 vinum
406 2681 505 2721 dicit,
529 2680 621 2722 quod
643 2683 860 2715 commendat

158 2733 262 2765 etiam
285 2741 311 2763 1.
336 2730 473 2763 Od.2o.
516 2730 748 2771 Laestrigones
769 2732 859 2764 enim

157 2782 274 2824 populi
299 2779 542 2820 immanissimi,
572 2780 621 2811 ita
650 2785 688 2813 ut
715 2782 860 2814 humana

154 2841 259 2865 carne
276 2834 509 2867 vescerentur,
533 2830 623 2862 eain
641 2836 739 2872 parte
761 2833 858 2865 Cam-

1510 294 1623 337 1467

920 393 1033 434 panias
1048 392 1160 432 fuere,
1175 392 1234 424 ubi
1258 395 1295 424 et
1311 391 1480 432 Homiae,
1503 402 1624 435 postea

919 442 1066 474 Formiae
1081 442 1200 475 dictae.
1232 443 1243 461 ‘
1256 442 1496 484 languescere
1512 443 1522 458 ’
1544 455 1623 478 vero

919 492 931 510 ‘
943 492 1134 525 Bacchum·
1145 502 1222 524 cum
1237 492 1335 533 dicit,
1346 492 1391 525 de
1400 492 1468 524 viui
1481 495 1624 535 perinde

918 552 960 575 uc
973 543 1019 576 de
1033 543 1176 576 hominis
1197 547 1303 576 :etate
1329 543 1491 585 loquitur.
1535 545 1624 576 Lan-

919 593 1110 633 gnescimus
1139 592 1230 625 enim
1259 597 1450 625 senectute.
1505 593 1552 626 Et
1574 595 1624 626 sic

917 642 1008 675 infra
1023 643 1090 677 od.
1105 646 1160 675 20.
1191 645 1201 662 ⁸
1218 643 1385 675 Promere
1408 643 1624 685 languidiora

919 691 1021 724 vina!
1044 693 1189 725 Torreat.
1232 692 1447 733 Laestrvigonia
1461 693 1624 734 Bacchas]

917 741 1092 784 Amphora
1101 742 1282 774 Formiana
1291 752 1312 774 a
1324 742 1480 780 Formiis.
1495 743 1623 784 oppido

918 792 1129 834 campaniae,
1143 792 1201 824 ubi
1219 802 1296 824 suas
1310 792 1410 824 sedes
1431 792 1626 825 habueruut

917 842 1162 882 Laestrigones‚
1190 842 1248 883 qui
1277 845 1313 874 et
1341 842 1513 883 Cyclopes
1537 842 1623 875 dicti

917 897 1011 932 sunt,
1023 892 1102 925 olim
1118 893 1153 924 in
1166 892 1284 924 Sicilia
1298 892 1506 924 habitantes.

960 945 1001 974 35
1028 942 1238 983 Μαι-ἑὲ]
1260 942 1430 974 Senescit.
1478 942 1622 983 Pinguia

921 991 1068 1032 Gallicis]
1081 991 1253 1023 Foecunda
1264 992 1404 1024 vellera.
1417 992 1525 1024 Mart.
1540 993 1550 1010 ‘
1559 993 1621 1024 Me

917 1041 1052 1083 pinguis
1069 1041 1185 1073 Gallia
1199 1040 1330 1073 nutrit.’

959 1095 1001 1124 37
1023 1092 1206 1132 Impar-tuna
1220 1091 1339 1132 tamen]
1353 1091 1542 1132 Pauperies
1549 1101 1622 1124 mo-

915 1144 1004 1175 lesta
1018 1147 1056 1174 et
1070 1146 1236 1181 extrema,
1251 1142 1287 1173 in
1304 1151 1370 1183 qua
1384 1142 1478 1173 nulla
1497 1146 1552 1174 est
1567 1151 1621 1173 re·

914 1193 1025 1234 quies.
1082 1192 1267 1232 Importum
1294 1190 1475 1232 pauperies]
1510 1192 1622 1223 Vocat

915 1248 924 1261 ⁸
942 1243 1169 1284 importunam
1195 1241 1416 1283 pauperiem,’
1430 1251 1506 1284 quoe
1517 1251 1620 1284 egen-

915 1298 983 1325 tem
998 1293 1230 1333 importunum
1246 1301 1319 1323 esse
1335 1295 1448 1330 cogat.

957 1345 1000 1373 ⁸9
1028 1343 1196 1373 Contu-acto
1209 1340 1337 1380 melius]
1361 1341 1562 1373 Refraenata
1583 1345 1620 1372 et

912 1390 1063 1422 coercita
1075 1390 1269 1421 divitiarum
1280 1390 1485 1431 cupiditate,
1500 1390 1620 1422 melius

912 1439 1093 1480 tributum,
1102 1444 1138 1471 et
1151 1438 1300 1478 vectigal
1309 1439 1619 1480 persolvam,qnam

911 1489 941 1520 si
957 1488 1100 1530 Lydiam
1116 1488 1277 1530 Phrygiae
1292 1487 1490 1529 adjungam,
1512 1494 1550 1520 ut
1573 1491 1620 1521 sit

909 1547 1039 1579 sensus,
1059 1539 1173 1570 Parvo
1195 1540 1381 1570 contentus
1406 1539 1481 1578 plus
1510 1539 1619 1580 possi-

909 1589 984 1630 det,
1005 1599 1106 1631 quam
1130 1588 1186 1630 qui
1207 1589 1352 1620 multum
1372 1588 1490 1621 habet.
1536 1589 1618 1620 Con-

907 1643 1011 1671 tracto
1038 1639 1196 1680 cupidine,
1223 1637 1295 1678 θα]
1333 1638 1502 1670 canterus
1532 1638 1618 1671 dicit

911 1690 1066 1721 Contenta
1081 1699 1118 1721 se
1135 1697 1198 1730 pro
1216 1689 1384 1719 Contracta
1398 1688 1434 1719 in
1450 1688 1527 1720 cod.
1548 1689 1616 1720 Ms.

907 1739 1044 1780 legisse.

951 1791 992 1820 41
1016 1787 1201 1830 Mygdoniis
1215 1796 1358 1826 regnum,
1372 1787 1445 1827 ξω]
1469 1786 1617 1828 Mygdo-

909 1847 969 1869 nes
992 1847 1036 1869 cx
1055 1838 1275 1876 Macedonia,
1297 1846 1372 1879 quae
1395 1837 1553 1868 Thraciae
1577 1837 1616 1868 fi-

908 1888 1030 1920 nitima
1051 1891 1116 1929 est,
1137 1887 1284 1926 oriundi,
1307 1888 1428 1919 bonam
1457 1886 1615 1928 Phrygiae

908 1943 1044 1979 partem
1060 1943 1276 1979 occuparunt
1291 1942 1397 1979 atque
1418 1947 1439 1969 a
1453 1947 1491 1969 se
1506 1938 1613 1969 nomi-

908 1993 1044 2026 narunt,
1059 1994 1096 2020 ut
1112 1997 1155 2020 ιι.
1170 1988 1238 2020 Od.
1255 1991 1306 2020 12.
1342 1987 1503 2030 Alyattes
1520 1997 1614 2028 vero,

909 2038 1019 2070 Croesi
1048 2042 1162 2079 pater,
1182 2037 1302 2079 Lydiae
1325 2037 1405 2069 olim
1432 2038 1616 2078 imperavit

909 2092 999 2120 teste
1028 2087 1210 2120 Herodoto
1231 2087 1292 2119 lib.
1308 2096 1333 2118 1.
1379 2088 1443 2118 Vel
1458 2097 1541 2119 eiius·
1551 2089 1614 2128 igi-

906 2142 976 2178 tur,
999 2138 1065 2178 vel,
1086 2138 1177 2180 quod
1198 2139 1307 2178 magis
1333 2142 1430 2179 puto,
1456 2138 1612 2170 eroesum

907 2189 979 2229 ejus
1006 2188 1124 2228 tilium,
1148 2187 1362 2229 Alyatticum
1384 2192 1487 2220 vocat
1502 2188 1614 2219 Hora-

907 2238 988 2270 tius.
1035 2239 1179 2270 Torrent-
1250 2238 1436 2280 Mygdoniis
1466 2238 1613 2278 regnum]

907 2289 1046 2330 Campis
1087 2288 1249 2330 Phrygiis
1268 2298 1278 2328 ς
1323 2289 1478 2330 Mygdon
1524 2289 1612 2319 enim

908 2339 1096 2380 Phrygiam
1130 2339 1253 2370 tenuit.
1307 2338 1480 2380 Alyattici]
1507 2338 1611 2379 Regis

908 2389 1041 2429 Lydiae,
1056 2388 1165 2420 Croesi
1181 2388 1300 2429 patris.

950 2439 993 2468 42
1025 2438 1134 2468 Multa
1156 2437 1344 2477 petentibus,
1363 2437 1436 2478 ἐγὼ]
1463 2438 1520 2468 De
1547 2437 1611 2468 hac

909 2487 1082 2517 sententia
1106 2487 1239 2518 Gellius
1269 2495 1322 2517 lx.
1351 2489 1385 2517 8.
1414 2495 1492 2516 eum
1522 2486 1612 2517 vide.

909 2536 1028 2567 Simile
1046 2535 1121 2566 fere
1147 2535 1230 2566 illud
1252 2535 1468 2566 Stoicorum:
1492 2536 1500 2551 ‘
1518 2536 1610 2568 Quid

909 2584 1017 2616 refert
1032 2589 1195 2625 quantum
1223 2585 1372 2615 habeas?
1395 2585 1504 2615 multo
1526 2585 1611 2616 illud

908 2634 984 2676 plus
1000 2634 1152 2675 estquod
1167 2642 1234 2664 non
1250 2632 1377 2663 habes:

950 2687 992 2717 43
1018 2685 1105 2715 Bene
1119 2686 1180 2722 est,
1190 2682 1241 2713 cuz·
1256 2681 1360 2722 Deus]
1382 2682 1478 2714 Bene
1493 2687 1549 2715 est
1564 2685 1610 2724 ei,

909 2737 965 2768 cui
983 2737 1076 2767 Deus
1089 2734 1185 2765 dedit
1198 2742 1302 2774 parca
1318 2742 1430 2774 mauu,
1442 2737 1479 2765 et
1494 2738 1607 2768 tamen

911 2785 1022 2825 dedit,
1044 2789 1208 2826 quantum
1230 2781 1354 2814 sufficit
1369 2782 1412 2814 ad
1427 2783 1532 2816 vitam
1548 2785 1607 2817 de-

910 2835 1067 2877 gendam.
1112 2835 1252 2877 [Bonum
1267 2836 1312 2865 est
1328 2831 1497 2875 Guelph.]
