1930 3204
392 278 501 318 1566

391 388 468 409 num
481 382 614 410 statum.

434 431 474 459 12
499 427 709 466 Achaemeniu]
742 426 807 456 Hic
837 427 847 444 ‘
865 426 1003 457 nardum
1027 425 1071 457 Α-

391 477 602 508 chaemeniam
620 475 628 488 '
667 479 793 513 vocat;
837 481 874 505 ut
923 479 1072 506 ‘costum

389 523 745 563 Achaemeniumssju.
768 522 832 554 Od.
847 526 875 554 1.
918 523 1072 554 Achoeme-

388 574 457 614 nia]
484 574 658 612 Unguento
686 571 836 602 Nardino
859 571 1010 609 Persico,
1025 572 1072 602 sic

389 622 482 653 dicto
505 621 546 652 ab
562 621 766 652 Achaemene
781 620 958 650 Persarum
984 629 1073 659 rege.

388 669 474 701 Vide
485 678 526 701 n.
541 669 617 700 Ode
628 673 678 700 12.
703 669 911 709 [Achoemenio
924 669 1074 708 triginta,

389 721 425 749 et
451 719 566 758 plures
592 718 691 749 codd.
717 728 772 758 ap.
795 718 908 756 Feam,
930 717 1075 748 Schoen-

389 766 484 797 born.
499 769 531 798 2.
548 776 602 806 ap.
616 766 738 805 Jaoek,
753 770 789 797 et
801 765 936 796 Vandd.
950 769 1075 805 praeter

386 825 487 846 unum
501 827 509 853 ;
532 816 611 846 item
625 814 737 846 Acron
756 819 793 845 et
807 814 990 853 Porphyr.]

430 867 468 894 13
493 864 572 895 Fide
597 863 757 904 Cyllenea]
777 863 833 894 Sic
859 865 868 880 ‘
882 863 948 893 fide
970 861 1073 893 Teia’

386 922 410 944 1.
437 913 505 944 Od.
533 916 583 944 17.
635 914 734 952 Lyrae
765 913 918 942 inventor
943 913 1074 943 Mercu-

387 963 466 992 rins.
511 962 592 992 Fide
605 961 763 1002 Cyllenea]
775 962 920 1000 Cythara
937 962 1073 991 iuventa

388 1020 408 1040 a
433 1010 616 1048 Mercurio,
641 1011 696 1050 qui
729 1010 760 1039 in
784 1010 921 1040 Cellene
943 1009 1072 1050 (monte

387 1057 559 1098 Arcadiae)
577 1059 745 1090 enutritus
761 1059 896 1090 dicitur.
939 1059 1072 1099 [Mark-

387 1106 477 1138 land.
495 1106 616 1145 ἄπει]

428 1159 469 1187 16
494 1156 681 1196 Centaurus]
697 1157 737 1188 Id
754 1161 817 1196 est,
833 1157 968 1196 Chiron,
985 1157 1071 1188 Cen-

386 1209 570 1239 taurorum,
586 1209 622 1236 et
635 1211 798 1246 quotquot
815 1215 874 1236 sua
889 1207 1004 1237 vixere
1027 1216 1071 1236 ae-

387 1258 472 1288 tate,
483 1253 712 1292 justissimum
729 1253 861 1285 futurus
877 1259 911 1286 et
928 1255 999 1295 ipse
1014 1255 1073 1286 im·

387 1302 549 1341 mortalis,
566 1303 592 1333 si
609 1303 657 1334 ita
682 1304 904 1335 collibuisset:
928 1304 980 1335 hic
1008 1313 1071 1335 non

388 1349 548 1379 Achillem
570 1351 688 1387 solum,
713 1352 769 1381 sed
793 1355 828 1381 et
849 1352 1021 1388 Jasonem,
1036 1356 1072 1382 et

386 1397 582 1432 Herculem,
597 1403 631 1429 et
657 1399 883 1439 AEsculapium
913 1400 945 1430 in
969 1401 1072 1431 Thes-

385 1446 476 1476 saliae
493 1446 661 1477 montibus
674 1447 842 1478 educavit.
859 1449 947 1478 Torr.
993 1449 1073 1478 Cen-

385 1493 508 1533 taurus]
539 1495 586 1525 Ut
611 1494 734 1525 Chiron
757 1495 1071 1535 (praestantissimus

385 1543 506 1574 doctor
530 1547 564 1574 et
587 1543 761 1583 magister)
778 1543 935 1583 praedixit
951 1543 1073 1575 Achilli

385 1591 479 1630 forti,
495 1601 592 1631 quem
610 1593 692 1623 aluit
714 1597 749 1623 et
765 1593 930 1623 erudivit.
958 1593 1072 1632 [Nobi-

385 1637 424 1667 lis
438 1642 472 1669 ut
486 1640 595 1670 cecinit
608 1641 722 1678 grandi
733 1641 830 1671 codd.
847 1650 901 1680 ap.
916 1641 937 1672 J
941 1640 1049 1679 aeck.]

429 1689 468 1716 18
491 1687 577 1717 Puer
591 1688 733 1726 Thetide]
755 1688 786 1718 O
812 1688 936 1718 invicte
961 1687 1071 1718 Achil-

387 1735 447 1772 les,
464 1734 510 1765 fili
521 1736 674 1766 Thetidis
691 1738 775 1767 Deae
789 1737 937 1766 marinae.

429 1785 469 1813 19
493 1784 534 1814 Te
562 1785 680 1824 manet]
702 1785 749 1815 Te
773 1785 874 1824 Troja
901 1788 1071 1824 expectat.

387 1832 569 1863 Assaracus
592 1831 659 1863 fuit
680 1843 760 1863 avus
779 1833 935 1863 Anchisae
951 1837 986 1864 et
1012 1843 1070 1873 pa·

387 1886 440 1910 ter
469 1881 591 1921 Capys.
657 1881 802 1912 Assaraci
830 1881 936 1920 tellus]
974 1882 1070 1921 Virg-

383 1929 546 1970 ‘Ilusque
593 1929 858 1971 Assaracusque,
885 1935 920 1961 et
959 1931 1071 1971 Trojae

386 1978 566 2009 Dardanus
576 1980 718 2010 auctor!
763 1980 852 2010 Hinc
867 1981 876 1997 ‘
890 1980 998 2019 proles
1010 1979 1070 2010 As-

387 2027 516 2065 saraci,’
539 2032 574 2058 et
600 2029 609 2044 ‘
624 2028 776 2060 Assaraci
793 2028 931 2068 domus,’
953 2038 1070 2069 genus,

387 2075 532 2113 sanguis.

427 2125 468 2152 20
492 2123 674 2153 Scamandri
687 2125 838 2163 flumina]
866 2124 1070 2154 Scamander

387 2175 422 2200 et
468 2170 597 2205 Simois,
630 2170 720 2201 fluvii
756 2172 898 2210 Trojani,
937 2181 978 2201 ex
1009 2172 1070 2201 Ida

386 2222 498 2249 monte
510 2217 706 2249 defluentes.

429 2270 467 2298 21
505 2267 671 2306 Lubricus]
711 2268 842 2299 Labeus
868 2277 929 2307 pro
952 2271 1070 2298 natura

387 2325 493 2356 aquae.
540 2315 601 2354 [Et
626 2316 757 2346 lubricus
775 2317 887 2347 Simois
910 2316 1072 2355 Guelph]

429 2367 470 2395 22
498 2365 585 2395 Unde
613 2364 687 2405 tibi]
707 2364 771 2395 Ubi
806 2374 867 2404 pro
887 2369 982 2395 certo
1011 2363 1072 2394 tibi

387 2418 440 2444 est
459 2412 677 2444 moriendum.
736 2413 926 2452 Subtemine]
953 2413 1072 2444 Subte-

389 2471 464 2493 men
480 2465 531 2492 est
546 2461 648 2501 filum,
665 2463 753 2502 quod
779 2461 903 2493 flamini
927 2462 1074 2494 subtexi·

388 2516 456 2541 tur.

431 2563 472 2591 23
494 2560 600 2591 Mater
620 2560 754 2600 domum]
774 2560 888 2591 ‘rhetis
911 2562 990 2592 Dea
1004 2570 1070 2591 ma-

390 2609 539 2648 rina,cui
555 2611 717 2640 caerulens
732 2610 823 2640 color
839 2610 1006 2640 tribuitur.

432 2660 474 2687 24
498 2658 634 2698 Coerula]
650 2659 827 2697 Proprium
843 2658 1007 2697 Thetidis,
1024 2659 1071 2689 uti

391 2708 426 2734 et
440 2704 623 2737 Nereidum
635 2708 981 2747 omnium‚epitlieton.
1005 2707 1072 2738 Au-

393 2757 451 2793 get
475 2762 552 2785 vero
573 2754 636 2786 fati
662 2756 907 2798 necessitatem,
922 2756 1009 2798 qnod
1030 2766 1071 2788 ne

846 287 984 318 No'rAE
1018 287 1275 318 VAR10RUM
1314 287 1362 318 ΙΝ

1125 377 1258 408 Thetidi
1274 377 1408 418 quidem
1425 385 1517 408 mare
1530 377 1806 419 apertumfnerit‚

1123 438 1187 468 quo
1200 427 1304 460 filium
1320 426 1506 459 reveheret.
1536 426 1634 467 [Illuc
1644 426 1742 459 codd.
1752 437 1807 469 ap.

1123 476 1260 515 Jaeck]

1165 527 1204 555 25
1228 525 1299 556 Illic
1334 533 1420 555 omne
1449 522 1575 563 molum]
1610 523 1693 554 Cum
1718 523 1807 563 apud

1124 574 1260 614 Trojam
1289 573 1404 611 fueris,
1429 573 1541 603 levato
1565 579 1662 603 omne
1686 572 1807 603 malum

1123 621 1280 653 deformis
1303 620 1507 662 aegritudinis
1529 620 1606 651 vino
1626 625 1808 660 cantuque,

1123 669 1277 701 nimirum
1294 669 1457 710 alloquiis,
1482 678 1556 710 quae
1583 667 1733 709 (scilicet
1758 668 1807 699 vi·

1123 727 1200 749 num
1220 723 1255 750 et
1278 718 1411 759 cautus)
1426 722 1504 749 suut
1526 717 1734 758 aegritudinis
1754 725 1806 748 so-

1125 767 1216 797 latia.

1166 817 1208 846 26
1231 814 1403 854 Deformis]
1425 813 1604 846 Deformes
1619 813 1723 846 efficit
1738 814 1809 845 ani-

1126 863 1169 894 mi
1188 864 1364 902 aegritudo.

1167 914 1207 942 27
1246 911 1395 942 Dulcibus
1428 911 1582 952 alloquiis]
1624 911 1746 943 Vinum
1774 914 1809 942 et

1127 963 1262 989 cautum
1279 959 1482 998 aegrimoniae
1497 960 1616 990 solatia
1635 961 1808 1000 appellen

1126 1009 1173 1039 sic
1189 1008 1275 1038 enim
1290 1008 1459 1047 alloquendi
1478 1007 1580 1038 verbo
1592 1011 1722 1039 veteres
1736 1013 1809 1040 ute·

1125 1056 1259 1087 bantur.
1282 1050 1284 1053 ’
1305 1057 1412 1087 Varro
1435 1057 1458 1088 l.
1475 1065 1523 1087 vr.
1546 1057 1556 1074 ‘
1570 1056 1659 1087 Hine
1675 1056 1810 1087 adlocu-

1125 1111 1194 1138 tum
1215 1106 1370 1137 mulieres
1385 1106 1434 1136 ire
1450 1105 1556 1144 aiunt,
1571 1114 1646 1136 cnm
1669 1109 1750 1137 eunt
1765 1106 1808 1136 ad

1123 1155 1266 1195 aliquam
1293 1155 1438 1186 locutum
1459 1154 1654 1185 consolandi
1668 1153 1810 1186 caussa!

1125 1203 1247 1234 Catull.
1271 1203 1312 1234 ad
1343 1202 1578 1234 Cornificium:
1601 1203 1611 1220 ⁶
1627 1202 1736 1235 Quem
1761 1206 1810 1238 tu,

1123 1251 1212 1293 quod
1252 1252 1421 1282 minimum
1462 1250 1722 1292 facillimumque
1747 1254 1812 1290 est,

1124 1301 1198 1332 Qua
1230 1301 1356 1331 solatus
1387 1309 1423 1330 es
1461 1299 1704 1330 allocutione?
1754 1299 1808 1330 Sic

1124 1349 1256 1380 Victor.
1279 1349 1359 1379 Ver.
1375 1349 1470 1380 Lect.
1487 1357 1566 1379 vm.
1583 1351 1658 1380 123.
1676 1353 1711 1380 et
1733 1348 1808 1379 Mu-

1124 1401 1187 1429 ret.
1205 1406 1246 1428 n.
1262 1407 1336 1437 cap.
1347 1399 1379 1428 4.
1422 1396 1533 1427 Graeei
1557 1405 1688 1436 quoque
1711 1407 1808 1436 παρα-

1120 1443 1210 1482 μύθια
1225 1449 1346 1476 vocant
1368 1444 1555 1475 istiusmodi
1572 1445 1806 1475 allevamenta.

1124 1493 1324 1523 EPon.XIV·
1348 1491 1403 1522 An
1421 1492 1672 1523 Misenum-nm.
1702 1492 1808 1531 Phry-

1168 1549 1227 1571 nes
1237 1549 1348 1570 amore
1362 1541 1518 1570 detentus
1530 1540 1662 1571 lambos
1672 1541 1809 1580 promis-

1168 1598 1220 1620 sos
1234 1598 1298 1619 non
1315 1593 1429 1629 potest
1445 1589 1629 1620 absolvere.

1166 1637 1274 1668 Vetus
1305 1636 1413 1667 codex
1440 1637 1524 1667 lianc
1547 1637 1649 1668 habet
1669 1637 1808 1677 Epigra-

1125 1686 1230 1724 plien:
1255 1687 1394 1716 Excusat
1413 1695 1445 1715 se
1467 1685 1643 1724 Mna-enati,
1665 1696 1810 1718 accusans

1124 1734 1272 1763 desidiam
1294 1742 1390 1763 sunm.
1435 1731 1597 1764 Desidiam
1618 1743 1697 1765 vero
1720 1745 1809 1767 amo-

1125 1790 1194 1811 rem
1224 1785 1343 1819 vocat;
1367 1786 1474 1817 recte,
1500 1786 1538 1813 ut
1561 1782 1714 1813 inertiam
1737 1783 1809 1823 ipse

1126 1829 1247 1861 Horat.
1269 1830 1348 1870 quid
1370 1831 1458 1861 enim
1480 1830 1568 1861 aliud
1595 1839 1694 1871 qnam
1720 1831 1809 1861 iners

1125 1878 1229 1908 otium
1241 1879 1351 1909 amor?
1384 1878 1516 1909 Addam
1530 1879 1599 1910 tale
1615 1879 1740 1919 aliquid
1757 1880 1810 1910 bic

1126 1927 1195 1966 pati
1217 1927 1358 1958 Poetam
1373 1932 1523 1959 nostrum
1538 1928 1636 1969 quale
1657 1928 1810 1960 Neobule

1126 1985 1181 2007 ιιι.
1205 1977 1272 2008 Od.
1289 1980 1340 2008 12.

1166 2028 1182 2055 1
1207 2025 1315 2056 Mollis
1325 2025 1453 2066 inertia]
1478 2025 1575 2056 Ordo
1587 2030 1659 2057 est:
1683 2026 1715 2057 Ο
1731 2035 1809 2056 can-

1125 2073 1201 2104 dide
1215 2074 1394 2112 Maecenas,
1405 2078 1442 2104 tn
1456 2074 1580 2104 occidis
1590 2083 1643 2104 me
1655 2083 1747 2113 saepe
1760 2082 1810 2103 ro-

1124 2121 1232 2160 gando
1247 2131 1307 2152 cur
1320 2123 1427 2151 mollis
1440 2122 1572 2157 inertia,
1589 2122 1621 2152 id
1638 2126 1702 2159 est,
1716 2131 1809 2152 amor

1124 2169 1298 2199 immiserit
1324 2170 1405 2199 meis
1430 2170 1582 2200 sensibus
1601 2175 1727 2200 tantam
1751 2171 1808 2201 ob-

1120 2217 1286 2247 livionem.
1345 2217 1587 2256 [Schoenborn.
1617 2222 1647 2250 2.
1691 2219 1807 2260 diffun-

1122 2265 1235 2304 deret]

1157 2315 1242 2344 'Imis
1267 2315 1456 2346 oblivionem
1485 2315 1636 2356 sensibus]
1672 2317 1714 2348 In
1734 2327 1807 2349 sen-

1125 2363 1217 2394 sibus
1230 2364 1308 2404 quid
1324 2363 1456 2394 ‘imum'
1473 2369 1532 2396 aut
1548 2370 1555 2383 ‘
1566 2375 1729 2397 summum
1742 2366 1751 2380 '
1765 2367 1810 2397 sit

1125 2413 1236 2444 nescio
1250 2423 1259 2451 ;
1287 2413 1298 2429 ‘
1310 2413 1375 2444 imo
1390 2413 1502 2452 corde,
1514 2413 1522 2427 ’
1544 2415 1553 2431 ‘
1566 2414 1630 2446 imo
1646 2415 1808 2456 pecten-el

1123 2467 1217 2493 recte
1233 2462 1387 2493 dicimus.
1429 2463 1496 2493 Sed
1515 2468 1624 2494 tamen
1641 2464 1689 2496 sic
1707 2465 1807 2495 etiam

1122 2511 1282 2551 Virgilius
1298 2511 1319 2542 :'
1352 2513 1361 2529 ‘
1376 2512 1533 2543 Sensibus
1547 2512 1620 2544 haec
1639 2513 1715 2544 imis
1738 2513 1807 2554 (res

1124 2565 1176 2590 est
1190 2559 1255 2590 non
1269 2559 1388 2601 parva)
1401 2560 1566 2601 reponas.'
1587 2561 1628 2592 Id
1645 2565 1709 2597 est.
1723 2571 1810 2602 prae-

1125 2611 1259 2650 cordiis,
1273 2615 1310 2642 ut
1325 2611 1481 2652 antiquus
1497 2616 1740 2643 commentator
1751 2621 1808 2643 ex·

1124 2659 1248 2700 posuit.
1290 2661 1360 2700 Ego
1377 2669 1437 2700 pro
1449 2660 1572 2692 intimis
1589 2661 1804 2702 interpretor.

1125 2718 1222 2739 sensu
1249 2709 1335 2740 enim
1355 2709 1523 2746 interiore
1547 2710 1692 2751 sapimus
1706 2713 1802 2748 atque

1125 2758 1351 2799 intelligimus.
1374 2761 1516 2793 Torreat.
