1890 3230
443 287 663 318 nonnul
699 286 981 317 SERMONUM
1020 288 1112 317 mu.
1147 287 1198 318 11.
1229 277 1271 317 7.

182 383 223 413 45
250 380 391 422 Crispini
402 379 521 421 docuit]
539 380 748 422 Philosophi.
761 379 837 412 vide

138 431 211 464 Sat.
226 441 282 463 m.
297 431 356 463 lib.
373 434 404 464 l.

179 484 222 515 ⁴6
247 483 290 514 Te
310 481 438 522 coniux]
459 482 520 523 Te,
535 482 592 524 qui
618 481 718 515 herus
743 490 836 512 meus

138 541 174 563 es

136 631 319 664 vehemens
335 633 452 664 libido.
498 631 562 663 Sub
587 633 669 663 clara
685 632 768 662 nuda
791 631 836 662 lu·

135 681 243 722 cerna]
266 682 362 715 Nihil
374 687 490 720 muto;
514 687 523 701 ‘
541 686 630 713 teste
645 681 653 693 '
667 681 773 712 enim‘
787 681 836 712 lu-

137 740 240 764 cerua
249 731 393 770 ludere,'
404 731 572 763 Martialis
582 731 690 772 iuquit
702 741 711 762 :
736 736 836 772 atque

134 780 185 813 ita
197 781 239 813 de
254 781 441 813 Messalina
452 781 650 815 Juvenalis:
675 785 683 798 ¹
702 780 836 812 Obscu-

135 831 249 872 risque
265 832 360 872 genis
373 831 481 872 turpis
495 830 652 872 fumoque
665 830 836 861 lucernae)

135 885 172 913 et
185 890 268 912 saue
283 890 360 913 cum
374 880 525 912 scortilla
541 880 607 911 ista
623 878 697 911 fere
713 880 745 910 in
766 878 834 910 for-

133 930 265 963 nicibus
287 935 442 972 agerent,
461 929 549 961 unde
577 934 612 960 et
630 929 747 967 fornix
773 939 834 970 pro

132 980 299 1022 lupanari,
322 990 388 1011 uon
404 980 524 1011 mirum
547 980 576 1011 si
601 979 701 1011 etiam
719 979 763 1011 de
779 979 833 1011 die

134 1032 286 1064 lucernis
301 1031 510 1063 utebantur:
535 1040 644 1072 neque
661 1031 715 1062 liic
741 1031 834 1073 quic-

133 1091 234 1124 quam
246 1082 442 1114 occultioris
458 1082 630 1120 scientim
654 1091 729 1113 nam
743 1081 832 1124 quod

134 1134 214 1163 aute
238 1131 395 1162 lenonum
412 1130 503 1162 aedes
530 1131 700 1162 laureatas
723 1131 833 1162 lucer-

133 1191 188 1213 nae
213 1181 522 1223 suspendebantur,
545 1181 578 1212 id
602 1186 680 1213 tunc
695 1182 834 1213 solenne

134 1235 219 1268 crat,
249 1241 326 1263 cum
354 1241 442 1263 nova
471 1232 582 1273 aliqua
615 1232 834 1263 meretricula

67 1314 70 1318 ,
132 1282 458 1323 prostituebatur‚ut
476 1292 519 1313 ex
531 1283 741 1314 Tertulliano
754 1291 831 1314 con·

133 1337 217 1372 stat,
233 1338 269 1364 et
284 1342 328 1364 ex
350 1333 413 1364 hoc
436 1333 614 1366 Juvenalis
636 1334 712 1364 loco
727 1343 745 1363 e
759 1333 831 1364 Sat.

132 1393 183 1416 vr.
205 1385 215 1403 ‘
231 1383 410 1416 Ornentur
425 1390 538 1425 postes
551 1389 584 1416 et
598 1384 717 1426 grandi
727 1385 833 1424 janua

131 1434 252 1467 ἰωῇ-οἶ
297 1435 437 1466 Lucerna
464 1439 592 1474 tamen,
607 1434 696 1476 quod
715 1434 747 1465 iu
775 1434 832 1465 tri-

133 1484 195 1516 bus
220 1484 395 1517 codicibus
423 1485 572 1526 repperi,
593 1484 751 1515 damnare
775 1493 832 1514 ne-

133 1538 244 1575 queo:
268 1544 344 1566 cum
369 1533 413 1565 ob
432 1534 540 1565 locum
566 1534 657 1564 illum
675 1542 698 1564 ι.
714 1533 787 1564 Sat.
801 1536 832 1564 2.

132 1588 142 1602 ¹
160 1583 281 1616 Altera
307 1584 355 1615 nil
381 1584 516 1622 obstat;
541 1584 620 1614 Cois
649 1583 709 1614 tibi
733 1593 832 1623 poene

131 1634 248 1666 videre
264 1631 315 1665 est
330 1634 378 1665 Ut
393 1633 548 1665 nudamz'
565 1639 634 1664 tum
651 1633 739 1674 quod
758 1638 766 1651 ⁸
782 1637 833 1664 to-

132 1689 221 1724 gatoe
234 1683 243 1697 ⁹
258 1693 299 1714 ac
323 1684 334 1700 ‘
353 1684 556 1723 palliolatae’
573 1682 646 1713 fere
672 1683 832 1714 inducan-

132 1739 190 1765 tur
223 1733 464 1764 meretriculae:
492 1737 595 1774 atque
630 1733 678 1763 ita
706 1732 831 1765 Juveu.

131 1784 142 1801 ⁸
161 1783 429 1824 Ipselacernatae
447 1793 522 1814 cum
539 1782 740 1823 sejactaret
752 1783 832 1813 auii-

132 1831 207 1866 cae.'
231 1832 373 1864 Torrent.
397 1832 464 1864 Sub
485 1833 570 1864 clara
591 1832 673 1863 nuda
695 1830 833 1871 lacerna]

131 1883 203 1915 Sub
219 1883 310 1927 linea
327 1889 421 1914 veste
445 1887 513 1914 tam
539 1882 647 1922 tenui,
667 1887 704 1914 ut
727 1891 833 1914 mere—

133 1933 200 1964 trix
217 1933 311 1975 quasi
329 1933 420 1964 nuda
435 1933 621 1964 videretur.

173 1986 217 2016 49
242 1983 375 2024 Cuudoe]
399 1983 565 2015 Mentulae
583 1981 753 2014 tumentis.

135 2062 137 2064 .
174 2036 216 2064 50
243 2032 394 2064 clunibus
417 2035 472 2064 aut
498 2030 649 2071 agitat-it]
687 2031 756 2062 Aut
778 2041 831 2062 su-

131 2082 386 2124 perincubando
414 2092 467 2113 me
497 2082 651 2113 clunibus
677 2082 831 2122 agitavit,

133 2133 226 2164 velut
241 2142 330 2175 equo
346 2133 506 2164 insidens.

173 2187 214 2216 51
228 2184 387 2216 -Dimittit
397 2183 506 2224 neque]
530 2183 589 2214 Me
603 2183 734 2215 missum
747 2183 830 2215 facit

131 2234 240 2266 illaesa
256 2234 359 2266 fama.

173 2287 216 2317 ⁵2
234 2284 336 2316 Meiut
348 2281 467 2324 eodem]
489 2283 575 2314 Cum
589 2283 706 2314 eadem
720 2283 829 2314 coeat.

175 2337 216 2366 ⁵8
240 2335 287 2365 Tu
308 2343 378 2364 cum
399 2332 548 2373 projectis
565 2332 755 2371 insignibus,
777 2335 830 2373 ξε.

132 2387 224 2425 eaput
255 2383 434 2415 obscurante
467 2381 604 2421 lacerna]
627 2382 676 2414 Ut
706 2383 831 2414 lateret

132 2435 204 2475 ille,
219 2432 364 2472 insignia
385 2431 573 2473 dignitatis,
589 2441 711 2472 nempe
725 2442 830 2463 aunu-

132 2485 203 2516 lum
217 2483 442 2525 deposuerat;
464 2486 500 2513 et
515 2482 696 2521 libertatis,
711 2492 832 2524 nempe

137 2539 263 2575 togam,
274 2543 349 2574 quae
362 2532 372 2550 ‘
388 2532 558 2564 Romanus
571 2532 708 2564 habitus
718 2532 728 2547 ’
745 2533 831 2565 Poe-

135 2588 180 2616 tae
197 2583 334 2622 dicitur,
350 2586 386 2614 et
398 2587 479 2613 tuuc
495 2581 528 2612 in
546 2591 606 2613 usu
622 2587 697 2613 erat
709 2583 831 2615 saltem

134 2632 226 2674 apud
251 2632 443 2672 digniores:
467 2635 504 2662 et
518 2631 566 2662 sic
587 2632 622 2662 in
645 2633 759 2664 servili
774 2633 829 2665 ba-

135 2682 209 2715 bitu
223 2692 232 2713 :
256 2690 379 2722 nempe
395 2681 466 2712 siue
476 2685 571 2722 toga,
582 2690 657 2721 quae
669 2681 830 2722 ingenuo-

134 2741 226 2764 rum:
250 2735 420 2772 praeterea
447 2734 552 2771 caput
574 2729 711 2761 lacerna
737 2731 831 2762 invo-

134 2784 226 2816 lutus
241 2788 279 2814 ut
302 2782 436 2817 lateret,
459 2780 548 2823 quod
572 2782 743 2823 expressit
772 2793 833 2824 per

135 2835 227 2874 caput
240 2831 419 2863 obscurante
430 2831 563 2866 lacerna,
575 2839 641 2862 non
658 2831 748 2873 quod
763 2842 832 2864 ser-

177 555 220 614 ⁸⁴8
247 583 368 614 Natura
399 581 554 622 incendit]
584 581 761 613 Naturalis
799 585 835 612 et
860 587 864 590 ·

1477 279 1587 319 1749

892 390 1007 412 vorum
1035 381 1172 412 lacerna
1187 385 1262 414 atra
1283 382 1386 412 esset.
1412 380 1590 413 Ferrarius.

893 433 952 473 Tu,
966 433 1074 474 quum]
1097 432 1150 464 Tu
1165 432 1258 463 bere.
1291 431 1446 471 Proiectis
1457 432 1590 472 insigni-

892 483 963 523 bus]
986 483 1138 524 Insignia
1152 482 1238 514 civis
1262 481 1404 515 Romani
1427 486 1521 522 toga,
1537 493 1590 515 se·

890 533 1018 565 natoris
1043 534 1131 565 latus
1158 533 1286 573 clavus,
1312 531 1436 574 equitis
1461 534 1591 570 anulus,

891 595 990 627 quem
1004 585 1047 617 ob
1070 586 1134 617 hoc
1159 588 1330 625 equestrem
1345 588 1446 616 vocat
1467 584 1590 617 Poeta.

891 635 1002 668 Quam
1027 640 1139 666 autem
1162 633 1369 675 flagitiosum
1390 632 1496 665 fuerit
1519 634 1590 666 siue

891 684 940 715 liis
957 685 991 716 in
1005 685 1143 725 publico
1154 683 1317 725 conspici,
1328 683 1420 715 inter
1436 684 1518 715 alios
1531 683 1591 716 do-

890 738 947 765 eet
969 734 1101 765 Gellius
1119 743 1204 765 xm.
1219 736 1273 766 20.
1308 733 1464 772 Proiectis
1489 734 1591 774 insig-

889 783 994 824 nibus]
1019 783 1470 824 Ornamentis·equestribus
1485 783 1591 824 depo·

890 832 976 865 sitis.
1021 832 1099 864 Non
1116 836 1195 864 sunt
1210 837 1323 863 autem
1349 832 1421 863 haec
1437 833 1485 863 ita
1501 834 1591 864 acci-

891 882 1025 923 pienda,
1039 883 1134 923 quasi
1159 882 1326 914 Horatius
1350 881 1533 924 significet,
1553 893 1590 915 se

889 932 1040 973 equitem
1062 940 1138 963 esse
1163 932 1373 978 Romanunm
1397 932 1457 963 sed
1481 942 1522 964 eo
1538 932 1590 965 di—

888 987 1011 1015 cuntur
1037 987 1184 1022 tantum,
1201 986 1238 1014 ut
1265 982 1495 1023 intelligamus
1519 985 1589 1024 ple-

889 1042 1009 1075 rosque
1032 1032 1188 1064 dominos
1212 1033 1319 1063 servis
1341 1032 1409 1063 suis
1436 1042 1511 1064 esse
1533 1033 1591 1064 de-

889 1083 1031 1114 teriores
1044 1088 1078 1114 et
1091 1083 1291 1124 nequiores3
1316 1086 1436 1123 utpote
1450 1083 1505 1124 qui
1520 1087 1591 1114 tur-

889 1133 1032 1173 pissimis
1049 1132 1247 1164 libidinibus
1265 1132 1464 1168 servientes,
1483 1134 1590 1164 multa

887 1193 923 1215 se
935 1183 1085 1224 indigna,
1102 1193 1241 1225 suaeque
1259 1192 1412 1224 personae
1427 1183 1587 1216 indecora

889 1236 1126 1277 perpetiantur
1142 1241 1178 1267 et
1194 1234 1380 1275 perferant.
1403 1234 1545 1266 Lambin.

929 1289 971 1317 54
995 1286 1208 1327 Romanoque]
1236 1285 1275 1316 [n
1292 1289 1383 1326 toga.
1407 1285 1534 1322 Prodis,
1549 1295 1589 1316 ex

877 1337 997 1377 judice,
1011 1336 1132 1377 Dama]
1155 1337 1269 1369 Quum
1287 1340 1322 1366 tu
1340 1334 1500 1366 vestitum
1517 1344 1588 1366 ser-

887 1387 986 1418 vilem
1010 1387 1112 1418 sumis
1130 1385 1190 1428 (ne
1214 1385 1256 1417 ab
1281 1385 1353 1416 aliis
1380 1385 1589 1426 agnoscaris)

887 1441 923 1467 et
938 1446 980 1467 ex
996 1436 1120 1469 Judice
1144 1435 1257 1467 factus
1281 1444 1316 1466 es
1334 1435 1454 1471 Dama,
1471 1445 1589 1467 servus

886 1486 1032 1526 infamis,
1056 1487 1136 1518 Non
1152 1496 1202 1526 es,
1217 1488 1280 1517 &c.
1326 1486 1498 1524 Exjudice
1519 1486 1588 1517 Da—

886 1546 936 1567 ma
955 1536 1081 1576 Turpis,
1095 1536 1166 1576 ξω]
1194 1535 1271 1566 Hoc
1287 1540 1350 1571 est,
1369 1545 1444 1566 cum
1467 1540 1516 1570 tu,
1532 1536 1586 1566 vel

887 1594 1004 1626 eques,
1021 1585 1072 1616 vel
1089 1594 1172 1615 unus
1187 1594 1230 1616 ex
1253 1584 1588 1625 selectisjudicibus,

888 1634 1187 1668 comessabuudus,
1231 1644 1298 1674 quo
1337 1634 1584 1674 turpitudinem

886 1684 992 1723 celes,
1005 1683 1119 1714 servili
1141 1682 1260 1713 babitu
1279 1683 1406 1723 prodis,
1428 1692 1470 1713 an
1495 1684 1586 1714 aliud

888 1741 985 1774 quam
1003 1741 1121 1763 servus
1138 1730 1192 1762 es?
1220 1732 1363 1762 Torrent.

928 1786 968 1813 55
995 1783 1168 1813 Odon-atum
1195 1781 1302 1822 caput]
1334 1782 1446 1823 Caput
1479 1782 1591 1814 odori-

886 1833 948 1864 bus
978 1832 1180 1864 delibutum.
1204 1831 1361 1872 Lucerna]
1388 1832 1498 1864 Pallio
1530 1835 1587 1865 ob-

887 1883 1010 1915 soleto.

928 1936 971 1965 56
993 1933 1171 1975 Induceris]
1199 1933 1376 1965 Induceris
1416 1933 1448 1964 iu
1480 1933 1585 1966 aedeis

887 1983 1051 2017 mulieris.

927 2036 968 2064 57
986 2033 1166 2065 Alter-cante
1181 2033 1377 2074 libidinibus]
1401 2034 1586 2075 Pugnante
1610 2059 1613 2062 Α

885 2089 978 2116 metu
994 2094 1070 2116 cum
1087 2084 1238 2116 libidine.
1275 2084 1488 2124 Tremisossu]
1516 2086 1587 2118 Ha·

885 2134 944 2166 bes
961 2143 1036 2166 ossa
1053 2135 1245 2166 trementia.

927 2188 970 2216 58
988 2185 1073 2220 Quid
1084 2184 1198 2226 refert]
1216 2184 1306 2218 Quid
1320 2184 1461 2217 interest
1474 2190 1586 2218 utrum

883 2244 940 2266 eas
957 2234 1126 2276 gladiator
1140 2239 1338 2265 auctoratus
1354 2234 1406 2276 (id
1422 2242 1484 2271 est,
1501 2237 1588 2268 obli-

883 2290 982 2323 gatus
1007 2284 1135 2325 pretio)
1151 2286 1255 2325 virgis
1279 2285 1343 2320 uri,
1358 2285 1408 2326 (id
1433 2291 1496 2326 est,
1514 2295 1588 2318 ver·

886 2334 1055 2365 beraudus
1071 2340 1106 2365 et
1123 2334 1236 2374 gladio
1247 2334 1440 2375 necandus)
1451 2345 1492 2366 an
1505 2345 1586 2366 moe-

883 2383 966 2415 chus
981 2383 1025 2415 sis
1043 2384 1175 2415 clausus
1191 2383 1222 2414 in
1239 2392 1320 2414 arca
1333 2384 1450 2424 turpi?
1482 2384 1587 2417 Quasi

883 2433 1026 2470 diceret,
1041 2433 1123 2475 quid
1146 2434 1292 2465 interest
1308 2433 1398 2465 inter
1420 2434 1587 2474 gladiato-

887 2492 958 2515 rem
975 2489 1010 2515 et
1026 2483 1239 2515 adulterum?

928 2537 971 2566 59
1002 2533 1193 2566 Auctoratus
1228 2533 1296 2574 eus]
1335 2533 1439 2568 Hunc
1475 2534 1586 2566 locum

887 2584 1000 2626 priore
1023 2584 1174 2616 editione
1202 2585 1386 2617 Lambinus
1414 2594 1478 2616 nec
1500 2585 1586 2617 bene

886 2635 1101 2669 distinxerat,
1125 2644 1203 2675 nec,
1220 2639 1259 2666 ut
1282 2635 1412 2675 decuit,
1435 2636 1584 2676 explica-

884 2689 990 2716 verat.
1051 2684 1174 2716 Melius
1202 2687 1310 2716 multo
1334 2686 1511 2717 Turnebus
1542 2696 1587 2720 ιι.

883 2737 936 2767 20.
980 2734 1048 2765 Sed
1079 2739 1115 2765 et
1143 2743 1205 2765 nos
1233 2743 1367 2776 quoque
1397 2735 1584 2776 symbolam

884 2783 1015 2816 demus.
1061 2783 1129 2817 Qui
1152 2784 1256 2825 igitur
1281 2794 1392 2825 neque
1418 2785 1506 2817 vires
1534 2796 1586 2817 os-

884 2833 1042 2866 tentandi
1057 2842 1190 2875 caussa,
1202 2843 1311 2876 neque
1325 2843 1435 2875 poenae
1451 2836 1586 2867 nomine
