1916 3262
604 302 956 335 nrls'ronARun
995 304 1086 335 mn.
1119 304 1173 336 ιι.
1204 294 1245 335 1.
1537 297 1652 340 1229

195 397 417 451 Agricolae
436 396 586 452 prisci,
606 396 756 448 fortes,
776 410 1004 452 parvoque
1022 398 1155 449 beati,

195 465 390 507 Condita
407 469 513 519 post
529 463 755 515 frumenta,
777 466 974 507 levantes
996 470 1194 519 tempore
1213 466 1329 508 festo

195 531 369 587 Corpus
388 536 434 573 et
451 532 600 586 ipsum
621 533 810 574 animum
831 546 913 586 spe
930 532 1029 573 finis
1052 532 1162 574 dura
1182 534 1404 583 ferentem,

195 598 309 640 Cum
329 599 463 641 sociis
481 612 678 653 operum,
699 601 864 653 pueris,
885 604 929 642 et
946 599 1136 654 conjuge
1159 600 1264 651 fida,

168 680 177 683 -
192 666 411 708 Tellurem
431 679 580 721 porco,
604 666 848 719 Sylvanum
869 668 983 709 lacte
1002 667 1202 721 piabant,

195 733 400 774 Floribus
419 738 463 774 et
481 735 584 775 vino
604 733 813 781 Genium,
837 746 1067 775 memorem
1094 734 1242 775 brevis
1265 735 1365 776 aevi.

196 800 470 842 Fescennina
489 814 569 855 per
587 801 703 842 hunc
725 802 902 843 inventa
919 800 1100 843 licentia
1119 813 1282 842 morem

1570 467 1655 509 140

1570 804 1656 847 145

193 936 344 977 contenti,
363 938 433 976 post
448 933 728 973 collectassmges‚
746 933 845 973 seriis
870 936 1044 966 recreantes
1058 943 1169 974 corpus
1191 933 1351 974 ipsamque
1365 937 1498 966 mentem
1519 943 1572 975 spe
1577 934 1660 975 finis

194 976 331 1008 laborum
344 978 528 1018 patientem,
543 986 613 1008 cum
625 976 832 1017 participibus
846 976 960 1008 laboris
970 980 1035 1008 tam
1049 976 1158 1008 liberis
1173 977 1364 1018 qwmfideli
1376 987 1486 1016 uxore,
1499 977 1660 1018 sacrifica-

195 1017 268 1050 bant
283 1029 368 1050 suem
382 1020 513 1059 Telluri,
529 1020 575 1050 Iac
590 1019 737 1060 Sylcano,
753 1020 850 1059 fiores
860 1022 892 1051 et
905 1019 1012 1051 vinnm
1031 1019 1149 1058 Genio,
1161 1020 1214 1059 qui
1221 1019 1307 1057 jacit
1323 1020 1481 1051 recordari
1497 1019 1661 1051 brevitatis

193 1060 278 1094 υἱέα.
323 1062 390 1094 Per
404 1063 483 1093 hanc
499 1062 747 1093 consuetudinem
761 1062 890 1094 inducta
904 1061 1062 1094 cavillatio
1078 1062 1274 1094 Fescennina
1282 1061 1418 1100 jactavit
1431 1062 1573 1102 agrestia
1594 1062 1660 1093 ‹lic-

987 1155 1050 1169 m

198 1219 399 1261 berg.—142
423 1220 521 1253 Vatt.
539 1223 567 1252 1.
583 1223 615 1252 7.
632 1223 684 1252 19.
708 1221 807 1253 Vatt.
829 1222 928 1254 Rom.
945 1225 976 1254 3.
990 1224 1022 1253 4.
1038 1224 1071 1253 6.
1105 1220 1252 1252 Chisian.
1277 1224 1309 1252 5.
1334 1225 1371 1252 et
1399 1220 1555 1261 Angelic.
1572 1222 1604 1251 3.
1629 1222 1662 1251 et

193 1262 324 1302 μανίη
346 1263 394 1293 ita
422 1263 480 1293 alii
506 1263 593 1294 Mss.
620 1263 710 1303 apud
738 1264 850 1295 Pulm.
870 1264 950 1296 Val.
967 1263 1077 1296 Aldus
1094 1266 1190 1294 1501.
1207 1265 1303 1294 1509.
1321 1265 1416 1295 1519.
1439 1263 1547 1296 Junta
1564 1265 1662 1294 1503.

195 1304 354 1336 Britaun.
381 1307 478 1337 1520.
504 1305 621 1336 Basili.
637 1309 731 1337 152⁷.
757 1309 851 1338 1531.
874 1307 979 1338 Dion.
1009 1306 1052 1337 ab
1081 1306 1207 1337 Harsio
1232 1305 1344 1345 Lugd.
1361 1308 1457 1337 1538.
1481 1306 1523 1336 R.
1540 1305 1662 1345 steph.

195 1349 291 1380 1544.
308 1346 388 1378 inde
401 1348 539 1386 vulgata
553 1346 625 1378 fere
641 1347 731 1386 apud
744 1357 879 1386 omnes;
895 1348 956 1378 sed
972 1352 1003 1379 et
1020 1348 1224 1386 improbavit
1242 1348 1275 1377 in
1290 1350 1371 1377 nota
1382 1348 1541 1378 Torrent.
1554 1347 1661 1386 ejecit

195 1388 312 1420 Bentl.
328 1389 407 1420 iude
423 1397 610 1429 anonymus
621 1389 715 1428 Traj.
732 1387 775 1419 ad
792 1389 902 1420 Rben.
917 1391 1011 1420 1713.
1026 1389 1113 1420 Cun.
1128 1388 1251 1420 Sanad.
1267 1389 1373 1419 Baxt.
1386 1388 1537 1420 Mervill.
1551 1388 1661 1421 Gesn.

194 1429 348 1471 Smdby,
375 1430 516 1470 Dorigh.
533 1428 654 1461 Oberl.
668 1429 812 1471 Combe,
827 1429 964 1463 Wakef.
981 1431 1094 1462 Wetz.
1115 1431 1223 1462 Zeun.
1272 1430 1282 1448 ‘
1298 1431 1428 1462 Putant
1442 1431 1607 1462 'rm-rent.
1624 1436 1661 1462 et

195 1473 314 1504 Bentl.
330 1481 452 1513 pueros
468 1476 504 1504 et
520 1472 703 1514 conjugem
726 1481 799 1503 esse
824 1474 936 1512 socios,
961 1473 1040 1514 quia
1062 1473 1127 1514 ipsi
1152 1473 1253 1504 otiosi
1270 1472 1362 1504 domi
1386 1482 1455 1505 non
1478 1473 1659 1506 sedebant.

193 1514 244 1546 At
258 1520 386 1555 praeter
400 1524 473 1555 eos,
488 1514 522 1546 in
540 1515 629 1556 agris
642 1515 793 1546 colendis
809 1515 867 1547 alii
881 1515 1145 1548 adhibebantur.
1190 1516 1301 1547 Varro
1317 1516 1360 1547 de
1375 1516 1427 1547 Re
1443 1515 1545 1548 Rust.
1562 1525 1588 1548 1.
1607 1519 1659 1547 17.

192 1557 204 1574 ‘
217 1557 348 1589 Omnes
364 1557 438 1598 agri
450 1557 611 1589 coluntur
626 1557 815 1590 hominibus
831 1558 954 1598 servis,
970 1563 1029 1590 aut
1045 1558 1177 1598 liberis,
1192 1562 1251 1589 ant
1267 1557 1449 1600 utrisque‚’
1462 1560 1527 1590 &c.
1550 1558 1661 1590 Erant

195 1600 300 1632 etiam
316 1600 429 1640 amici,
449 1601 678 1639 conterranei‚
693 1600 751 1642 qui
780 1600 846 1632 sibi
872 1601 1018 1633 invicem
1045 1610 1168 1642 operas
1186 1601 1408 1639 mutuabant3
1434 1605 1472 1632 nt
1486 1600 1659 1642 hodieque

194 1651 274 1682 usus
290 1642 390 1674 estin
406 1643 520 1674 Italia.
566 1643 662 1675 Nota
678 1643 793 1685 AEsopi
811 1643 942 1675 Fabula
956 1643 1046 1685 apud
1062 1644 1106 1675 A.
1123 1643 1216 1675 Gen.
1230 1652 1272 1675 n.
1288 1646 1343 1676 22.
1388 1643 1442 1675 De
1459 1643 1580 1675 eodem
1596 1653 1660 1674 usu

197 1683 365 1726 Apuleius
390 1684 536 1726 Apolog.
562 1695 596 1725 p.
619 1687 673 1718 20.
689 1685 770 1718 edit.
787 1685 882 1718 Prie.
915 1686 990 1718 Hos
1012 1686 1054 1718 ab
1079 1686 1225 1718 Horatio
1242 1695 1323 1717 vere
1346 1686 1541 1726 appellatos
1562 1686 1661 1717 socios

197 1736 324 1767 operum
337 1727 506 1759 arbitror!
530 1728 714 1760 Κεφ-143
740 1728 883 1769 Cuning.
900 1737 943 1760 ex
966 1728 1120 1769 ingenio,
1143 1738 1251 1769 porca,
1267 1728 1358 1769 quod
1374 1728 1565 1759 dubitative
1582 1737 1660 1768 pro-

195 1774 360 1809 posuerat
385 1770 688 1802 Lambinus.—-145
712 1770 828 1802 Bentl.
852 1779 895 1801 ex
918 1771 1133 1811 conjectura,
1158 1771 1293 1802 invecta.
1348 1770 1405 1801 Ita
1433 1775 1547 1801 tamen
1575 1770 1661 1810 legit

196 1811 315 1844 Barth.
331 1811 375 1844 ad
391 1811 570 1843 Claudian.
586 1821 620 1851 p.
637 1813 713 1842 765.
737 1816 774 1843 et
789 1813 900 1843 citant
916 1813 1080 1844 Politian.
1096 1812 1249 1843 Brisson.
1269 1813 1444 1843 Passerat.
1460 1813 1605 1851 Popma,
1624 1816 1662 1843 et

196 1853 333 1885 Ferrar.
358 1853 567 1893 adoptarunt
590 1853 739 1891 Cuning.
762 1853 888 1885 Sanad.
914 1855 1029 1886 Merv.
1056 1855 1211 1890 Francis,
1238 1854 1326 1885 Phil.
1348 1854 1487 1885 Valart.
1512 1853 1660 1894 Dorigh.

198 1894 338 1928 Wakef.
354 1900 392 1928 et
407 1895 550 1927 Bodoni.
583 1895 719 1935 invicta,
735 1896 756 1926 i.
776 1904 808 1927 e.
822 1896 983 1937 inoencta,
996 1897 1081 1928 Vat.
1096 1898 1151 1928 24.
1187 1896 1362 1928 Fascenim
1377 1895 1611 1928 Schoenborn.
1626 1899 1660 1929 3.

853 1990 997 2023 NOTAE

241 2056 305 2086 189
327 2052 485 2093 Agricola:
503 2053 615 2094 prisci,
635 2054 707 2095 afa]
734 2052 899 2086 Horatius

197 2113 278 2136 mox
298 2104 483 2145 explicavit
509 2103 600 2135 unde
624 2109 734 2136 ortum
757 2104 804 2136 sit
827 2114 900 2136 car-

197 2163 275 2186 men
303 2163 454 2186 sacrum:
473 2154 547 2195 jam
573 2154 727 2187 ostendit
753 2164 820 2196 qua
846 2164 896 2187 ra-

197 2204 292 2236 tione
323 2203 502 2246 profanum
534 2204 693 2236 habuerit
729 2205 897 2247 originem

196 2258 302 2296 atque
316 2254 577 2287 incrementum.

241 2307 306 2337 142
331 2306 413 2336 Cum
427 2305 520 2336 sociis
541 2315 680 2347 operum,
691 2306 813 2347 pueris,
827 2306 899 2348 ἔξω]

198 2354 278 2386 Non
304 2356 485 2396 ergastulis
510 2360 591 2388 tunc
617 2361 652 2388 et
678 2357 785 2388 servis
808 2359 899 2390 cole-

198 2403 322 2436 bantur
335 2405 407 2445 agri
423 2405 564 2438 scilicet.

243 2454 306 2484 143
324 2453 475 2486 Tellurem
485 2454 593 2496 porco]
609 2455 692 2495 Pro,
705 2465 821 2497 porca.
843 2456 901 2490 Sic

199 2501 290 2533 enim
307 2507 410 2535 πει-τω
425 2503 586 2536 fertilitas
598 2506 666 2537 suis
679 2505 901 2540 foecunditate

199 2551 429 2584 indicabatur.
453 2554 526 2586 Cic.
541 2555 584 2585 de
600 2556 684 2596 Leg.
701 2565 744 2588 u.

243 2603 414 2644 Sylvanum
429 2603 509 2635 lacte
530 2605 674 2646 piabant]
697 2606 826 2647 Aptum
848 2617 900 2639 sa-

201 2651 365 2684 crificium
382 2653 459 2684 Deo
471 2653 556 2684 ruris
572 2658 609 2686 et
625 2658 807 2695 pastorum.
842 2657 902 2688 Vi-

201 2700 245 2733 de
262 2701 374 2742 Epod.
388 2711 432 2734 11.

245 2753 307 2783 144
331 2752 477 2783 Floribus
500 2755 532 2783 et
555 2753 625 2784 eino
655 2753 805 2796 Genium]
831 2755 902 2787 Na-

201 2804 287 2832 tnrae
303 2801 378 2833 Deo
394 2800 507 2841 flores,
522 2802 706 2843 placentae,
723 2804 837 2835 vinum
852 2804 902 2837 of·

202 2850 423 2893 ferebantur;
460 2852 554 2885 nulla
585 2861 666 2885 vero
704 2853 901 2888 caedebatur

952 2053 1114 2086 victima:
1149 2058 1188 2087 ut
1216 2055 1388 2096 explicavi
1418 2063 1475 2086 ιιι.
1505 2053 1574 2086 Od.
1606 2057 1659 2087 17.

952 2105 1091 2138 Persius
1106 2105 1181 2138 Sat.
1197 2115 1238 2138 11.
1263 2107 1273 2125 ⁸
1287 2106 1409 2138 Funde
1431 2115 1562 2138 merum
1586 2106 1658 2139 Ge-

951 2156 1032 2189 nio.'

996 2209 1058 2238 145
1071 2207 1264 2239 Fescennina
1272 2217 1331 2249 per
1342 2209 1422 2239 hunc
1435 2208 1576 2246 inventa,
1589 2208 1660 2249 Gra]

950 2256 1020 2298 Sic,
1046 2257 1200 2300 inquam,
1223 2258 1334 2290 Poeta
1361 2258 1528 2291 describit
1558 2259 1660 2299 origi-

956 2315 1037 2338 nem
1054 2307 1209 2348 profanae
1223 2307 1379 2349 poiiseos.
1408 2309 1572 2341 Rusticus
1588 2309 1660 2350 jam

952 2356 962 2374 ‘
980 2356 1134 2389 laborum
1149 2357 1262 2394 liber‚'
1286 2362 1325 2389 ut
1348 2362 1402 2390 est
1425 2358 1461 2390 in
1484 2359 1597 2400 Epist.
1615 2358 1659 2390 ad

953 2405 1026 2438 Pis.
1048 2407 1059 2424 ‘
1074 2405 1165 2439 festo
1185 2412 1339 2449 tempore
1355 2418 1479 2450 corpus
1495 2409 1661 2440 animum-

954 2467 1022 2499 que
1037 2458 1203 2499 relevans,
1221 2459 1350 2491 rustica
1365 2460 1569 2501 opprobria’
1583 2460 1659 2500 jac-

955 2506 1066 2547 tavit;
1090 2507 1126 2539 id
1142 2512 1205 2549 est,
1220 2509 1276 2540 alii
1299 2509 1384 2540 alios
1405 2509 1482 2540 rudi
1504 2508 1563 2540 sed
1581 2517 1660 2548 pro-

954 2556 1026 2588 caci
1041 2558 1190 2588 carmine
1206 2558 1413 2589 lacessentes
1429 2557 1660 2588 oblectamen-

955 2611 1027 2638 tum
1042 2607 1242 2648 quaesivere.
1265 2606 1313 2637 Et
1327 2607 1404 2637 hinc
1419 2610 1502 2637 nata
1513 2611 1566 2637 est
1580 2604 1660 2637 sub-

954 2655 1036 2687 inde
1050 2655 1225 2687 Comoedia
1239 2666 1247 2687 :
1271 2661 1309 2686 ut
1324 2656 1460 2687 dicetur
1473 2655 1565 2688 alibi.

996 2706 1191 2736 Fescennina
1222 2704 1366 2746 licentia]
1401 2704 1532 2736 Versus
1558 2709 1657 2746 petu-

953 2756 1062 2788 lantes
1078 2762 1114 2788 et
1131 2757 1284 2797 protervi
1299 2755 1389 2787 inter
1405 2755 1524 2796 jocosa
1540 2758 1657 2788 convi-

954 2806 1008 2836 via
1034 2803 1198 2837 adversus
1225 2804 1414 2847 quemlibet
1443 2806 1583 2847 prolati,
1609 2807 1659 2837 lo·

953 2864 1030 2888 cum
1045 2855 1195 2888 habuere
1211 2855 1321 2897 primo
1341 2856 1376 2888 in
1396 2855 1483 2889 urbe
1503 2856 1651 2889 Etruriae
