<?xml version="1.0" encoding="UTF-8"?>
<!DOCTYPE html PUBLIC "-//W3C//DTD XHTML 1.0 Transitional//EN"
    "http://www.w3.org/TR/xhtml1/DTD/xhtml1-transitional.dtd">
<html xmlns="http://www.w3.org/1999/xhtml" xml:lang="en" lang="en">
 <head>
  <title>
</title>
<meta http-equiv="Content-Type" content="text/html;charset=utf-8" />
  <meta name='ocr-system' content='tesseract 3.04.00' />
  <meta name='ocr-capabilities' content='ocr_page ocr_carea ocr_par ocr_line ocrx_word'/>
</head>
<body>
  <div class='ocr_page' id='page_1' title='image "./operazeune03horauoft/operazeune03horauoft_0248.png"; bbox 0 0 1916 3262; ppageno 0'>
   <div class='ocr_carea' id='block_1_1' title="bbox 377 270 487 312">
    <p class='ocr_par' dir='ltr' id='par_1_1' title="bbox 377 270 487 312">
     <span class='ocr_line' id='line_1_1' title="bbox 377 270 487 312; baseline -0.009 0"><span class='ocrx_word' id='word_1_1' title='bbox 377 270 487 312; x_wconf 74' lang='lat'><strong>1394</strong></span> 
     </span>
    </p>
   </div>
   <div class='ocr_carea' id='block_1_2' title="bbox 370 369 1059 2784">
    <p class='ocr_par' dir='ltr' id='par_1_2' title="bbox 374 369 1059 508">
     <span class='ocr_line' id='line_1_2' title="bbox 375 369 1059 411; baseline -0.001 -8"><span class='ocrx_word' id='word_1_2' title='bbox 375 370 541 411; x_wconf 83' lang='lat' dir='ltr'><strong>Liburnis,</strong></span> <span class='ocrx_word' id='word_1_3' title='bbox 555 369 590 401; x_wconf 85' lang='lat' dir='ltr'><strong>id</strong></span> <span class='ocrx_word' id='word_1_4' title='bbox 605 374 671 409; x_wconf 88' lang='lat' dir='ltr'><strong>est,</strong></span> <span class='ocrx_word' id='word_1_5' title='bbox 682 370 715 402; x_wconf 86' lang='lat' dir='ltr'><strong>in</strong></span> <span class='ocrx_word' id='word_1_6' title='bbox 731 370 905 402; x_wconf 87' lang='lat' dir='ltr'><strong>hostilibus</strong></span> <span class='ocrx_word' id='word_1_7' title='bbox 921 370 1059 402; x_wconf 83' lang='lat' dir='ltr'><strong>navibus</strong></span> 
     </span>
     <span class='ocr_line' id='line_1_3' title="bbox 374 420 1058 460; baseline -0.003 -8"><span class='ocrx_word' id='word_1_8' title='bbox 374 420 608 458; x_wconf 82' lang='lat' dir='ltr'><strong>Liburnorum,</strong></span> <span class='ocrx_word' id='word_1_9' title='bbox 633 429 772 460; x_wconf 86' lang='lat' dir='ltr'><strong>quorum</strong></span> <span class='ocrx_word' id='word_1_10' title='bbox 801 420 925 451; x_wconf 87' lang='lat' dir='ltr'><strong>auxilio</strong></span> <span class='ocrx_word' id='word_1_11' title='bbox 961 425 1058 460; x_wconf 85' lang='lat' dir='ltr'><strong>parta</strong></span> 
     </span>
     <span class='ocr_line' id='line_1_4' title="bbox 375 467 834 508; baseline -0.002 -8"><span class='ocrx_word' id='word_1_12' title='bbox 375 469 488 500; x_wconf 79' lang='lat' dir='ltr'><strong>fuerat</strong></span> <span class='ocrx_word' id='word_1_13' title='bbox 502 467 656 508; x_wconf 81' lang='lat' dir='ltr'><strong>Augusto</strong></span> <span class='ocrx_word' id='word_1_14' title='bbox 670 468 834 499; x_wconf 81' lang='lat' dir='ltr'><strong>Victoria.</strong></span> 
     </span>
    </p>

    <p class='ocr_par' dir='ltr' id='par_1_3' title="bbox 374 517 1059 801">
     <span class='ocr_line' id='line_1_5' title="bbox 415 517 1059 556; baseline 0 -9"><span class='ocrx_word' id='word_1_15' title='bbox 415 519 453 547; x_wconf 81' lang='lat'><strong>31</strong></span> <span class='ocrx_word' id='word_1_16' title='bbox 478 517 610 547; x_wconf 82' lang='lat' dir='ltr'><strong>Privata</strong></span> <span class='ocrx_word' id='word_1_17' title='bbox 623 518 729 548; x_wconf 81' lang='lat' dir='ltr'><strong>deduci</strong></span> <span class='ocrx_word' id='word_1_18' title='bbox 739 517 880 556; x_wconf 79' lang='lat' dir='ltr'><strong>superbo]</strong></span> <span class='ocrx_word' id='word_1_19' title='bbox 902 517 1059 548; x_wconf 79' lang='lat' dir='ltr'><strong>Invideas</strong></span> 
     </span>
     <span class='ocr_line' id='line_1_6' title="bbox 375 565 1056 606; baseline 0 -11"><span class='ocrx_word' id='word_1_20' title='bbox 375 566 489 604; x_wconf 86' lang='lat' dir='ltr'><strong>etiam,</strong></span> <span class='ocrx_word' id='word_1_21' title='bbox 513 565 600 605; x_wconf 90' lang='lat' dir='ltr'><strong>quod</strong></span> <span class='ocrx_word' id='word_1_22' title='bbox 630 570 785 605; x_wconf 85' lang='lat' dir='ltr'><strong>tanquam</strong></span> <span class='ocrx_word' id='word_1_23' title='bbox 815 566 946 605; x_wconf 83' lang='lat' dir='ltr'><strong>privata</strong></span> <span class='ocrx_word' id='word_1_24' title='bbox 975 566 1056 606; x_wconf 88' lang='lat' dir='ltr'><strong>(non</strong></span> 
     </span>
     <span class='ocr_line' id='line_1_7' title="bbox 375 615 1057 655; baseline 0.001 -10"><span class='ocrx_word' id='word_1_25' title='bbox 375 616 516 655; x_wconf 80' lang='lat' dir='ltr'><strong>amplius</strong></span> <span class='ocrx_word' id='word_1_26' title='bbox 531 615 658 654; x_wconf 82' lang='lat' dir='ltr'><strong>regina)</strong></span> <span class='ocrx_word' id='word_1_27' title='bbox 673 616 853 647; x_wconf 90' lang='lat' dir='ltr'><strong>duceretur</strong></span> <span class='ocrx_word' id='word_1_28' title='bbox 864 617 897 646; x_wconf 93' lang='lat' dir='ltr'><strong>in</strong></span> <span class='ocrx_word' id='word_1_29' title='bbox 912 616 1057 655; x_wconf 85' lang='lat' dir='ltr'><strong>superbo</strong></span> 
     </span>
     <span class='ocr_line' id='line_1_8' title="bbox 375 663 1059 704; baseline 0 -10"><span class='ocrx_word' id='word_1_30' title='bbox 375 664 517 694; x_wconf 79' lang='lat' dir='ltr'><strong>Caesaris</strong></span> <span class='ocrx_word' id='word_1_31' title='bbox 553 663 733 704; x_wconf 88' lang='lat' dir='ltr'><strong>triumpho,</strong></span> <span class='ocrx_word' id='word_1_32' title='bbox 761 665 907 695; x_wconf 76' lang='lat' dir='ltr'>existens</span> <span class='ocrx_word' id='word_1_33' title='bbox 941 664 1059 694; x_wconf 88' lang='lat' dir='ltr'><strong>mulier</strong></span> 
     </span>
     <span class='ocr_line' id='line_1_9' title="bbox 374 712 1026 752; baseline 0.002 -10"><span class='ocrx_word' id='word_1_34' title='bbox 374 721 439 742; x_wconf 90' lang='lat' dir='ltr'><strong>non</strong></span> <span class='ocrx_word' id='word_1_35' title='bbox 454 712 619 752; x_wconf 88' lang='lat' dir='ltr'><strong>ignobilis,</strong></span> <span class='ocrx_word' id='word_1_36' title='bbox 634 713 692 743; x_wconf 90' lang='lat' dir='ltr'><strong>sed</strong></span> <span class='ocrx_word' id='word_1_37' title='bbox 708 722 834 743; x_wconf 88' lang='lat' dir='ltr'><strong>summo</strong></span> <span class='ocrx_word' id='word_1_38' title='bbox 848 714 919 743; x_wconf 91' lang='lat' dir='ltr'><strong>loco</strong></span> <span class='ocrx_word' id='word_1_39' title='bbox 936 717 1026 744; x_wconf 85' lang='lat' dir='ltr'><strong>nata.</strong></span> 
     </span>
     <span class='ocr_line' id='line_1_10' title="bbox 376 760 1057 801; baseline -0.001 -10"><span class='ocrx_word' id='word_1_40' title='bbox 376 761 457 792; x_wconf 76' lang='lat' dir='ltr'><strong>One</strong></span> <span class='ocrx_word' id='word_1_41' title='bbox 494 769 658 792; x_wconf 83' lang='lat' dir='ltr'><strong>xxxvur.</strong></span> <span class='ocrx_word' id='word_1_42' title='bbox 702 760 951 801; x_wconf 78' lang='grc' dir='ltr'><strong>Προσφωνητική.</strong></span> <span class='ocrx_word' id='word_1_43' title='bbox 1002 761 1057 791; x_wconf 86' lang='lat' dir='ltr'><strong>An</strong></span> 
     </span>
    </p>

    <p class='ocr_par' dir='ltr' id='par_1_4' title="bbox 416 810 1056 841">
     <span class='ocr_line' id='line_1_11' title="bbox 416 810 1056 841; baseline -0.003 0"><span class='ocrx_word' id='word_1_44' title='bbox 416 811 640 841; x_wconf 72' lang='lat' dir='ltr'><strong>MIMSTRUM.</strong></span> <span class='ocrx_word' id='word_1_45' title='bbox 682 811 765 841; x_wconf 88' lang='lat' dir='ltr'><strong>Vult</strong></span> <span class='ocrx_word' id='word_1_46' title='bbox 789 810 947 840; x_wconf 84' lang='lat' dir='ltr'><strong>famulum</strong></span> <span class='ocrx_word' id='word_1_47' title='bbox 963 819 1056 840; x_wconf 79' lang='lat' dir='ltr'><strong>sumn</strong></span> 
     </span>
    </p>

    <p class='ocr_par' dir='ltr' id='par_1_5' title="bbox 416 858 1056 890">
     <span class='ocr_line' id='line_1_12' title="bbox 416 858 1056 890; baseline -0.002 -1"><span class='ocrx_word' id='word_1_48' title='bbox 416 859 498 890; x_wconf 85' lang='lat' dir='ltr'><strong>nihil</strong></span> <span class='ocrx_word' id='word_1_49' title='bbox 521 858 610 889; x_wconf 87' lang='lat' dir='ltr'><strong>aliud</strong></span> <span class='ocrx_word' id='word_1_50' title='bbox 632 858 791 889; x_wconf 86' lang='lat' dir='ltr'><strong>adhibere</strong></span> <span class='ocrx_word' id='word_1_51' title='bbox 816 858 857 889; x_wconf 92' lang='lat' dir='ltr'><strong>ad</strong></span> <span class='ocrx_word' id='word_1_52' title='bbox 881 862 1056 889; x_wconf 85' lang='lat' dir='ltr'><strong>externum</strong></span> 
     </span>
    </p>

    <p class='ocr_par' dir='ltr' id='par_1_6' title="bbox 417 906 1056 946">
     <span class='ocr_line' id='line_1_13' title="bbox 417 906 1056 946; baseline -0.003 -10"><span class='ocrx_word' id='word_1_53' title='bbox 417 906 559 936; x_wconf 85' lang='lat' dir='ltr'><strong>convivii</strong></span> <span class='ocrx_word' id='word_1_54' title='bbox 571 911 782 946; x_wconf 87' lang='lat' dir='ltr'><strong>apparatum,</strong></span> <span class='ocrx_word' id='word_1_55' title='bbox 793 915 891 946; x_wconf 87' lang='lat' dir='ltr'><strong>quam</strong></span> <span class='ocrx_word' id='word_1_56' title='bbox 902 910 1056 945; x_wconf 82' lang='lat' dir='ltr'><strong>myrtum.</strong></span> 
     </span>
    </p>

    <p class='ocr_par' dir='ltr' id='par_1_7' title="bbox 415 953 1012 995">
     <span class='ocr_line' id='line_1_14' title="bbox 415 953 1012 995; baseline -0.003 -10"><span class='ocrx_word' id='word_1_57' title='bbox 415 955 484 995; x_wconf 81' lang='lat' dir='ltr'><strong>[Ad</strong></span> <span class='ocrx_word' id='word_1_58' title='bbox 500 955 632 985; x_wconf 83' lang='lat' dir='ltr'><strong>Puerum</strong></span> <span class='ocrx_word' id='word_1_59' title='bbox 648 954 794 993; x_wconf 78' lang='lat' dir='ltr'><strong>Guelpli.</strong></span> <span class='ocrx_word' id='word_1_60' title='bbox 808 963 862 993; x_wconf 87' lang='lat' dir='ltr'><strong>ap.</strong></span> <span class='ocrx_word' id='word_1_61' title='bbox 876 953 1012 992; x_wconf 67' lang='lat' dir='ltr'><strong>Jaeck]</strong></span> 
     </span>
    </p>

    <p class='ocr_par' dir='ltr' id='par_1_8' title="bbox 370 1001 1057 2240">
     <span class='ocr_line' id='line_1_15' title="bbox 417 1001 1057 1042; baseline -0.003 -9"><span class='ocrx_word' id='word_1_62' title='bbox 417 1006 433 1033; x_wconf 88' lang='lat'>1</span> <span class='ocrx_word' id='word_1_63' title='bbox 451 1003 594 1034; x_wconf 76' lang='lat' dir='ltr'><strong>Persicos</strong></span> <span class='ocrx_word' id='word_1_64' title='bbox 602 1002 667 1041; x_wconf 82' lang='lat' dir='ltr'><strong>odi]</strong></span> <span class='ocrx_word' id='word_1_65' title='bbox 681 1001 747 1033; x_wconf 86' lang='lat' dir='ltr'><strong>Odi</strong></span> <span class='ocrx_word' id='word_1_66' title='bbox 759 1003 889 1042; x_wconf 78' lang='lat' dir='ltr'><strong>regales</strong></span> <span class='ocrx_word' id='word_1_67' title='bbox 901 1005 935 1032; x_wconf 87' lang='lat' dir='ltr'><strong>et</strong></span> <span class='ocrx_word' id='word_1_68' title='bbox 947 1011 1057 1040; x_wconf 84' lang='lat' dir='ltr'><strong>sump-</strong></span> 
     </span>
     <span class='ocr_line' id='line_1_16' title="bbox 374 1050 1057 1090; baseline -0.003 -8"><span class='ocrx_word' id='word_1_69' title='bbox 374 1056 487 1082; x_wconf 84' lang='lat' dir='ltr'><strong>tuosas</strong></span> <span class='ocrx_word' id='word_1_70' title='bbox 516 1051 659 1090; x_wconf 77' lang='lat' dir='ltr'>delitias,</span> <span class='ocrx_word' id='word_1_71' title='bbox 684 1051 812 1081; x_wconf 88' lang='lat' dir='ltr'><strong>scilicet</strong></span> <span class='ocrx_word' id='word_1_72' title='bbox 841 1050 972 1089; x_wconf 87' lang='lat' dir='ltr'><strong>odores,</strong></span> <span class='ocrx_word' id='word_1_73' title='bbox 999 1059 1057 1080; x_wconf 91' lang='lat' dir='ltr'><strong>un—</strong></span> 
     </span>
     <span class='ocr_line' id='line_1_17' title="bbox 372 1099 1057 1140; baseline -0.001 -10"><span class='ocrx_word' id='word_1_74' title='bbox 372 1106 509 1138; x_wconf 80' lang='lat' dir='ltr'><strong>guenta,</strong></span> <span class='ocrx_word' id='word_1_75' title='bbox 524 1109 661 1130; x_wconf 89' lang='lat' dir='ltr'><strong>coronas</strong></span> <span class='ocrx_word' id='word_1_76' title='bbox 677 1109 845 1139; x_wconf 88' lang='lat' dir='ltr'><strong>operosas,</strong></span> <span class='ocrx_word' id='word_1_77' title='bbox 866 1099 984 1140; x_wconf 84' lang='lat' dir='ltr'><strong>quibus</strong></span> <span class='ocrx_word' id='word_1_78' title='bbox 1007 1099 1057 1129; x_wconf 88' lang='lat' dir='ltr'><strong>uti</strong></span> 
     </span>
     <span class='ocr_line' id='line_1_18' title="bbox 373 1148 1057 1188; baseline -0.001 -9"><span class='ocrx_word' id='word_1_79' title='bbox 373 1149 525 1180; x_wconf 89' lang='lat' dir='ltr'><strong>solebant</strong></span> <span class='ocrx_word' id='word_1_80' title='bbox 536 1149 651 1180; x_wconf 77' lang='lat' dir='ltr'><strong>Persae</strong></span> <span class='ocrx_word' id='word_1_81' title='bbox 665 1149 694 1179; x_wconf 89' lang='lat' dir='ltr'><strong>in</strong></span> <span class='ocrx_word' id='word_1_82' title='bbox 705 1149 876 1179; x_wconf 86' lang='lat' dir='ltr'><strong>conviviis.</strong></span> <span class='ocrx_word' id='word_1_83' title='bbox 900 1148 1057 1188; x_wconf 80' lang='lat' dir='ltr'><strong>Persicos]</strong></span> 
     </span>
     <span class='ocr_line' id='line_1_19' title="bbox 373 1194 1056 1236; baseline -0.001 -9"><span class='ocrx_word' id='word_1_84' title='bbox 373 1197 429 1227; x_wconf 85' lang='lat' dir='ltr'><strong>De</strong></span> <span class='ocrx_word' id='word_1_85' title='bbox 450 1196 641 1235; x_wconf 73' lang='lat' dir='ltr'>Persarum,</span> <span class='ocrx_word' id='word_1_86' title='bbox 661 1196 720 1227; x_wconf 76' lang='lat' dir='ltr'><strong>sed</strong></span> <span class='ocrx_word' id='word_1_87' title='bbox 745 1194 859 1236; x_wconf 82' lang='lat' dir='ltr'><strong>regum</strong></span> <span class='ocrx_word' id='word_1_88' title='bbox 886 1197 1056 1236; x_wconf 84' lang='lat' dir='ltr'><strong>praecipue</strong></span> 
     </span>
     <span class='ocr_line' id='line_1_20' title="bbox 372 1245 1057 1285; baseline 0 -10"><span class='ocrx_word' id='word_1_89' title='bbox 372 1254 412 1275; x_wconf 81' lang='lat' dir='ltr'><strong>ac</strong></span> <span class='ocrx_word' id='word_1_90' title='bbox 434 1249 655 1285; x_wconf 78' lang='lat' dir='ltr'><strong>satraparum,</strong></span> <span class='ocrx_word' id='word_1_91' title='bbox 676 1245 709 1275; x_wconf 90' lang='lat' dir='ltr'><strong>iu</strong></span> <span class='ocrx_word' id='word_1_92' title='bbox 732 1245 894 1276; x_wconf 85' lang='lat' dir='ltr'><strong>conviviis</strong></span> <span class='ocrx_word' id='word_1_93' title='bbox 914 1246 994 1275; x_wconf 88' lang='lat' dir='ltr'><strong>luxu</strong></span> <span class='ocrx_word' id='word_1_94' title='bbox 1016 1254 1057 1276; x_wconf 88' lang='lat' dir='ltr'><strong>ac</strong></span> 
     </span>
     <span class='ocr_line' id='line_1_21' title="bbox 372 1292 1057 1333; baseline 0 -10"><span class='ocrx_word' id='word_1_95' title='bbox 372 1293 565 1333; x_wconf 79' lang='lat' dir='ltr'><strong>splendore,</strong></span> <span class='ocrx_word' id='word_1_96' title='bbox 586 1302 659 1324; x_wconf 89' lang='lat' dir='ltr'><strong>cum</strong></span> <span class='ocrx_word' id='word_1_97' title='bbox 687 1293 755 1330; x_wconf 88' lang='lat' dir='ltr'><strong>alii,</strong></span> <span class='ocrx_word' id='word_1_98' title='bbox 779 1297 848 1322; x_wconf 89' lang='lat' dir='ltr'><strong>tum</strong></span> <span class='ocrx_word' id='word_1_99' title='bbox 874 1292 1057 1323; x_wconf 69' lang='lat' dir='ltr'><strong>Athenaeus</strong></span> 
     </span>
     <span class='ocr_line' id='line_1_22' title="bbox 371 1340 1055 1380; baseline 0 -8"><span class='ocrx_word' id='word_1_100' title='bbox 371 1350 421 1372; x_wconf 79' lang='lat' dir='ltr'><strong>lv.</strong></span> <span class='ocrx_word' id='word_1_101' title='bbox 463 1341 589 1372; x_wconf 87' lang='lat' dir='ltr'><strong>Verum</strong></span> <span class='ocrx_word' id='word_1_102' title='bbox 600 1341 754 1380; x_wconf 86' lang='lat' dir='ltr'><strong>quoniam</strong></span> <span class='ocrx_word' id='word_1_103' title='bbox 768 1345 885 1371; x_wconf 83' lang='lat' dir='ltr'><strong>contra</strong></span> <span class='ocrx_word' id='word_1_104' title='bbox 900 1340 1055 1372; x_wconf 81' lang='lat' dir='ltr'><strong>decorum</strong></span> 
     </span>
     <span class='ocr_line' id='line_1_23' title="bbox 371 1388 1055 1429; baseline -0.001 -9"><span class='ocrx_word' id='word_1_105' title='bbox 371 1394 462 1420; x_wconf 83' lang='lat' dir='ltr'><strong>esset</strong></span> <span class='ocrx_word' id='word_1_106' title='bbox 474 1388 615 1420; x_wconf 70' lang='lat' dir='ltr'><strong>Poetam</strong></span> <span class='ocrx_word' id='word_1_107' title='bbox 625 1388 658 1419; x_wconf 86' lang='lat' dir='ltr'><strong>id</strong></span> <span class='ocrx_word' id='word_1_108' title='bbox 669 1388 781 1419; x_wconf 78' lang='lat' dir='ltr'>dicere</span> <span class='ocrx_word' id='word_1_109' title='bbox 790 1397 824 1418; x_wconf 88' lang='lat' dir='ltr'><strong>se</strong></span> <span class='ocrx_word' id='word_1_110' title='bbox 835 1388 957 1427; x_wconf 82' lang='lat' dir='ltr'><strong>odisse,</strong></span> <span class='ocrx_word' id='word_1_111' title='bbox 968 1389 1055 1429; x_wconf 85' lang='lat' dir='ltr'><strong>quod</strong></span> 
     </span>
     <span class='ocr_line' id='line_1_24' title="bbox 371 1437 1056 1478; baseline -0.001 -9"><span class='ocrx_word' id='word_1_112' title='bbox 371 1447 415 1469; x_wconf 89' lang='lat' dir='ltr'><strong>ne</strong></span> <span class='ocrx_word' id='word_1_113' title='bbox 428 1442 546 1478; x_wconf 89' lang='lat' dir='ltr'><strong>optare</strong></span> <span class='ocrx_word' id='word_1_114' title='bbox 562 1437 692 1477; x_wconf 88' lang='lat' dir='ltr'><strong>quidem</strong></span> <span class='ocrx_word' id='word_1_115' title='bbox 710 1437 808 1475; x_wconf 83' lang='lat' dir='ltr'><strong>ausit,</strong></span> <span class='ocrx_word' id='word_1_116' title='bbox 820 1437 925 1476; x_wconf 81' lang='lat' dir='ltr'><strong>regios</strong></span> <span class='ocrx_word' id='word_1_117' title='bbox 937 1447 1056 1477; x_wconf 82' lang='lat' dir='ltr'>nempe</span> 
     </span>
     <span class='ocr_line' id='line_1_25' title="bbox 372 1485 1055 1526; baseline -0.001 -9"><span class='ocrx_word' id='word_1_118' title='bbox 372 1490 567 1526; x_wconf 85' lang='lat' dir='ltr'><strong>apparatus,</strong></span> <span class='ocrx_word' id='word_1_119' title='bbox 594 1485 636 1517; x_wconf 86' lang='lat' dir='ltr'><strong>de</strong></span> <span class='ocrx_word' id='word_1_120' title='bbox 674 1486 852 1525; x_wconf 86' lang='lat' dir='ltr'><strong>unguentis</strong></span> <span class='ocrx_word' id='word_1_121' title='bbox 882 1485 1055 1516; x_wconf 87' lang='lat' dir='ltr'><strong>odoribus-</strong></span> 
     </span>
     <span class='ocr_line' id='line_1_26' title="bbox 372 1534 1055 1576; baseline -0.003 -10"><span class='ocrx_word' id='word_1_122' title='bbox 372 1545 437 1576; x_wconf 85' lang='lat' dir='ltr'><strong>que</strong></span> <span class='ocrx_word' id='word_1_123' title='bbox 458 1535 599 1566; x_wconf 74' lang='lat' dir='ltr'><strong>Persicis</strong></span> <span class='ocrx_word' id='word_1_124' title='bbox 626 1535 715 1575; x_wconf 88' lang='lat' dir='ltr'><strong>loqui</strong></span> <span class='ocrx_word' id='word_1_125' title='bbox 740 1534 917 1565; x_wconf 76' lang='lat' dir='ltr'>Horatium</span> <span class='ocrx_word' id='word_1_126' title='bbox 941 1534 1055 1565; x_wconf 82' lang='lat' dir='ltr'><strong>existi-</strong></span> 
     </span>
     <span class='ocr_line' id='line_1_27' title="bbox 372 1584 1054 1622; baseline -0.001 -8"><span class='ocrx_word' id='word_1_127' title='bbox 372 1594 437 1615; x_wconf 86' lang='lat' dir='ltr'><strong>mo.</strong></span> <span class='ocrx_word' id='word_1_128' title='bbox 479 1585 519 1614; x_wconf 92' lang='lat' dir='ltr'><strong>Id</strong></span> <span class='ocrx_word' id='word_1_129' title='bbox 542 1584 630 1614; x_wconf 90' lang='lat' dir='ltr'><strong>enim</strong></span> <span class='ocrx_word' id='word_1_130' title='bbox 653 1585 832 1614; x_wconf 79' lang='lat' dir='ltr'>Persarum</span> <span class='ocrx_word' id='word_1_131' title='bbox 863 1584 972 1622; x_wconf 88' lang='lat' dir='ltr'><strong>gentis</strong></span> <span class='ocrx_word' id='word_1_132' title='bbox 1005 1584 1054 1614; x_wconf 90' lang='lat' dir='ltr'><strong>in-</strong></span> 
     </span>
     <span class='ocr_line' id='line_1_28' title="bbox 372 1631 1053 1670; baseline 0.001 -8"><span class='ocrx_word' id='word_1_133' title='bbox 372 1635 506 1662; x_wconf 83' lang='lat' dir='ltr'><strong>ventum</strong></span> <span class='ocrx_word' id='word_1_134' title='bbox 523 1641 607 1670; x_wconf 85' lang='lat' dir='ltr'><strong>esse,</strong></span> <span class='ocrx_word' id='word_1_135' title='bbox 620 1636 736 1662; x_wconf 83' lang='lat' dir='ltr'><strong>auctor</strong></span> <span class='ocrx_word' id='word_1_136' title='bbox 752 1635 804 1662; x_wconf 68' lang='lat' dir='ltr'><strong>est</strong></span> <span class='ocrx_word' id='word_1_137' title='bbox 821 1631 908 1662; x_wconf 84' lang='lat' dir='ltr'><strong>Plin.</strong></span> <span class='ocrx_word' id='word_1_138' title='bbox 926 1640 1006 1662; x_wconf 75' lang='lat' dir='ltr'><strong>xin-</strong></span> <span class='ocrx_word' id='word_1_139' title='bbox 1023 1634 1053 1664; x_wconf 87' lang='lat'><strong>1.</strong></span> 
     </span>
     <span class='ocr_line' id='line_1_29' title="bbox 373 1679 1055 1718; baseline 0.001 -9"><span class='ocrx_word' id='word_1_140' title='bbox 373 1679 547 1718; x_wconf 77' lang='lat' dir='ltr'><strong>unguentis</strong></span> <span class='ocrx_word' id='word_1_141' title='bbox 583 1679 669 1709; x_wconf 87' lang='lat' dir='ltr'><strong>enim</strong></span> <span class='ocrx_word' id='word_1_142' title='bbox 708 1684 870 1718; x_wconf 87' lang='lat' dir='ltr'><strong>perpetuo</strong></span> <span class='ocrx_word' id='word_1_143' title='bbox 908 1680 1055 1710; x_wconf 81' lang='lat' dir='ltr'><strong>madent.</strong></span> 
     </span>
     <span class='ocr_line' id='line_1_30' title="bbox 373 1727 1054 1758; baseline -0.001 0"><span class='ocrx_word' id='word_1_144' title='bbox 373 1728 472 1758; x_wconf 83' lang='lat' dir='ltr'><strong>Unde</strong></span> <span class='ocrx_word' id='word_1_145' title='bbox 487 1732 523 1758; x_wconf 89' lang='lat' dir='ltr'><strong>et</strong></span> <span class='ocrx_word' id='word_1_146' title='bbox 537 1727 726 1758; x_wconf 77' lang='lat' dir='ltr'><strong>Plautinum</strong></span> <span class='ocrx_word' id='word_1_147' title='bbox 741 1727 822 1757; x_wconf 91' lang='lat' dir='ltr'><strong>illud</strong></span> <span class='ocrx_word' id='word_1_148' title='bbox 836 1738 843 1756; x_wconf 74' lang='grc' dir='ltr'><strong>ε</strong></span> <span class='ocrx_word' id='word_1_149' title='bbox 866 1727 876 1743; x_wconf 89' lang='lat'>‘</span> <span class='ocrx_word' id='word_1_150' title='bbox 897 1727 972 1757; x_wconf 85' lang='lat' dir='ltr'><strong>Non</strong></span> <span class='ocrx_word' id='word_1_151' title='bbox 987 1736 1054 1757; x_wconf 82' lang='lat' dir='ltr'><strong>oni-</strong></span> 
     </span>
     <span class='ocr_line' id='line_1_31' title="bbox 373 1775 1056 1816; baseline -0.001 -9"><span class='ocrx_word' id='word_1_152' title='bbox 373 1786 431 1808; x_wconf 89' lang='lat' dir='ltr'><strong>nes</strong></span> <span class='ocrx_word' id='word_1_153' title='bbox 455 1781 592 1816; x_wconf 80' lang='lat' dir='ltr'><strong>possunt</strong></span> <span class='ocrx_word' id='word_1_154' title='bbox 609 1776 698 1806; x_wconf 87' lang='lat' dir='ltr'><strong>olere</strong></span> <span class='ocrx_word' id='word_1_155' title='bbox 715 1779 884 1814; x_wconf 81' lang='lat' dir='ltr'><strong>unguenta</strong></span> <span class='ocrx_word' id='word_1_156' title='bbox 898 1775 1056 1806; x_wconf 65' lang='lat' dir='ltr'><strong>exotica!</strong></span> 
     </span>
     <span class='ocr_line' id='line_1_32' title="bbox 372 1822 1055 1855; baseline -0.001 0"><span class='ocrx_word' id='word_1_157' title='bbox 372 1824 530 1855; x_wconf 87' lang='lat' dir='ltr'><strong>Persicos</strong></span> <span class='ocrx_word' id='word_1_158' title='bbox 555 1823 654 1854; x_wconf 82' lang='lat' dir='ltr'><strong>etiam</strong></span> <span class='ocrx_word' id='word_1_159' title='bbox 676 1822 796 1852; x_wconf 86' lang='lat' dir='ltr'><strong>odores</strong></span> <span class='ocrx_word' id='word_1_160' title='bbox 818 1827 1055 1854; x_wconf 81' lang='lat' dir='ltr'><strong>commemorat</strong></span> 
     </span>
     <span class='ocr_line' id='line_1_33' title="bbox 370 1871 1055 1911; baseline -0.001 -8"><span class='ocrx_word' id='word_1_161' title='bbox 370 1872 567 1911; x_wconf 83' lang='lat' dir='ltr'><strong>Spartianus</strong></span> <span class='ocrx_word' id='word_1_162' title='bbox 593 1871 626 1901; x_wconf 92' lang='lat' dir='ltr'><strong>in</strong></span> <span class='ocrx_word' id='word_1_163' title='bbox 641 1871 720 1901; x_wconf 88' lang='lat' dir='ltr'><strong>Vita</strong></span> <span class='ocrx_word' id='word_1_164' title='bbox 745 1871 784 1902; x_wconf 88' lang='lat' dir='ltr'><strong>L.</strong></span> <span class='ocrx_word' id='word_1_165' title='bbox 802 1871 877 1901; x_wconf 85' lang='lat' dir='ltr'><strong>AElii</strong></span> <span class='ocrx_word' id='word_1_166' title='bbox 903 1871 1055 1902; x_wconf 83' lang='lat' dir='ltr'><strong>Caesaris.</strong></span> 
     </span>
     <span class='ocr_line' id='line_1_34' title="bbox 372 1919 1055 1960; baseline -0.003 -9"><span class='ocrx_word' id='word_1_167' title='bbox 372 1920 506 1960; x_wconf 86' lang='lat' dir='ltr'><strong>Alioqui</strong></span> <span class='ocrx_word' id='word_1_168' title='bbox 532 1920 574 1950; x_wconf 88' lang='lat' dir='ltr'><strong>de</strong></span> <span class='ocrx_word' id='word_1_169' title='bbox 597 1919 745 1950; x_wconf 84' lang='lat' dir='ltr'><strong>modesto</strong></span> <span class='ocrx_word' id='word_1_170' title='bbox 761 1923 910 1949; x_wconf 80' lang='lat' dir='ltr'><strong>veterum</strong></span> <span class='ocrx_word' id='word_1_171' title='bbox 936 1919 1055 1950; x_wconf 87' lang='lat' dir='ltr'><strong>Persa-</strong></span> 
     </span>
     <span class='ocr_line' id='line_1_35' title="bbox 371 1967 1055 2007; baseline -0.003 -8"><span class='ocrx_word' id='word_1_172' title='bbox 371 1978 458 2007; x_wconf 85' lang='lat' dir='ltr'><strong>rum,</strong></span> <span class='ocrx_word' id='word_1_173' title='bbox 481 1969 559 1999; x_wconf 85' lang='lat' dir='ltr'><strong>nihil</strong></span> <span class='ocrx_word' id='word_1_174' title='bbox 587 1967 629 1998; x_wconf 86' lang='lat' dir='ltr'><strong>ad</strong></span> <span class='ocrx_word' id='word_1_175' title='bbox 645 1977 762 2007; x_wconf 83' lang='lat' dir='ltr'><strong>panem</strong></span> <span class='ocrx_word' id='word_1_176' title='bbox 782 1971 906 2006; x_wconf 82' lang='lat' dir='ltr'><strong>praeter</strong></span> <span class='ocrx_word' id='word_1_177' title='bbox 928 1972 1055 1997; x_wconf 86' lang='lat' dir='ltr'><strong>nastur-</strong></span> 
     </span>
     <span class='ocr_line' id='line_1_36' title="bbox 373 2015 1054 2055; baseline 0 -9"><span class='ocrx_word' id='word_1_178' title='bbox 373 2018 466 2055; x_wconf 85' lang='lat' dir='ltr'><strong>tium,</strong></span> <span class='ocrx_word' id='word_1_179' title='bbox 481 2015 721 2049; x_wconf 84' lang='lat' dir='ltr'><strong>adhibentium,</strong></span> <span class='ocrx_word' id='word_1_180' title='bbox 741 2015 847 2051; x_wconf 85' lang='lat' dir='ltr'><strong>victu,</strong></span> <span class='ocrx_word' id='word_1_181' title='bbox 863 2024 1054 2054; x_wconf 88' lang='lat' dir='ltr'><strong>corporum-</strong></span> 
     </span>
     <span class='ocr_line' id='line_1_37' title="bbox 371 2063 1055 2103; baseline 0.001 -11"><span class='ocrx_word' id='word_1_182' title='bbox 371 2073 436 2103; x_wconf 82' lang='lat' dir='ltr'><strong>que</strong></span> <span class='ocrx_word' id='word_1_183' title='bbox 466 2063 723 2101; x_wconf 82' lang='lat' dir='ltr'><strong>exercitatione,</strong></span> <span class='ocrx_word' id='word_1_184' title='bbox 761 2063 864 2092; x_wconf 87' lang='lat' dir='ltr'><strong>multa</strong></span> <span class='ocrx_word' id='word_1_185' title='bbox 893 2063 1055 2101; x_wconf 76' lang='lat' dir='ltr'><strong>praeclara</strong></span> 
     </span>
     <span class='ocr_line' id='line_1_38' title="bbox 373 2110 1053 2150; baseline -0.001 -8"><span class='ocrx_word' id='word_1_186' title='bbox 373 2112 562 2150; x_wconf 83' lang='lat' dir='ltr'><strong>Xenophon</strong></span> <span class='ocrx_word' id='word_1_187' title='bbox 590 2111 632 2140; x_wconf 92' lang='lat' dir='ltr'><strong>de</strong></span> <span class='ocrx_word' id='word_1_188' title='bbox 661 2110 742 2150; x_wconf 81' lang='lat' dir='ltr'><strong>Cyri</strong></span> <span class='ocrx_word' id='word_1_189' title='bbox 770 2110 920 2141; x_wconf 75' lang='lat' dir='ltr'><strong>Institut.</strong></span> <span class='ocrx_word' id='word_1_190' title='bbox 947 2110 1005 2141; x_wconf 88' lang='lat' dir='ltr'><strong>lib.</strong></span> <span class='ocrx_word' id='word_1_191' title='bbox 1029 2120 1053 2141; x_wconf 88' lang='lat'><strong>1.</strong></span> 
     </span>
     <span class='ocr_line' id='line_1_39' title="bbox 372 2158 1051 2191; baseline 0.001 -2"><span class='ocrx_word' id='word_1_192' title='bbox 372 2160 459 2190; x_wconf 88' lang='lat' dir='ltr'><strong>Vide</strong></span> <span class='ocrx_word' id='word_1_193' title='bbox 479 2165 514 2191; x_wconf 89' lang='lat' dir='ltr'><strong>et</strong></span> <span class='ocrx_word' id='word_1_194' title='bbox 534 2159 716 2190; x_wconf 86' lang='lat' dir='ltr'><strong>Victorium</strong></span> <span class='ocrx_word' id='word_1_195' title='bbox 739 2158 817 2189; x_wconf 88' lang='lat' dir='ltr'><strong>Var.</strong></span> <span class='ocrx_word' id='word_1_196' title='bbox 836 2158 930 2189; x_wconf 78' lang='lat' dir='ltr'><strong>Lect-</strong></span> <span class='ocrx_word' id='word_1_197' title='bbox 945 2166 981 2189; x_wconf 83' lang='lat' dir='ltr'><strong>x.</strong></span> <span class='ocrx_word' id='word_1_198' title='bbox 1000 2162 1051 2190; x_wconf 83' lang='lat'><strong>15.</strong></span> 
     </span>
     <span class='ocr_line' id='line_1_40' title="bbox 375 2210 518 2240; baseline -0.014 0"><span class='ocrx_word' id='word_1_199' title='bbox 375 2210 518 2240; x_wconf 74' lang='lat' dir='ltr'><strong>Tor-rent.</strong></span> 
     </span>
    </p>

    <p class='ocr_par' dir='ltr' id='par_1_9' title="bbox 372 2255 1055 2784">
     <span class='ocr_line' id='line_1_41' title="bbox 414 2255 1053 2295; baseline -0.006 -6"><span class='ocrx_word' id='word_1_200' title='bbox 414 2260 436 2288; x_wconf 83' lang='lat'><strong>2</strong></span> <span class='ocrx_word' id='word_1_201' title='bbox 458 2258 559 2288; x_wconf 79' lang='lat' dir='ltr'><strong>Nexoe</strong></span> <span class='ocrx_word' id='word_1_202' title='bbox 584 2255 716 2295; x_wconf 83' lang='lat' dir='ltr'><strong>coronoe]</strong></span> <span class='ocrx_word' id='word_1_203' title='bbox 741 2255 849 2286; x_wconf 89' lang='lat' dir='ltr'><strong>Puras</strong></span> <span class='ocrx_word' id='word_1_204' title='bbox 878 2264 914 2286; x_wconf 87' lang='lat' dir='ltr'><strong>se</strong></span> <span class='ocrx_word' id='word_1_205' title='bbox 943 2263 1053 2285; x_wconf 86' lang='lat' dir='ltr'><strong>amare</strong></span> 
     </span>
     <span class='ocr_line' id='line_1_42' title="bbox 373 2303 1053 2343; baseline -0.007 -5"><span class='ocrx_word' id='word_1_206' title='bbox 373 2316 434 2338; x_wconf 89' lang='lat' dir='ltr'><strong>suo</strong></span> <span class='ocrx_word' id='word_1_207' title='bbox 457 2307 490 2337; x_wconf 87' lang='lat' dir='ltr'><strong>in</strong></span> <span class='ocrx_word' id='word_1_208' title='bbox 506 2305 659 2337; x_wconf 81' lang='lat' dir='ltr'><strong>convivio</strong></span> <span class='ocrx_word' id='word_1_209' title='bbox 672 2313 823 2343; x_wconf 79' lang='lat' dir='ltr'><strong>coronas,</strong></span> <span class='ocrx_word' id='word_1_210' title='bbox 843 2303 902 2343; x_wconf 87' lang='lat' dir='ltr'><strong>ait,</strong></span> <span class='ocrx_word' id='word_1_211' title='bbox 915 2313 979 2334; x_wconf 91' lang='lat' dir='ltr'><strong>non</strong></span> <span class='ocrx_word' id='word_1_212' title='bbox 995 2313 1053 2334; x_wconf 89' lang='lat' dir='ltr'><strong>un-</strong></span> 
     </span>
     <span class='ocr_line' id='line_1_43' title="bbox 373 2352 1054 2396; baseline -0.006 -10"><span class='ocrx_word' id='word_1_213' title='bbox 373 2362 497 2396; x_wconf 86' lang='lat' dir='ltr'><strong>guento</strong></span> <span class='ocrx_word' id='word_1_214' title='bbox 511 2354 666 2392; x_wconf 88' lang='lat' dir='ltr'><strong>imbutas,</strong></span> <span class='ocrx_word' id='word_1_215' title='bbox 680 2363 718 2384; x_wconf 83' lang='lat' dir='ltr'><strong>ac</strong></span> <span class='ocrx_word' id='word_1_216' title='bbox 732 2352 900 2383; x_wconf 82' lang='lat' dir='ltr'><strong>lemniscis</strong></span> <span class='ocrx_word' id='word_1_217' title='bbox 911 2356 1054 2383; x_wconf 85' lang='lat' dir='ltr'><strong>ornatas.</strong></span> 
     </span>
     <span class='ocr_line' id='line_1_44' title="bbox 373 2401 1054 2441; baseline -0.004 -6"><span class='ocrx_word' id='word_1_218' title='bbox 373 2405 440 2435; x_wconf 83' lang='lat' dir='ltr'><strong>Sed</strong></span> <span class='ocrx_word' id='word_1_219' title='bbox 455 2409 491 2435; x_wconf 89' lang='lat' dir='ltr'><strong>et</strong></span> <span class='ocrx_word' id='word_1_220' title='bbox 506 2403 640 2434; x_wconf 79' lang='lat' dir='ltr'><strong>Servius</strong></span> <span class='ocrx_word' id='word_1_221' title='bbox 656 2402 689 2432; x_wconf 88' lang='lat' dir='ltr'><strong>in</strong></span> <span class='ocrx_word' id='word_1_222' title='bbox 704 2401 783 2432; x_wconf 90' lang='lat' dir='ltr'><strong>illud</strong></span> <span class='ocrx_word' id='word_1_223' title='bbox 798 2401 918 2441; x_wconf 80' lang='lat' dir='ltr'><strong>Virgil.</strong></span> <span class='ocrx_word' id='word_1_224' title='bbox 932 2401 1004 2432; x_wconf 84' lang='lat' dir='ltr'><strong>AEn.</strong></span> <span class='ocrx_word' id='word_1_225' title='bbox 1021 2409 1054 2432; x_wconf 92' lang='lat' dir='ltr'><strong>v.</strong></span> 
     </span>
     <span class='ocr_line' id='line_1_45' title="bbox 372 2451 1055 2490; baseline -0.004 -7"><span class='ocrx_word' id='word_1_226' title='bbox 372 2453 382 2471; x_wconf 80' lang='lat'><strong>⁴</strong></span> <span class='ocrx_word' id='word_1_227' title='bbox 399 2452 558 2483; x_wconf 84' lang='lat' dir='ltr'><strong>Puniceis</strong></span> <span class='ocrx_word' id='word_1_228' title='bbox 573 2452 668 2483; x_wconf 85' lang='lat' dir='ltr'><strong>ibant</strong></span> <span class='ocrx_word' id='word_1_229' title='bbox 681 2451 805 2482; x_wconf 85' lang='lat' dir='ltr'><strong>evincti</strong></span> <span class='ocrx_word' id='word_1_230' title='bbox 828 2455 980 2490; x_wconf 84' lang='lat' dir='ltr'><strong>tempora</strong></span> <span class='ocrx_word' id='word_1_231' title='bbox 994 2451 1055 2481; x_wconf 92' lang='lat' dir='ltr'><strong>vit-</strong></span> 
     </span>
     <span class='ocr_line' id='line_1_46' title="bbox 374 2500 1055 2542; baseline -0.004 -9"><span class='ocrx_word' id='word_1_232' title='bbox 374 2501 440 2542; x_wconf 89' lang='lat' dir='ltr'><strong>tis‚’</strong></span> <span class='ocrx_word' id='word_1_233' title='bbox 468 2501 606 2541; x_wconf 73' lang='lat' dir='ltr'><strong>intelligi</strong></span> <span class='ocrx_word' id='word_1_234' title='bbox 640 2500 686 2531; x_wconf 87' lang='lat' dir='ltr'><strong>ait</strong></span> <span class='ocrx_word' id='word_1_235' title='bbox 709 2501 940 2530; x_wconf 75' lang='lat' dir='ltr'><strong>‘lemniscatas</strong></span> <span class='ocrx_word' id='word_1_236' title='bbox 964 2508 1055 2530; x_wconf 87' lang='lat' dir='ltr'><strong>coro-</strong></span> 
     </span>
     <span class='ocr_line' id='line_1_47' title="bbox 374 2547 1055 2590; baseline -0.004 -9"><span class='ocrx_word' id='word_1_237' title='bbox 374 2550 456 2588; x_wconf 83' lang='lat' dir='ltr'><strong>nas‚&#39;</strong></span> <span class='ocrx_word' id='word_1_238' title='bbox 475 2559 546 2590; x_wconf 81' lang='lat' dir='ltr'><strong>quae</strong></span> <span class='ocrx_word' id='word_1_239' title='bbox 570 2548 612 2580; x_wconf 85' lang='lat' dir='ltr'><strong>de</strong></span> <span class='ocrx_word' id='word_1_240' title='bbox 627 2547 799 2579; x_wconf 78' lang='lat' dir='ltr'><strong>frondibus</strong></span> <span class='ocrx_word' id='word_1_241' title='bbox 819 2548 886 2578; x_wconf 83' lang='lat' dir='ltr'><strong>sint</strong></span> <span class='ocrx_word' id='word_1_242' title='bbox 899 2553 935 2578; x_wconf 93' lang='lat' dir='ltr'><strong>et</strong></span> <span class='ocrx_word' id='word_1_243' title='bbox 949 2547 1055 2579; x_wconf 84' lang='lat' dir='ltr'><strong>disco-</strong></span> 
     </span>
     <span class='ocr_line' id='line_1_48' title="bbox 375 2597 1055 2629; baseline 0 -2"><span class='ocrx_word' id='word_1_244' title='bbox 375 2599 499 2629; x_wconf 82' lang='lat' dir='ltr'><strong>loribus</strong></span> <span class='ocrx_word' id='word_1_245' title='bbox 535 2597 658 2629; x_wconf 80' lang='lat' dir='ltr'><strong>fasciis.</strong></span> <span class='ocrx_word' id='word_1_246' title='bbox 702 2598 731 2628; x_wconf 89' lang='lat' dir='ltr'>N</span> <span class='ocrx_word' id='word_1_247' title='bbox 737 2606 775 2628; x_wconf 88' lang='lat' dir='ltr'><strong>ec</strong></span> <span class='ocrx_word' id='word_1_248' title='bbox 805 2606 883 2627; x_wconf 80' lang='lat' dir='ltr'><strong>vero</strong></span> <span class='ocrx_word' id='word_1_249' title='bbox 916 2606 1055 2627; x_wconf 86' lang='lat' dir='ltr'><strong>coronas</strong></span> 
     </span>
     <span class='ocr_line' id='line_1_49' title="bbox 376 2645 1054 2686; baseline 0.003 -12"><span class='ocrx_word' id='word_1_250' title='bbox 376 2649 505 2675; x_wconf 85' lang='lat' dir='ltr'><strong>tantum</strong></span> <span class='ocrx_word' id='word_1_251' title='bbox 521 2651 663 2685; x_wconf 83' lang='lat' dir='ltr'><strong>veteres,</strong></span> <span class='ocrx_word' id='word_1_252' title='bbox 675 2645 732 2676; x_wconf 87' lang='lat' dir='ltr'><strong>sed</strong></span> <span class='ocrx_word' id='word_1_253' title='bbox 748 2650 781 2676; x_wconf 88' lang='lat' dir='ltr'><strong>et</strong></span> <span class='ocrx_word' id='word_1_254' title='bbox 799 2646 922 2686; x_wconf 85' lang='lat' dir='ltr'><strong>palmas</strong></span> <span class='ocrx_word' id='word_1_255' title='bbox 937 2645 1054 2686; x_wconf 89' lang='lat' dir='ltr'><strong>quibus</strong></span> 
     </span>
     <span class='ocr_line' id='line_1_50' title="bbox 377 2692 1053 2732; baseline 0.006 -11"><span class='ocrx_word' id='word_1_256' title='bbox 377 2692 522 2723; x_wconf 75' lang='lat' dir='ltr'><strong>victoies</strong></span> <span class='ocrx_word' id='word_1_257' title='bbox 545 2694 799 2732; x_wconf 76' lang='lat' dir='ltr'><strong>decorabantur,</strong></span> <span class='ocrx_word' id='word_1_258' title='bbox 814 2694 981 2726; x_wconf 86' lang='lat' dir='ltr'><strong>lemniscis</strong></span> <span class='ocrx_word' id='word_1_259' title='bbox 1003 2704 1053 2725; x_wconf 92' lang='lat' dir='ltr'><strong>or-</strong></span> 
     </span>
     <span class='ocr_line' id='line_1_51' title="bbox 378 2741 1053 2784; baseline 0.006 -13"><span class='ocrx_word' id='word_1_260' title='bbox 378 2741 512 2780; x_wconf 83' lang='lat' dir='ltr'><strong>nabant,</strong></span> <span class='ocrx_word' id='word_1_261' title='bbox 527 2751 600 2782; x_wconf 74' lang='lat' dir='ltr'><strong>quoe</strong></span> <span class='ocrx_word' id='word_1_262' title='bbox 616 2749 651 2774; x_wconf 87' lang='lat' dir='ltr'><strong>et</strong></span> <span class='ocrx_word' id='word_1_263' title='bbox 666 2744 882 2783; x_wconf 76' lang='lat' dir='ltr'><strong>lemniscatae,</strong></span> <span class='ocrx_word' id='word_1_264' title='bbox 898 2750 1053 2784; x_wconf 85' lang='lat' dir='ltr'><strong>tanquam</strong></span> 
     </span>
    </p>
   </div>
   <div class='ocr_carea' id='block_1_3' title="bbox 829 279 1339 312">
    <p class='ocr_par' dir='ltr' id='par_1_10' title="bbox 829 279 1339 312">
     <span class='ocr_line' id='line_1_52' title="bbox 829 279 1339 312; baseline 0 -1"><span class='ocrx_word' id='word_1_265' title='bbox 829 281 964 311; x_wconf 78' lang='lat' dir='ltr'>NOTAE</span> <span class='ocrx_word' id='word_1_266' title='bbox 999 279 1215 312; x_wconf 63' lang='lat' dir='ltr'><strong>vamonu</strong></span> <span class='ocrx_word' id='word_1_267' title='bbox 1226 282 1255 310; x_wconf 83' lang='lat' dir='ltr'>M</span> <span class='ocrx_word' id='word_1_268' title='bbox 1288 281 1339 311; x_wconf 80' lang='lat' dir='ltr'><strong>IN</strong></span> 
     </span>
    </p>
   </div>
   <div class='ocr_carea' id='block_1_4' title="bbox 1105 371 1790 1285">
    <p class='ocr_par' dir='ltr' id='par_1_11' title="bbox 1105 371 1790 1285">
     <span class='ocr_line' id='line_1_53' title="bbox 1107 371 1787 412; baseline 0.006 -10"><span class='ocrx_word' id='word_1_269' title='bbox 1107 372 1240 404; x_wconf 84' lang='lat' dir='ltr'><strong>caeteris</strong></span> <span class='ocrx_word' id='word_1_270' title='bbox 1270 372 1480 412; x_wconf 84' lang='lat' dir='ltr'><strong>insigniores,</strong></span> <span class='ocrx_word' id='word_1_271' title='bbox 1507 371 1706 404; x_wconf 83' lang='lat' dir='ltr'><strong>dicebantur</strong></span> <span class='ocrx_word' id='word_1_272' title='bbox 1718 379 1733 403; x_wconf 73' lang='grc' dir='ltr'><strong>ε’</strong></span> <span class='ocrx_word' id='word_1_273' title='bbox 1749 378 1787 406; x_wconf 82' lang='lat' dir='ltr'><strong>ut</strong></span> 
     </span>
     <span class='ocr_line' id='line_1_54' title="bbox 1107 419 1788 461; baseline 0 -9"><span class='ocrx_word' id='word_1_274' title='bbox 1107 421 1139 452; x_wconf 92' lang='lat' dir='ltr'><strong>in</strong></span> <span class='ocrx_word' id='word_1_275' title='bbox 1173 422 1336 452; x_wconf 86' lang='lat' dir='ltr'><strong>Oratione</strong></span> <span class='ocrx_word' id='word_1_276' title='bbox 1374 431 1432 461; x_wconf 91' lang='lat' dir='ltr'><strong>pro</strong></span> <span class='ocrx_word' id='word_1_277' title='bbox 1476 420 1619 452; x_wconf 87' lang='lat' dir='ltr'><strong>Roscio:</strong></span> <span class='ocrx_word' id='word_1_278' title='bbox 1651 419 1788 452; x_wconf 81' lang='lat' dir='ltr'><strong>‘Audio</strong></span> 
     </span>
     <span class='ocr_line' id='line_1_55' title="bbox 1107 470 1790 510; baseline 0.001 -11"><span class='ocrx_word' id='word_1_279' title='bbox 1107 471 1227 501; x_wconf 87' lang='lat' dir='ltr'><strong>multas</strong></span> <span class='ocrx_word' id='word_1_280' title='bbox 1257 471 1329 510; x_wconf 88' lang='lat' dir='ltr'><strong>ejus</strong></span> <span class='ocrx_word' id='word_1_281' title='bbox 1366 470 1504 500; x_wconf 81' lang='lat' dir='ltr'><strong>infames</strong></span> <span class='ocrx_word' id='word_1_282' title='bbox 1541 478 1616 500; x_wconf 83' lang='lat' dir='ltr'><strong>esse</strong></span> <span class='ocrx_word' id='word_1_283' title='bbox 1652 470 1790 509; x_wconf 77' lang='lat' dir='ltr'><strong>palmas,</strong></span> 
     </span>
     <span class='ocr_line' id='line_1_56' title="bbox 1106 516 1787 549; baseline 0.001 -2"><span class='ocrx_word' id='word_1_284' title='bbox 1106 518 1191 548; x_wconf 80' lang='lat' dir='ltr'><strong>hanc</strong></span> <span class='ocrx_word' id='word_1_285' title='bbox 1227 519 1328 549; x_wconf 85' lang='lat' dir='ltr'><strong>etiam</strong></span> <span class='ocrx_word' id='word_1_286' title='bbox 1364 516 1613 549; x_wconf 65' lang='lat' dir='ltr'><strong>lemniscatam!</strong></span> <span class='ocrx_word' id='word_1_287' title='bbox 1657 517 1787 548; x_wconf 81' lang='lat' dir='ltr'><strong>Addam</strong></span> 
     </span>
     <span class='ocr_line' id='line_1_57' title="bbox 1107 564 1788 606; baseline 0.003 -12"><span class='ocrx_word' id='word_1_288' title='bbox 1107 564 1244 596; x_wconf 87' lang='lat' dir='ltr'><strong>Ausonii</strong></span> <span class='ocrx_word' id='word_1_289' title='bbox 1261 575 1397 596; x_wconf 83' lang='lat' dir='ltr'><strong>versus:</strong></span> <span class='ocrx_word' id='word_1_290' title='bbox 1422 567 1431 583; x_wconf 87' lang='lat'>‘</span> <span class='ocrx_word' id='word_1_291' title='bbox 1449 566 1493 596; x_wconf 89' lang='lat' dir='ltr'><strong>Et</strong></span> <span class='ocrx_word' id='word_1_292' title='bbox 1506 565 1788 606; x_wconf 78' lang='lat' dir='ltr'><strong>qiioejamdudum</strong></span> 
     </span>
     <span class='ocr_line' id='line_1_58' title="bbox 1108 614 1788 654; baseline 0.003 -11"><span class='ocrx_word' id='word_1_293' title='bbox 1108 614 1169 644; x_wconf 89' lang='lat' dir='ltr'><strong>tibi</strong></span> <span class='ocrx_word' id='word_1_294' title='bbox 1193 616 1300 654; x_wconf 87' lang='lat' dir='ltr'><strong>palma</strong></span> <span class='ocrx_word' id='word_1_295' title='bbox 1322 615 1461 646; x_wconf 65' lang='lat' dir='ltr'><strong>Poetica</strong></span> <span class='ocrx_word' id='word_1_296' title='bbox 1485 614 1594 650; x_wconf 85' lang='lat' dir='ltr'><strong>floret,</strong></span> <span class='ocrx_word' id='word_1_297' title='bbox 1615 614 1788 646; x_wconf 82' lang='lat' dir='ltr'><strong>Lemnisco</strong></span> 
     </span>
     <span class='ocr_line' id='line_1_59' title="bbox 1107 663 1788 703; baseline 0.001 -10"><span class='ocrx_word' id='word_1_298' title='bbox 1107 668 1225 693; x_wconf 87' lang='lat' dir='ltr'><strong>ornata</strong></span> <span class='ocrx_word' id='word_1_299' title='bbox 1253 669 1316 701; x_wconf 84' lang='lat' dir='ltr'><strong>est,</strong></span> <span class='ocrx_word' id='word_1_300' title='bbox 1345 673 1408 703; x_wconf 90' lang='lat' dir='ltr'><strong>quo</strong></span> <span class='ocrx_word' id='word_1_301' title='bbox 1438 673 1512 694; x_wconf 87' lang='lat' dir='ltr'><strong>mea</strong></span> <span class='ocrx_word' id='word_1_302' title='bbox 1543 664 1650 702; x_wconf 87' lang='lat' dir='ltr'><strong>palma</strong></span> <span class='ocrx_word' id='word_1_303' title='bbox 1674 663 1788 694; x_wconf 88' lang='lat' dir='ltr'><strong>caret.&#39;</strong></span> 
     </span>
     <span class='ocr_line' id='line_1_60' title="bbox 1110 711 1790 752; baseline 0.003 -12"><span class='ocrx_word' id='word_1_304' title='bbox 1110 711 1173 740; x_wconf 81' lang='lat' dir='ltr'><strong>Hae</strong></span> <span class='ocrx_word' id='word_1_305' title='bbox 1192 720 1270 742; x_wconf 90' lang='lat' dir='ltr'><strong>vero</strong></span> <span class='ocrx_word' id='word_1_306' title='bbox 1281 720 1473 742; x_wconf 83' lang='lat' dir='ltr'><strong>coronarum</strong></span> <span class='ocrx_word' id='word_1_307' title='bbox 1489 711 1649 752; x_wconf 82' lang='lat' dir='ltr'><strong>fasciolae,</strong></span> <span class='ocrx_word' id='word_1_308' title='bbox 1665 721 1724 742; x_wconf 87' lang='lat' dir='ltr'><strong>seu</strong></span> <span class='ocrx_word' id='word_1_309' title='bbox 1740 718 1790 743; x_wconf 84' lang='lat' dir='ltr'><strong>te·</strong></span> 
     </span>
     <span class='ocr_line' id='line_1_61' title="bbox 1107 759 1788 799; baseline 0.003 -10"><span class='ocrx_word' id='word_1_310' title='bbox 1107 760 1184 794; x_wconf 83' lang='lat' dir='ltr'><strong>niae,</strong></span> <span class='ocrx_word' id='word_1_311' title='bbox 1208 770 1249 790; x_wconf 88' lang='lat' dir='ltr'><strong>ex</strong></span> <span class='ocrx_word' id='word_1_312' title='bbox 1277 760 1351 791; x_wconf 84' lang='lat' dir='ltr'><strong>lana</strong></span> <span class='ocrx_word' id='word_1_313' title='bbox 1371 761 1448 791; x_wconf 92' lang='lat' dir='ltr'><strong>olim</strong></span> <span class='ocrx_word' id='word_1_314' title='bbox 1474 759 1612 799; x_wconf 84' lang='lat' dir='ltr'><strong>fiebant,</strong></span> <span class='ocrx_word' id='word_1_315' title='bbox 1628 761 1677 791; x_wconf 84' lang='lat' dir='ltr'><strong>uti</strong></span> <span class='ocrx_word' id='word_1_316' title='bbox 1700 770 1788 792; x_wconf 91' lang='lat' dir='ltr'><strong>nunc</strong></span> 
     </span>
     <span class='ocr_line' id='line_1_62' title="bbox 1107 808 1790 848; baseline 0.004 -12"><span class='ocrx_word' id='word_1_317' title='bbox 1107 817 1238 848; x_wconf 90' lang='lat' dir='ltr'><strong>quoque</strong></span> <span class='ocrx_word' id='word_1_318' title='bbox 1263 819 1306 838; x_wconf 87' lang='lat' dir='ltr'><strong>ex</strong></span> <span class='ocrx_word' id='word_1_319' title='bbox 1334 809 1470 839; x_wconf 91' lang='lat' dir='ltr'><strong>linteolo</strong></span> <span class='ocrx_word' id='word_1_320' title='bbox 1504 808 1576 839; x_wconf 82' lang='lat' dir='ltr'><strong>fieri</strong></span> <span class='ocrx_word' id='word_1_321' title='bbox 1609 809 1790 848; x_wconf 87' lang='lat' dir='ltr'><strong>cernimus,</strong></span> 
     </span>
     <span class='ocr_line' id='line_1_63' title="bbox 1107 857 1788 897; baseline 0.004 -12"><span class='ocrx_word' id='word_1_322' title='bbox 1107 860 1225 894; x_wconf 88' lang='lat' dir='ltr'><strong>postea</strong></span> <span class='ocrx_word' id='word_1_323' title='bbox 1239 865 1280 886; x_wconf 84' lang='lat' dir='ltr'><strong>ex</strong></span> <span class='ocrx_word' id='word_1_324' title='bbox 1303 857 1458 887; x_wconf 88' lang='lat' dir='ltr'><strong>arborum</strong></span> <span class='ocrx_word' id='word_1_325' title='bbox 1481 857 1586 895; x_wconf 86' lang='lat' dir='ltr'><strong>libris,</strong></span> <span class='ocrx_word' id='word_1_326' title='bbox 1599 857 1683 888; x_wconf 80' lang='lat' dir='ltr'><strong>tiliae</strong></span> <span class='ocrx_word' id='word_1_327' title='bbox 1703 866 1788 897; x_wconf 80' lang='lat' dir='ltr'><strong>prae-</strong></span> 
     </span>
     <span class='ocr_line' id='line_1_64' title="bbox 1106 904 1788 944; baseline 0.004 -11"><span class='ocrx_word' id='word_1_328' title='bbox 1106 904 1233 942; x_wconf 84' lang='lat' dir='ltr'><strong>sertim,</strong></span> <span class='ocrx_word' id='word_1_329' title='bbox 1253 913 1351 943; x_wconf 87' lang='lat' dir='ltr'><strong>quam</strong></span> <span class='ocrx_word' id='word_1_330' title='bbox 1367 905 1464 934; x_wconf 77' lang='lat' dir='ltr'><strong>etiam</strong></span> <span class='ocrx_word' id='word_1_331' title='bbox 1488 905 1652 944; x_wconf 86' lang='lat' dir='ltr'><strong>philyram</strong></span> <span class='ocrx_word' id='word_1_332' title='bbox 1667 909 1788 936; x_wconf 88' lang='lat' dir='ltr'><strong>vocant</strong></span> 
     </span>
     <span class='ocr_line' id='line_1_65' title="bbox 1107 952 1789 991; baseline 0.001 -9"><span class='ocrx_word' id='word_1_333' title='bbox 1107 952 1228 983; x_wconf 83' lang='lat' dir='ltr'><strong>Graeco</strong></span> <span class='ocrx_word' id='word_1_334' title='bbox 1251 953 1421 990; x_wconf 84' lang='lat' dir='ltr'><strong>vocabulo,</strong></span> <span class='ocrx_word' id='word_1_335' title='bbox 1434 956 1468 982; x_wconf 89' lang='lat' dir='ltr'><strong>et</strong></span> <span class='ocrx_word' id='word_1_336' title='bbox 1492 952 1546 983; x_wconf 88' lang='lat' dir='ltr'><strong>hic</strong></span> <span class='ocrx_word' id='word_1_337' title='bbox 1573 953 1742 991; x_wconf 79' lang='lat' dir='ltr'><strong>Horatius,</strong></span> <span class='ocrx_word' id='word_1_338' title='bbox 1753 958 1789 983; x_wconf 87' lang='lat' dir='ltr'><strong>et</strong></span> 
     </span>
     <span class='ocr_line' id='line_1_66' title="bbox 1107 999 1789 1040; baseline 0 -10"><span class='ocrx_word' id='word_1_339' title='bbox 1107 999 1207 1031; x_wconf 85' lang='lat' dir='ltr'><strong>Ovid.</strong></span> <span class='ocrx_word' id='word_1_340' title='bbox 1222 1001 1312 1031; x_wconf 85' lang='lat' dir='ltr'><strong>Fast.</strong></span> <span class='ocrx_word' id='word_1_341' title='bbox 1331 1009 1362 1032; x_wconf 85' lang='lat' dir='ltr'><strong>v.</strong></span> <span class='ocrx_word' id='word_1_342' title='bbox 1381 1001 1391 1016; x_wconf 89' lang='lat'>‘</span> <span class='ocrx_word' id='word_1_343' title='bbox 1405 1000 1527 1031; x_wconf 81' lang='lat' dir='ltr'><strong>Ebrius</strong></span> <span class='ocrx_word' id='word_1_344' title='bbox 1539 1001 1702 1031; x_wconf 87' lang='lat' dir='ltr'><strong>incinctus</strong></span> <span class='ocrx_word' id='word_1_345' title='bbox 1717 1000 1789 1040; x_wconf 85' lang='lat' dir='ltr'><strong>phi-</strong></span> 
     </span>
     <span class='ocr_line' id='line_1_67' title="bbox 1105 1047 1790 1088; baseline 0 -10"><span class='ocrx_word' id='word_1_346' title='bbox 1105 1048 1177 1086; x_wconf 85' lang='lat' dir='ltr'><strong>lyra</strong></span> <span class='ocrx_word' id='word_1_347' title='bbox 1211 1048 1352 1078; x_wconf 87' lang='lat' dir='ltr'><strong>conviva</strong></span> <span class='ocrx_word' id='word_1_348' title='bbox 1380 1049 1518 1088; x_wconf 83' lang='lat' dir='ltr'><strong>capillos</strong></span> <span class='ocrx_word' id='word_1_349' title='bbox 1553 1047 1698 1078; x_wconf 60' lang='lat' dir='ltr'><strong>cantat?</strong></span> <span class='ocrx_word' id='word_1_350' title='bbox 1740 1047 1790 1078; x_wconf 82' lang='lat' dir='ltr'><strong>At</strong></span> 
     </span>
     <span class='ocr_line' id='line_1_68' title="bbox 1106 1095 1789 1136; baseline 0.003 -11"><span class='ocrx_word' id='word_1_351' title='bbox 1106 1095 1194 1126; x_wconf 89' lang='lat' dir='ltr'><strong>Plin.</strong></span> <span class='ocrx_word' id='word_1_352' title='bbox 1209 1104 1285 1126; x_wconf 80' lang='lat' dir='ltr'><strong>xvi.</strong></span> <span class='ocrx_word' id='word_1_353' title='bbox 1300 1099 1350 1127; x_wconf 85' lang='lat'><strong>14.</strong></span> <span class='ocrx_word' id='word_1_354' title='bbox 1395 1097 1544 1136; x_wconf 80' lang='lat' dir='ltr'><strong>Philyrae</strong></span> <span class='ocrx_word' id='word_1_355' title='bbox 1560 1097 1710 1136; x_wconf 87' lang='lat' dir='ltr'><strong>appellat</strong></span> <span class='ocrx_word' id='word_1_356' title='bbox 1722 1105 1789 1127; x_wconf 88' lang='lat' dir='ltr'><strong>non</strong></span> 
     </span>
     <span class='ocr_line' id='line_1_69' title="bbox 1106 1144 1788 1184; baseline 0.003 -10"><span class='ocrx_word' id='word_1_357' title='bbox 1106 1144 1239 1174; x_wconf 79' lang='lat' dir='ltr'><strong>arbores</strong></span> <span class='ocrx_word' id='word_1_358' title='bbox 1269 1145 1371 1184; x_wconf 87' lang='lat' dir='ltr'><strong>ipsas,</strong></span> <span class='ocrx_word' id='word_1_359' title='bbox 1396 1145 1452 1175; x_wconf 86' lang='lat' dir='ltr'><strong>sed</strong></span> <span class='ocrx_word' id='word_1_360' title='bbox 1479 1145 1689 1176; x_wconf 82' lang='lat' dir='ltr'><strong>tenuissimas</strong></span> <span class='ocrx_word' id='word_1_361' title='bbox 1715 1145 1788 1176; x_wconf 81' lang='lat' dir='ltr'><strong>illas</strong></span> 
     </span>
     <span class='ocr_line' id='line_1_70' title="bbox 1107 1194 1789 1235; baseline 0.001 -10"><span class='ocrx_word' id='word_1_362' title='bbox 1107 1194 1250 1233; x_wconf 74' lang='lat' dir='ltr'><strong>tunicas,</strong></span> <span class='ocrx_word' id='word_1_363' title='bbox 1269 1195 1446 1235; x_wconf 83' lang='lat' dir='ltr'><strong>multiplici</strong></span> <span class='ocrx_word' id='word_1_364' title='bbox 1464 1194 1672 1234; x_wconf 76' lang='lat' dir='ltr'><strong>membrana,</strong></span> <span class='ocrx_word' id='word_1_365' title='bbox 1695 1204 1789 1226; x_wconf 86' lang='lat' dir='ltr'><strong>coro-</strong></span> 
     </span>
     <span class='ocr_line' id='line_1_71' title="bbox 1106 1243 1788 1285; baseline 0.001 -11"><span class='ocrx_word' id='word_1_366' title='bbox 1106 1253 1221 1274; x_wconf 85' lang='lat' dir='ltr'><strong>narum</strong></span> <span class='ocrx_word' id='word_1_367' title='bbox 1244 1244 1411 1274; x_wconf 82' lang='lat' dir='ltr'><strong>lemniscis</strong></span> <span class='ocrx_word' id='word_1_368' title='bbox 1433 1243 1604 1282; x_wconf 86' lang='lat' dir='ltr'><strong>celebres;</strong></span> <span class='ocrx_word' id='word_1_369' title='bbox 1620 1253 1718 1285; x_wconf 82' lang='lat' dir='ltr'><strong>quem</strong></span> <span class='ocrx_word' id='word_1_370' title='bbox 1742 1245 1788 1275; x_wconf 90' lang='lat' dir='ltr'><strong>lo-</strong></span> 
     </span>
    </p>
   </div>
   <div class='ocr_carea' id='block_1_5' title="bbox 1106 1292 1844 1333">
    <p class='ocr_par' dir='ltr' id='par_1_12' title="bbox 1106 1292 1844 1333">
     <span class='ocr_line' id='line_1_72' title="bbox 1106 1292 1844 1333; baseline 0.003 -11"><span class='ocrx_word' id='word_1_371' title='bbox 1106 1301 1181 1323; x_wconf 89' lang='lat' dir='ltr'><strong>cum</strong></span> <span class='ocrx_word' id='word_1_372' title='bbox 1197 1293 1284 1330; x_wconf 81' lang='lat' dir='ltr'><strong>vide,</strong></span> <span class='ocrx_word' id='word_1_373' title='bbox 1299 1298 1333 1322; x_wconf 91' lang='lat' dir='ltr'><strong>et</strong></span> <span class='ocrx_word' id='word_1_374' title='bbox 1347 1292 1527 1331; x_wconf 84' lang='lat' dir='ltr'><strong>Ulpianum</strong></span> <span class='ocrx_word' id='word_1_375' title='bbox 1544 1292 1600 1323; x_wconf 87' lang='lat' dir='ltr'><strong>lib.</strong></span> <span class='ocrx_word' id='word_1_376' title='bbox 1616 1292 1658 1323; x_wconf 88' lang='lat' dir='ltr'><strong>de</strong></span> <span class='ocrx_word' id='word_1_377' title='bbox 1674 1293 1789 1333; x_wconf 81' lang='lat' dir='ltr'><strong>Legat.</strong></span> <span class='ocrx_word' id='word_1_378' title='bbox 1840 1316 1844 1319; x_wconf 82' lang='lat'><em>-</em></span> 
     </span>
    </p>
   </div>
   <div class='ocr_carea' id='block_1_6' title="bbox 1102 1340 1789 2784">
    <p class='ocr_par' dir='ltr' id='par_1_13' title="bbox 1104 1340 1788 1757">
     <span class='ocr_line' id='line_1_73' title="bbox 1106 1340 1788 1371; baseline 0.001 -1"><span class='ocrx_word' id='word_1_379' title='bbox 1106 1349 1160 1370; x_wconf 82' lang='grc' dir='ltr'><strong>ιιι.</strong></span> <span class='ocrx_word' id='word_1_380' title='bbox 1204 1340 1380 1370; x_wconf 89' lang='lat' dir='ltr'><strong>Postremo</strong></span> <span class='ocrx_word' id='word_1_381' title='bbox 1390 1340 1431 1370; x_wconf 89' lang='lat' dir='ltr'><strong>ad</strong></span> <span class='ocrx_word' id='word_1_382' title='bbox 1443 1340 1694 1371; x_wconf 84' lang='lat' dir='ltr'><strong>similitudinem</strong></span> <span class='ocrx_word' id='word_1_383' title='bbox 1709 1341 1788 1371; x_wconf 86' lang='lat' dir='ltr'><strong>lem-</strong></span> 
     </span>
     <span class='ocr_line' id='line_1_74' title="bbox 1105 1387 1788 1426; baseline 0 -8"><span class='ocrx_word' id='word_1_384' title='bbox 1105 1389 1271 1419; x_wconf 86' lang='lat' dir='ltr'><strong>niscorum</strong></span> <span class='ocrx_word' id='word_1_385' title='bbox 1299 1388 1332 1418; x_wconf 92' lang='lat' dir='ltr'><strong>in</strong></span> <span class='ocrx_word' id='word_1_386' title='bbox 1358 1388 1503 1426; x_wconf 87' lang='lat' dir='ltr'><strong>coronis,</strong></span> <span class='ocrx_word' id='word_1_387' title='bbox 1528 1387 1657 1419; x_wconf 88' lang='lat' dir='ltr'><strong>Medici</strong></span> <span class='ocrx_word' id='word_1_388' title='bbox 1685 1389 1788 1419; x_wconf 88' lang='lat' dir='ltr'><strong>linea-</strong></span> 
     </span>
     <span class='ocr_line' id='line_1_75' title="bbox 1106 1435 1787 1475; baseline 0 -8"><span class='ocrx_word' id='word_1_389' title='bbox 1106 1440 1219 1467; x_wconf 87' lang='lat' dir='ltr'><strong>menta</strong></span> <span class='ocrx_word' id='word_1_390' title='bbox 1241 1437 1299 1467; x_wconf 89' lang='lat' dir='ltr'><strong>illa</strong></span> <span class='ocrx_word' id='word_1_391' title='bbox 1324 1435 1478 1475; x_wconf 84' lang='lat' dir='ltr'><strong>oblonga,</strong></span> <span class='ocrx_word' id='word_1_392' title='bbox 1495 1445 1568 1475; x_wconf 79' lang='lat' dir='ltr'><strong>quae</strong></span> <span class='ocrx_word' id='word_1_393' title='bbox 1593 1436 1787 1467; x_wconf 87' lang='lat' dir='ltr'><strong>vulneribus</strong></span> 
     </span>
     <span class='ocr_line' id='line_1_76' title="bbox 1106 1485 1787 1523; baseline 0.001 -8"><span class='ocrx_word' id='word_1_394' title='bbox 1106 1485 1174 1516; x_wconf 89' lang='lat' dir='ltr'><strong>indi</strong></span> <span class='ocrx_word' id='word_1_395' title='bbox 1185 1485 1487 1523; x_wconf 84' lang='lat' dir='ltr'><strong>solent,lemniscos</strong></span> <span class='ocrx_word' id='word_1_396' title='bbox 1499 1490 1621 1516; x_wconf 82' lang='lat' dir='ltr'><strong>vocant</strong></span> <span class='ocrx_word' id='word_1_397' title='bbox 1633 1494 1643 1523; x_wconf 90' lang='lat'>;</span> <span class='ocrx_word' id='word_1_398' title='bbox 1666 1489 1703 1516; x_wconf 86' lang='lat' dir='ltr'><strong>ut</strong></span> <span class='ocrx_word' id='word_1_399' title='bbox 1713 1485 1787 1516; x_wconf 90' lang='lat' dir='ltr'><strong>Cel-</strong></span> 
     </span>
     <span class='ocr_line' id='line_1_77' title="bbox 1105 1533 1787 1564; baseline -0.001 0"><span class='ocrx_word' id='word_1_400' title='bbox 1105 1543 1160 1564; x_wconf 86' lang='lat' dir='ltr'><strong>sus</strong></span> <span class='ocrx_word' id='word_1_401' title='bbox 1177 1542 1243 1564; x_wconf 76' lang='grc' dir='ltr'><strong>νυ.</strong></span> <span class='ocrx_word' id='word_1_402' title='bbox 1260 1536 1311 1564; x_wconf 87' lang='lat'><strong>18.</strong></span> <span class='ocrx_word' id='word_1_403' title='bbox 1356 1533 1444 1564; x_wconf 86' lang='lat' dir='ltr'><strong>Vide</strong></span> <span class='ocrx_word' id='word_1_404' title='bbox 1467 1533 1623 1564; x_wconf 88' lang='lat' dir='ltr'><strong>Politian.</strong></span> <span class='ocrx_word' id='word_1_405' title='bbox 1645 1533 1787 1564; x_wconf 87' lang='lat' dir='ltr'><strong>Miscell.</strong></span> 
     </span>
     <span class='ocr_line' id='line_1_78' title="bbox 1104 1582 1788 1621; baseline -0.001 -9"><span class='ocrx_word' id='word_1_406' title='bbox 1104 1591 1178 1621; x_wconf 89' lang='lat' dir='ltr'><strong>cap.</strong></span> <span class='ocrx_word' id='word_1_407' title='bbox 1201 1584 1253 1613; x_wconf 84' lang='grc'><strong>72.</strong></span> <span class='ocrx_word' id='word_1_408' title='bbox 1273 1582 1417 1612; x_wconf 85' lang='lat' dir='ltr'><strong>Turneb.</strong></span> <span class='ocrx_word' id='word_1_409' title='bbox 1438 1590 1548 1612; x_wconf 73' lang='grc' dir='ltr'><strong>κνιιι.</strong></span> <span class='ocrx_word' id='word_1_410' title='bbox 1572 1584 1625 1612; x_wconf 80' lang='grc'><strong>29.</strong></span> <span class='ocrx_word' id='word_1_411' title='bbox 1647 1582 1788 1612; x_wconf 74' lang='lat' dir='ltr'><strong>Turrem.</strong></span> 
     </span>
     <span class='ocr_line' id='line_1_79' title="bbox 1105 1629 1788 1670; baseline -0.001 -9"><span class='ocrx_word' id='word_1_412' title='bbox 1105 1630 1235 1670; x_wconf 78' lang='lat' dir='ltr'><strong>Philyra</strong></span> <span class='ocrx_word' id='word_1_413' title='bbox 1241 1631 1372 1670; x_wconf 83' lang='lat' dir='ltr'><strong>coronoe]</strong></span> <span class='ocrx_word' id='word_1_414' title='bbox 1385 1629 1592 1660; x_wconf 82' lang='lat' dir='ltr'><strong>Tenuissima</strong></span> <span class='ocrx_word' id='word_1_415' title='bbox 1601 1629 1679 1660; x_wconf 80' lang='lat' dir='ltr'><strong>tiliae</strong></span> <span class='ocrx_word' id='word_1_416' title='bbox 1688 1638 1788 1660; x_wconf 86' lang='lat' dir='ltr'><strong>mem·</strong></span> 
     </span>
     <span class='ocr_line' id='line_1_80' title="bbox 1106 1676 1787 1718; baseline 0.001 -11"><span class='ocrx_word' id='word_1_417' title='bbox 1106 1677 1220 1716; x_wconf 85' lang='lat' dir='ltr'><strong>brana,</strong></span> <span class='ocrx_word' id='word_1_418' title='bbox 1243 1687 1308 1718; x_wconf 84' lang='lat' dir='ltr'><strong>qua</strong></span> <span class='ocrx_word' id='word_1_419' title='bbox 1335 1676 1434 1708; x_wconf 80' lang='lat' dir='ltr'><strong>flores</strong></span> <span class='ocrx_word' id='word_1_420' title='bbox 1463 1676 1602 1708; x_wconf 85' lang='lat' dir='ltr'><strong>floribus</strong></span> <span class='ocrx_word' id='word_1_421' title='bbox 1627 1681 1787 1708; x_wconf 85' lang='lat' dir='ltr'><strong>annecte-</strong></span> 
     </span>
     <span class='ocr_line' id='line_1_81' title="bbox 1106 1725 1237 1757; baseline 0.015 -2"><span class='ocrx_word' id='word_1_422' title='bbox 1106 1725 1237 1757; x_wconf 86' lang='lat' dir='ltr'><strong>bantur.</strong></span> 
     </span>
    </p>

    <p class='ocr_par' dir='ltr' id='par_1_14' title="bbox 1147 1774 1787 1813">
     <span class='ocr_line' id='line_1_82' title="bbox 1147 1774 1787 1813; baseline 0.005 -10"><span class='ocrx_word' id='word_1_423' title='bbox 1147 1777 1165 1803; x_wconf 82' lang='lat'>3</span> <span class='ocrx_word' id='word_1_424' title='bbox 1189 1774 1286 1804; x_wconf 80' lang='lat' dir='ltr'><strong>Mine</strong></span> <span class='ocrx_word' id='word_1_425' title='bbox 1314 1774 1440 1813; x_wconf 77' lang='lat' dir='ltr'><strong>sectari]</strong></span> <span class='ocrx_word' id='word_1_426' title='bbox 1473 1774 1603 1806; x_wconf 86' lang='lat' dir='ltr'><strong>Omitte</strong></span> <span class='ocrx_word' id='word_1_427' title='bbox 1639 1775 1787 1806; x_wconf 82' lang='lat' dir='ltr'><strong>studiose</strong></span> 
     </span>
    </p>

    <p class='ocr_par' dir='ltr' id='par_1_15' title="bbox 1102 1822 1789 2490">
     <span class='ocr_line' id='line_1_83' title="bbox 1105 1822 1788 1862; baseline 0.006 -11"><span class='ocrx_word' id='word_1_428' title='bbox 1105 1830 1268 1862; x_wconf 86' lang='lat' dir='ltr'><strong>quaerere,</strong></span> <span class='ocrx_word' id='word_1_429' title='bbox 1283 1822 1395 1862; x_wconf 86' lang='lat' dir='ltr'><strong>quoin</strong></span> <span class='ocrx_word' id='word_1_430' title='bbox 1417 1822 1490 1853; x_wconf 89' lang='lat' dir='ltr'><strong>loco</strong></span> <span class='ocrx_word' id='word_1_431' title='bbox 1509 1828 1788 1855; x_wconf 69' lang='lat' dir='ltr'><strong>succrescenti-o-</strong></span> 
     </span>
     <span class='ocr_line' id='line_1_84' title="bbox 1106 1869 1789 1912; baseline 0.006 -13"><span class='ocrx_word' id='word_1_432' title='bbox 1106 1879 1152 1900; x_wconf 82' lang='lat' dir='ltr'><strong>sae</strong></span> <span class='ocrx_word' id='word_1_433' title='bbox 1165 1869 1291 1901; x_wconf 89' lang='lat' dir='ltr'><strong>tardius</strong></span> <span class='ocrx_word' id='word_1_434' title='bbox 1303 1875 1510 1911; x_wconf 81' lang='lat' dir='ltr'><strong>enascentes,</strong></span> <span class='ocrx_word' id='word_1_435' title='bbox 1522 1880 1563 1902; x_wconf 84' lang='lat' dir='ltr'><strong>ex</strong></span> <span class='ocrx_word' id='word_1_436' title='bbox 1575 1872 1694 1912; x_wconf 87' lang='lat' dir='ltr'><strong>quibus</strong></span> <span class='ocrx_word' id='word_1_437' title='bbox 1705 1871 1789 1903; x_wconf 78' lang='lat' dir='ltr'><strong>finnt</strong></span> 
     </span>
     <span class='ocr_line' id='line_1_85' title="bbox 1105 1927 1251 1948; baseline 0 0"><span class='ocrx_word' id='word_1_438' title='bbox 1105 1927 1251 1948; x_wconf 85' lang='lat' dir='ltr'><strong>coronae.</strong></span> 
     </span>
     <span class='ocr_line' id='line_1_86' title="bbox 1105 1965 1786 2008; baseline 0.006 -13"><span class='ocrx_word' id='word_1_439' title='bbox 1105 1988 1107 1990; x_wconf 80' lang='grc'><strong>.</strong></span> <span class='ocrx_word' id='word_1_440' title='bbox 1147 1969 1166 1996; x_wconf 78' lang='lat'><em>4</em></span> <span class='ocrx_word' id='word_1_441' title='bbox 1189 1965 1281 2004; x_wconf 79' lang='lat' dir='ltr'><strong>Sera]</strong></span> <span class='ocrx_word' id='word_1_442' title='bbox 1297 1967 1385 1996; x_wconf 88' lang='lat' dir='ltr'><strong>Rosa</strong></span> <span class='ocrx_word' id='word_1_443' title='bbox 1398 1967 1558 2005; x_wconf 75' lang='lat' dir='ltr'><strong>serotina,</strong></span> <span class='ocrx_word' id='word_1_444' title='bbox 1571 1977 1658 2007; x_wconf 76' lang='lat' dir='ltr'><strong>quae,</strong></span> <span class='ocrx_word' id='word_1_445' title='bbox 1671 1969 1786 2008; x_wconf 87' lang='lat' dir='ltr'><strong>elapso</strong></span> 
     </span>
     <span class='ocr_line' id='line_1_87' title="bbox 1105 2015 1784 2053; baseline 0.004 -10"><span class='ocrx_word' id='word_1_446' title='bbox 1105 2023 1165 2043; x_wconf 88' lang='lat' dir='ltr'><strong>suo</strong></span> <span class='ocrx_word' id='word_1_447' title='bbox 1189 2019 1353 2053; x_wconf 85' lang='lat' dir='ltr'><strong>tempore,</strong></span> <span class='ocrx_word' id='word_1_448' title='bbox 1369 2023 1435 2044; x_wconf 91' lang='lat' dir='ltr'><strong>non</strong></span> <span class='ocrx_word' id='word_1_449' title='bbox 1451 2015 1514 2045; x_wconf 87' lang='lat' dir='ltr'><strong>nisi</strong></span> <span class='ocrx_word' id='word_1_450' title='bbox 1538 2015 1572 2044; x_wconf 89' lang='lat' dir='ltr'><strong>in</strong></span> <span class='ocrx_word' id='word_1_451' title='bbox 1596 2017 1678 2045; x_wconf 88' lang='lat' dir='ltr'><strong>raris</strong></span> <span class='ocrx_word' id='word_1_452' title='bbox 1700 2017 1784 2046; x_wconf 88' lang='lat' dir='ltr'><strong>locis</strong></span> 
     </span>
     <span class='ocr_line' id='line_1_88' title="bbox 1105 2062 1786 2102; baseline 0.006 -11"><span class='ocrx_word' id='word_1_453' title='bbox 1105 2062 1284 2093; x_wconf 85' lang='lat' dir='ltr'><strong>invenitur.</strong></span> <span class='ocrx_word' id='word_1_454' title='bbox 1316 2062 1472 2102; x_wconf 80' lang='lat' dir='ltr'><strong>Moretur]</strong></span> <span class='ocrx_word' id='word_1_455' title='bbox 1494 2063 1634 2093; x_wconf 86' lang='lat' dir='ltr'><strong>Maneat</strong></span> <span class='ocrx_word' id='word_1_456' title='bbox 1648 2068 1682 2094; x_wconf 83' lang='lat' dir='ltr'><strong>et</strong></span> <span class='ocrx_word' id='word_1_457' title='bbox 1696 2064 1786 2094; x_wconf 81' lang='lat' dir='ltr'><strong>ultra</strong></span> 
     </span>
     <span class='ocr_line' id='line_1_89' title="bbox 1103 2109 1785 2150; baseline 0.006 -11"><span class='ocrx_word' id='word_1_458' title='bbox 1103 2114 1242 2140; x_wconf 81' lang='lat' dir='ltr'><strong>caeteras</strong></span> <span class='ocrx_word' id='word_1_459' title='bbox 1264 2118 1354 2140; x_wconf 80' lang='lat' dir='ltr'><strong>rosas</strong></span> <span class='ocrx_word' id='word_1_460' title='bbox 1370 2110 1480 2141; x_wconf 89' lang='lat' dir='ltr'><strong>duret.</strong></span> <span class='ocrx_word' id='word_1_461' title='bbox 1536 2109 1612 2140; x_wconf 76' lang='lat' dir='ltr'><strong>Sera</strong></span> <span class='ocrx_word' id='word_1_462' title='bbox 1637 2111 1785 2150; x_wconf 75' lang='lat' dir='ltr'><strong>moretur]</strong></span> 
     </span>
     <span class='ocr_line' id='line_1_90' title="bbox 1106 2157 1785 2199; baseline 0.004 -12"><span class='ocrx_word' id='word_1_463' title='bbox 1106 2157 1203 2188; x_wconf 85' lang='lat' dir='ltr'><strong>Hunc</strong></span> <span class='ocrx_word' id='word_1_464' title='bbox 1218 2157 1267 2187; x_wconf 88' lang='lat' dir='ltr'><strong>sui</strong></span> <span class='ocrx_word' id='word_1_465' title='bbox 1282 2167 1412 2198; x_wconf 85' lang='lat' dir='ltr'><strong>quoque</strong></span> <span class='ocrx_word' id='word_1_466' title='bbox 1424 2158 1538 2188; x_wconf 81' lang='lat' dir='ltr'><strong>saeculi</strong></span> <span class='ocrx_word' id='word_1_467' title='bbox 1553 2158 1666 2189; x_wconf 81' lang='lat' dir='ltr'><strong>luxum</strong></span> <span class='ocrx_word' id='word_1_468' title='bbox 1677 2161 1785 2199; x_wconf 71' lang='lat' dir='ltr'><strong>gravi·</strong></span> 
     </span>
     <span class='ocr_line' id='line_1_91' title="bbox 1105 2207 1782 2246; baseline 0.006 -10"><span class='ocrx_word' id='word_1_469' title='bbox 1105 2209 1155 2236; x_wconf 84' lang='lat' dir='ltr'><strong>ter</strong></span> <span class='ocrx_word' id='word_1_470' title='bbox 1167 2211 1261 2237; x_wconf 82' lang='lat' dir='ltr'><strong>notat</strong></span> <span class='ocrx_word' id='word_1_471' title='bbox 1274 2207 1401 2238; x_wconf 88' lang='lat' dir='ltr'><strong>Seneca</strong></span> <span class='ocrx_word' id='word_1_472' title='bbox 1413 2207 1521 2246; x_wconf 90' lang='lat' dir='ltr'><strong>Epist.</strong></span> <span class='ocrx_word' id='word_1_473' title='bbox 1533 2209 1585 2238; x_wconf 73' lang='lat'><strong>28.</strong></span> <span class='ocrx_word' id='word_1_474' title='bbox 1597 2207 1646 2237; x_wconf 82' lang='lat' dir='ltr'><strong>his</strong></span> <span class='ocrx_word' id='word_1_475' title='bbox 1657 2208 1782 2240; x_wconf 84' lang='lat' dir='ltr'><strong>verbis:</strong></span> 
     </span>
     <span class='ocr_line' id='line_1_92' title="bbox 1103 2255 1782 2297; baseline 0.004 -12"><span class='ocrx_word' id='word_1_476' title='bbox 1103 2255 1112 2272; x_wconf 80' lang='lat'><strong><em>⁴</em></strong></span> <span class='ocrx_word' id='word_1_477' title='bbox 1131 2255 1207 2286; x_wconf 89' lang='lat' dir='ltr'><strong>Non</strong></span> <span class='ocrx_word' id='word_1_478' title='bbox 1237 2256 1353 2286; x_wconf 87' lang='lat' dir='ltr'><strong>vivunt</strong></span> <span class='ocrx_word' id='word_1_479' title='bbox 1379 2260 1496 2286; x_wconf 85' lang='lat' dir='ltr'><strong>contra</strong></span> <span class='ocrx_word' id='word_1_480' title='bbox 1534 2260 1699 2296; x_wconf 87' lang='lat' dir='ltr'><strong>naturam,</strong></span> <span class='ocrx_word' id='word_1_481' title='bbox 1725 2258 1782 2297; x_wconf 84' lang='lat' dir='ltr'><strong>qui</strong></span> 
     </span>
     <span class='ocr_line' id='line_1_93' title="bbox 1102 2304 1783 2343; baseline 0.003 -9"><span class='ocrx_word' id='word_1_482' title='bbox 1102 2304 1222 2343; x_wconf 87' lang='lat' dir='ltr'><strong>hyeme</strong></span> <span class='ocrx_word' id='word_1_483' title='bbox 1244 2305 1489 2343; x_wconf 86' lang='lat' dir='ltr'><strong>concupiscunt</strong></span> <span class='ocrx_word' id='word_1_484' title='bbox 1512 2314 1632 2343; x_wconf 85' lang='lat' dir='ltr'><strong>rosam,</strong></span> <span class='ocrx_word' id='word_1_485' title='bbox 1656 2304 1783 2336; x_wconf 80' lang='lat' dir='ltr'><strong>fomen-</strong></span> 
     </span>
     <span class='ocr_line' id='line_1_94' title="bbox 1102 2353 1783 2395; baseline 0.001 -12"><span class='ocrx_word' id='word_1_486' title='bbox 1102 2357 1206 2395; x_wconf 79' lang='lat' dir='ltr'><strong>toque</strong></span> <span class='ocrx_word' id='word_1_487' title='bbox 1234 2362 1392 2394; x_wconf 79' lang='lat' dir='ltr'><strong>aquarum</strong></span> <span class='ocrx_word' id='word_1_488' title='bbox 1423 2353 1615 2392; x_wconf 82' lang='lat' dir='ltr'><strong>calentium,</strong></span> <span class='ocrx_word' id='word_1_489' title='bbox 1636 2358 1673 2384; x_wconf 84' lang='lat' dir='ltr'><strong>et</strong></span> <span class='ocrx_word' id='word_1_490' title='bbox 1695 2354 1783 2386; x_wconf 85' lang='lat' dir='ltr'><strong>colo-</strong></span> 
     </span>
     <span class='ocr_line' id='line_1_95' title="bbox 1104 2401 1783 2442; baseline 0.001 -10"><span class='ocrx_word' id='word_1_491' title='bbox 1104 2411 1176 2432; x_wconf 86' lang='lat' dir='ltr'><strong>rum</strong></span> <span class='ocrx_word' id='word_1_492' title='bbox 1204 2407 1282 2442; x_wconf 84' lang='lat' dir='ltr'><strong>apta</strong></span> <span class='ocrx_word' id='word_1_493' title='bbox 1310 2401 1508 2438; x_wconf 82' lang='lat' dir='ltr'><strong>imitatione,</strong></span> <span class='ocrx_word' id='word_1_494' title='bbox 1537 2402 1652 2432; x_wconf 85' lang='lat' dir='ltr'><strong>bruma</strong></span> <span class='ocrx_word' id='word_1_495' title='bbox 1679 2402 1783 2433; x_wconf 88' lang='lat' dir='ltr'><strong>lilium</strong></span> 
     </span>
     <span class='ocr_line' id='line_1_96' title="bbox 1104 2449 1607 2490; baseline -0.002 -10"><span class='ocrx_word' id='word_1_496' title='bbox 1104 2449 1218 2481; x_wconf 78' lang='lat' dir='ltr'><strong>florem</strong></span> <span class='ocrx_word' id='word_1_497' title='bbox 1236 2460 1370 2482; x_wconf 90' lang='lat' dir='ltr'><strong>vernum</strong></span> <span class='ocrx_word' id='word_1_498' title='bbox 1388 2450 1607 2490; x_wconf 67' lang='lat' dir='ltr'><strong>exprimunt?</strong></span> 
     </span>
    </p>

    <p class='ocr_par' dir='ltr' id='par_1_16' title="bbox 1104 2498 1784 2784">
     <span class='ocr_line' id='line_1_97' title="bbox 1146 2498 1784 2540; baseline 0.003 -11"><span class='ocrx_word' id='word_1_499' title='bbox 1146 2502 1164 2528; x_wconf 84' lang='lat'><strong>6</strong></span> <span class='ocrx_word' id='word_1_500' title='bbox 1189 2499 1327 2540; x_wconf 79' lang='lat' dir='ltr'><strong>Simplici</strong></span> <span class='ocrx_word' id='word_1_501' title='bbox 1340 2498 1463 2539; x_wconf 82' lang='lat' dir='ltr'><strong>Myrto]</strong></span> <span class='ocrx_word' id='word_1_502' title='bbox 1485 2499 1589 2539; x_wconf 85' lang='lat' dir='ltr'><strong>Myrti</strong></span> <span class='ocrx_word' id='word_1_503' title='bbox 1607 2499 1639 2531; x_wconf 88' lang='lat' dir='ltr'><strong>in</strong></span> <span class='ocrx_word' id='word_1_504' title='bbox 1655 2500 1784 2531; x_wconf 74' lang='lat' dir='ltr'><strong>coronis</strong></span> 
     </span>
     <span class='ocr_line' id='line_1_98' title="bbox 1105 2547 1782 2589; baseline 0.001 -11"><span class='ocrx_word' id='word_1_505' title='bbox 1105 2556 1212 2587; x_wconf 86' lang='lat' dir='ltr'><strong>usum,</strong></span> <span class='ocrx_word' id='word_1_506' title='bbox 1227 2557 1364 2589; x_wconf 88' lang='lat' dir='ltr'><strong>eamque</strong></span> <span class='ocrx_word' id='word_1_507' title='bbox 1383 2547 1545 2578; x_wconf 87' lang='lat' dir='ltr'><strong>conviviis</strong></span> <span class='ocrx_word' id='word_1_508' title='bbox 1569 2547 1669 2579; x_wconf 83' lang='lat' dir='ltr'><strong>etiarn</strong></span> <span class='ocrx_word' id='word_1_509' title='bbox 1693 2548 1782 2579; x_wconf 86' lang='lat' dir='ltr'><strong>adhi-</strong></span> 
     </span>
     <span class='ocr_line' id='line_1_99' title="bbox 1105 2595 1780 2635; baseline 0 -9"><span class='ocrx_word' id='word_1_510' title='bbox 1105 2595 1175 2626; x_wconf 85' lang='lat' dir='ltr'><strong>beri</strong></span> <span class='ocrx_word' id='word_1_511' title='bbox 1199 2597 1339 2635; x_wconf 78' lang='lat' dir='ltr'><strong>solitam,</strong></span> <span class='ocrx_word' id='word_1_512' title='bbox 1360 2597 1506 2628; x_wconf 89' lang='lat' dir='ltr'><strong>dicemus</strong></span> <span class='ocrx_word' id='word_1_513' title='bbox 1522 2604 1560 2627; x_wconf 87' lang='lat' dir='ltr'><strong>n.</strong></span> <span class='ocrx_word' id='word_1_514' title='bbox 1575 2595 1641 2627; x_wconf 88' lang='lat' dir='ltr'><strong>Od.</strong></span> <span class='ocrx_word' id='word_1_515' title='bbox 1657 2598 1688 2627; x_wconf 80' lang='grc'><strong>7.</strong></span> <span class='ocrx_word' id='word_1_516' title='bbox 1709 2596 1780 2626; x_wconf 79' lang='lat' dir='ltr'><strong>Sui-</strong></span> 
     </span>
     <span class='ocr_line' id='line_1_100' title="bbox 1104 2644 1780 2686; baseline -0.004 -11"><span class='ocrx_word' id='word_1_517' title='bbox 1104 2646 1162 2676; x_wconf 87' lang='lat' dir='ltr'><strong>das</strong></span> <span class='ocrx_word' id='word_1_518' title='bbox 1178 2647 1277 2677; x_wconf 88' lang='lat' dir='ltr'><strong>etiam</strong></span> <span class='ocrx_word' id='word_1_519' title='bbox 1291 2646 1436 2686; x_wconf 81' lang='grc' dir='ltr'><strong><em>μυῤῥινῶν</em></strong></span> <span class='ocrx_word' id='word_1_520' title='bbox 1451 2654 1510 2685; x_wconf 89' lang='lat' dir='ltr'><strong>pro</strong></span> <span class='ocrx_word' id='word_1_521' title='bbox 1524 2645 1621 2684; x_wconf 77' lang='grc' dir='ltr'><strong>ἀρχῆς</strong></span> <span class='ocrx_word' id='word_1_522' title='bbox 1637 2644 1780 2681; x_wconf 55' lang='lat' dir='ltr'><strong>snm,</strong></span> 
     </span>
     <span class='ocr_line' id='line_1_101' title="bbox 1104 2693 1778 2735; baseline -0.009 -9"><span class='ocrx_word' id='word_1_523' title='bbox 1104 2695 1169 2726; x_wconf 90' lang='lat' dir='ltr'><strong>dici</strong></span> <span class='ocrx_word' id='word_1_524' title='bbox 1191 2697 1297 2726; x_wconf 86' lang='lat' dir='ltr'><strong>solere</strong></span> <span class='ocrx_word' id='word_1_525' title='bbox 1314 2695 1372 2734; x_wconf 89' lang='lat' dir='ltr'><strong>ait,</strong></span> <span class='ocrx_word' id='word_1_526' title='bbox 1388 2694 1476 2735; x_wconf 87' lang='lat' dir='ltr'><strong>quod</strong></span> <span class='ocrx_word' id='word_1_527' title='bbox 1492 2694 1546 2734; x_wconf 90' lang='lat' dir='ltr'><strong>qni</strong></span> <span class='ocrx_word' id='word_1_528' title='bbox 1562 2693 1778 2734; x_wconf 80' lang='lat' dir='ltr'><strong>princlpatum</strong></span> 
     </span>
     <span class='ocr_line' id='line_1_102' title="bbox 1104 2739 1776 2784; baseline -0.009 -9"><span class='ocrx_word' id='word_1_529' title='bbox 1104 2743 1277 2783; x_wconf 84' lang='lat' dir='ltr'><strong>gerebant,</strong></span> <span class='ocrx_word' id='word_1_530' title='bbox 1291 2753 1343 2784; x_wconf 87' lang='lat' dir='ltr'><strong>my</strong></span> <span class='ocrx_word' id='word_1_531' title='bbox 1350 2749 1401 2774; x_wconf 86' lang='lat' dir='ltr'><strong>rto</strong></span> <span class='ocrx_word' id='word_1_532' title='bbox 1417 2741 1672 2774; x_wconf 81' lang='lat' dir='ltr'><strong>coronabantur·</strong></span> <span class='ocrx_word' id='word_1_533' title='bbox 1690 2739 1776 2770; x_wconf 76' lang='lat' dir='ltr'><strong>Tm.</strong></span> 
     </span>
    </p>
   </div>
  </div>
 </body>
</html>
