1930 3204
446 292 652 324 HORA‘ru
684 290 824 321 GARM
833 291 892 321 EN
927 291 1218 324 SAEGULARE.

132 397 212 421 ιιιιιιι
228 391 383 420 tenuere.
425 375 437 386 ⁵

170 442 216 471 38
243 438 339 470 Litus
362 437 544 477 Etruscum]
585 436 642 468 Sic
673 436 682 453 ‘
699 434 832 466 Thusco

133 489 277 521 denatat
313 487 436 520 alveo.²
499 486 630 519 Tiberis
668 484 758 516 enim
798 484 833 516 in

130 538 272 571 Etruria
286 542 392 575 ortus,
407 538 479 578 ipse
491 537 654 574 Thuseus‚
673 535 778 566 etiam
794 534 833 565 li-

128 589 194 620 tori
212 598 335 620 nomen
347 588 443 620 dedit
458 598 467 619 :
492 596 567 618 nam
580 585 706 627 alioqui
722 586 755 616 in
769 585 832 616 La-

128 639 215 670 tium
233 638 342 679 primo
360 647 483 669 venere
497 635 644 678 Trojani.

170 691 214 720 39
243 689 340 720 Jussa
365 688 456 728 pars]
496 687 582 718 Pars
610 685 716 724 dicit3
756 695 830 716 nam

126 737 352 779 'l'rojauorum
370 737 427 768 alii
440 737 502 769 sub
513 736 616 767 AEnea
633 736 666 766 in
680 735 830 775 Latium,

127 787 184 819 alii
201 788 264 819 sub
279 787 458 819 Antenore
474 787 508 818 in
531 786 687 827 Illyrium
707 795 748 817 ae
763 786 830 816 Ve-

126 837 253 868 uetiam
301 841 535 877 penetrarunt.
601 837 700 866 Jussa
738 835 830 876 pars]

125 885 226 918 Jussa
237 885 282 917 ab
293 885 466 927 Apolline.
495 885 622 927 [Codd.
635 896 692 926 ap.
704 885 830 921 Jaeck,

125 939 158 968 et
171 936 290 978 urbes]

167 989 211 1018 40
231 986 355 1027 Sospite
367 987 475 1029 cursu]
499 987 599 1018 Salvo
611 996 711 1019 wrsu
724 997 734 1017 :
753 996 830 1018 nam

127 1035 212 1066 salvi
227 1036 362 1077 quidam
386 1037 421 1068 in
443 1037 580 1068 Italiam
597 1041 832 1078 pervenerunt

126 1085 264 1126 Trojani
279 1095 355 1118 etim
370 1085 497 1118 AEnea:
531 1087 589 1118 sed
614 1097 681 1118 nou
697 1095 833 1127 semper

127 1135 286 1167 secundis
309 1137 433 1176 ventis,
459 1146 524 1168 nee
552 1136 703 1168 secundo
729 1145 834 1167 cursu

128 1186 179 1217 nsi
204 1191 296 1218 sunt.
340 1187 411 1218 Per
434 1197 556 1219 cursum
582 1186 833 1227 navigationem

76 1236 79 1239 '
127 1235 302 1276 intelligit.
316 1236 460 1268 Lambin.
501 1237 626 1277 Sospite
640 1237 746 1277 cursu]
761 1237 834 1268 Sal-

128 1295 170 1317 vo
186 1295 288 1318 cursu
314 1292 350 1318 et
370 1286 527 1318 secundis
545 1288 640 1318 velis.

125 1335 261 1377 landus,
274 1337 410 1378 Hospite
421 1338 534 1378 terrm]
580 1370 586 1374 ,

169 1389 209 1417 41
238 1387 300 1418 Cui
309 1397 366 1428 per
389 1387 565 1427 ardentem]
596 1387 731 1418 Turmae
746 1387 831 1417 Tro-

120 1435 228 1475 janae.
274 1437 352 1468 Sine
363 1436 494 1477 fraude,
515 1436 586 1478 ξω]
616 1436 697 1468 Sine
718 1437 831 1476 noxia,

123 1485 196 1516 sine
218 1485 342 1518 damno
363 1485 521 1518 flammae.
567 1487 698 1518 Castum
715 1491 829 1518 autem

125 1534 205 1566 dum
230 1544 328 1568 vocat
344 1536 497 1574 AEneam,
513 1546 578 1568 non
603 1541 673 1568 tam
701 1537 829 1577 pudici-

126 1585 184 1617 tiae
208 1595 310 1627 quem
333 1586 507 1628 religionis
529 1596 605 1618 eum
622 1596 744 1617 caussa
760 1587 828 1618 lau-

126 1635 186 1668 dat
202 1635 383 1668 Horatius.
429 1634 642 1676 Sinesraude]
654 1636 735 1667 Sine
749 1637 829 1667 vitae

127 1696 238 1719 noxa:
263 1688 413 1728 impune.

167 1739 210 1768 42
234 1737 358 1768 Patria
369 1736 540 1777 superstes]
563 1734 831 1767 Existensineo-

126 1787 238 1822 lumis,
265 1786 378 1826 patria
399 1796 460 1816 sua
485 1786 635 1816 incensa.
693 1784 832 1824 [Cautus

126 1835 244 1866 AEneos
259 1834 359 1865 codd.
375 1844 431 1875 ap.
447 1834 591 1875 Jaeck.]

168 1887 210 1916 43
234 1883 381 1915 Liberum
410 1883 559 1924 munivit]
606 1884 679 1914 Iter
710 1886 831 1915 tutum.

127 1936 338 1971 ‘Flammam
369 1935 459 1966 inter
488 1939 525 1966 et
559 1933 698 1965 hostes!
736 1934 832 1975 Virg.

123 1985 291 2026 [Guelph.
305 1984 453 2024 laturum]

168 2036 211 2065 44
248 2035 397 2075 Relictis]
443 2033 521 2065 Suis
548 2033 718 2074 'l'rojanis‚
746 2043 831 2075 quos

126 2093 241 2116 secum
270 2084 306 2115 in
335 2084 470 2116 Italiam
503 2082 661 2123 adduxit,
689 2083 831 2115 daturus

128 2135 228 2176 plura
244 2144 344 2176 quam
362 2135 395 2165 in
412 2133 524 2174 patria
541 2134 664 2164 amissa
683 2133 829 2175 relique-

126 2189 215 2217 rant.

167 2238 208 2267 45
233 2233 500 2274 Docilijuventoe]
524 2232 828 2264 ‘Pravidocilem‘

121 2290 227 2317 ,vocat
253 2294 296 2317 ιι.
321 2278 469 2316 Sat-11.
514 2284 634 2317 Qualis
658 2292 735 2315 cum
755 2282 828 2314 fere

127 2336 172 2367 sit
188 2340 310 2366 natura
321 2334 502 2374 juvenum,
517 2334 550 2364 in
574 2333 696 2364 malum
713 2342 831 2374 prona,

127 2385 216 2417 bene
227 2389 325 2427 optat
342 2385 457 2425 probis
469 2384 618 2415 moribus
628 2393 702 2414 eam
713 2392 830 2414 emen-

127 2434 215 2466 dari.
261 2435 306 2465 Et
319 2435 470 2474 eleganti
491 2434 645 2474 epitheto
661 2433 671 2450 ‘
683 2433 831 2465 docilem

124 2483 365 2526 juventutem,’
388 2484 647 2525 ‘placidamque
674 2487 830 2515 senectu-

129 2533 220 2566 tem'
251 2537 361 2564 vocat.
416 2533 568 2566 Juvenes
598 2533 686 2564 enim
719 2533 831 2564 aetatis

697 1287 832 1328 [Mark-

128 2593 197 2615 suae
224 2583 354 2624 vigore,
383 2586 487 2624 atque
513 2583 643 2624 impetu
673 2583 832 2624 quodam,

127 2642 318 2675 magnaque
326 2642 441 2664 rerum
452 2641 614 2664 novarum
626 2631 832 2678 eupiditate,

130 2688 166 2715 et
180 2682 290 2715 multa
303 2686 340 2714 et
355 2682 450 2714 varia
463 2683 621 2714 discunt:
643 2682 678 2714 in
695 2682 830 2715 senibus

130 2743 211 2766 vero
227 2743 303 2765 cum
320 2738 441 2765 natura
454 2733 580 2774 placidi
594 2733 663 2766 sint
674 2739 710 2766 et
725 2734 831 2775 lenes,

131 2790 253 2818 contra
282 2785 409 2817 evenit.
465 2785 586 2817 Lamb.
610 2786 666 2818 hic
695 2785 830 2827 juventoe

132 2836 383 2877 interpretatu-r
411 2845 474 2878 pro
502 2836 726 2878 ‘juvenibus‚'
753 2846 830 2868 meo

219 2890 332 2931 Delph.
345 2894 376 2922 et
397 2886 476 2923 Van?
489 2890 577 2923 clus.

802 2890 922 2923 Horat.

1468 284 1599 344 1585j'

883 388 997 416 tamen
1009 386 1281 428 ιῇιιίὶὶοἰο,ἰιιικιιιιιι
1304 385 1358 417 uic
1379 384 1492 426 potius
1509 393 1588 418 aeta-
1640 383 1651 395 ¹

883 439 951 466 tem
975 435 1085 476 ipsam
1113 435 1298 478 significat,
1313 445 1355 467 ex
1382 436 1483 468 Nonii
1511 446 1586 467 sen-

883 485 1009 515 tentia:
1033 485 1244 518 ‘Juventus'
1261 486 1422 527 juvenes,
1436 487 1446 503 ‘
1458 486 1588 519 Juven-

883 533 938 565 ta’
954 539 1037 565 aelas
1054 535 1140 577 ipsa,
1167 536 1410 568 ‘Juvenilitas'
1433 537 1522 577 quod
1539 537 1588 576 ὁρ-

880 585 942 624 μὴν
956 586 1009 617 vel
1025 584 1123 619 πάθος
1142 593 1265 619 vocant
1285 587 1411 619 Graeci.
1456 587 1512 619 Sic
1532 596 1588 618 ιιι.

883 636 951 668 Od.
970 639 1020 668 14.
1042 639 1051 654 ‘
1066 637 1144 668 Non
1157 647 1222 678 ego
1233 638 1305 669 haec
1317 637 1442 669 ferrem
1456 637 1588 669 calidus

875 685 1047 726 juventa.'
1076 687 1241 729 Juventoe]
1259 687 1450 719 Juvenibus
1465 688 1506 719 ad
1522 688 1588 719 dis·

881 734 1027 766 cendum
1044 737 1146 776 aptis.
1189 736 1261 777 [Al.
1288 747 1342 779 ap.
1362 738 1586 778 Jaeck,saci-

881 785 903 816 li
910 785 1080 826 juventoe.]

922 838 962 867 47
991 835 1132 867 Romula·
1149 837 1258 879 genti]
1300 837 1465 869 Romanae
1492 838 1587 878 genti

880 885 962 917 date
976 886 1126 926 divitias,
1141 892 1175 918 et
1187 887 1313 919 liberos
1330 893 1364 920 et
1380 897 1514 920 omnem
1529 889 1588 920 im-

882 936 968 978 perii
987 937 1215 977 majestatem.

924 989 968 1018 49
985 987 1110 1027 Quique
1121 997 1187 1027 vos,
1196 987 1266 1028 &eq
1282 987 1395 1019 Multo
1406 989 1520 1028 plures
1533 998 1588 1020 co-

882 1036 976 1068 dices
995 1037 1155 1077 Quoequc15
1178 1043 1214 1068 et
1231 1037 1264 1068 in
1282 1047 1348 1068 uno
1363 1037 1588 1079 adscriptum,

883 1087 1045 1118 ‘Scilicet
1082 1086 1192 1128 gens?
1236 1086 1303 1117 Sed
1334 1087 1453 1118 melius
1491 1092 1588 1119 vetus

883 1136 1061 1177 Interpres
1077 1147 1085 1167 ι
1110 1138 1120 1154 ⁴
1135 1137 1382 1178 Quaecumque,
1399 1147 1458 1168 seu
1472 1147 1589 1179 quam·

883 1195 1028 1228 cumque
1044 1196 1115 1218 rem
1142 1196 1200 1218 vos
1225 1192 1387 1228 pret-atur
1405 1188 1527 1219 Clarus
1545 1188 1587 1219 A.

884 1237 927 1269 V.
945 1246 971 1268 S.
990 1246 1047 1268 vos
1062 1237 1117 1268 Dii
1133 1236 1239 1268 facite
1257 1242 1292 1268 ut
1309 1238 1495 1278 impetret.'
1531 1238 1588 1269 Sic

883 1287 953 1327 ille,
976 1287 1122 1318 venerari
1144 1297 1206 1328 pro
1232 1287 1426 1318 venerando
1448 1298 1588 1328 poscere

883 1345 1071 1376 exponens.
1116 1337 1312 1367 Praeclare:
1356 1346 1423 1368 non
1454 1342 1586 1368 tantum

882 1386 972 1416 enim
991 1386 1129 1426 Quaeque
1146 1386 1327 1426 legendum
1351 1395 1424 1417 esse
1448 1386 1588 1418 demon-

881 1438 980 1474 strat,
997 1434 1056 1466 sed
1074 1435 1223 1476 Impetret
1244 1436 1345 1466 etiam
1364 1445 1425 1476 pro
1440 1436 1587 1477 Imperet.

880 1483 971 1525 quod
998 1485 1031 1515 in
1059 1484 1168 1516 tribus
1195 1485 1280 1516 Mss.
1309 1485 1437 1524 inveni,
1464 1496 1527 1518 uec
1552 1488 1586 1518 in

881 1533 1098 1574 paucioribus
1119 1534 1329 1566 Pulmannus
1350 1539 1387 1566 et
1406 1535 1588 1576 (sn-nquius.

882 1585 1058 1617 Germana
1081 1584 1188 1626 igitur
1215 1585 1317 1616 lectio
1338 1590 1410 1617 est:
1447 1586 1587 1627 Qua-que

880 1645 933 1667 vos
949 1636 1045 1667 bubus
1059 1639 1229 1667 veneratur
1242 1636 1324 1667 albis
1343 1637 1456 1667 Clarus
1469 1636 1587 1668 Auchi-

881 1696 926 1716 soe
954 1686 1140 1726 Venerisque
1161 1685 1289 1725 sanguis
1317 1686 1479 1725 Impetret.
1523 1687 1585 1717 Su-

881 1739 999 1774 perest
1022 1739 1060 1765 ut
1082 1734 1187 1766 verbo
1211 1734 1407 1765 ‘venerari’
1434 1735 1482 1766 sic
1510 1745 1587 1766 usos

883 1793 958 1815 esse
983 1788 1118 1816 veteres
1146 1784 1340 1824 probemus.
1386 1784 1462 1816 Nec
1483 1785 1587 1826 longe

883 1833 1043 1865 eundum.
1058 1834 1208 1865 occurrit
1220 1834 1309 1864 enim
1325 1834 1446 1865 Horat.
1460 1844 1499 1866 ιι.
1513 1835 1587 1866 Sat.

885 1887 937 1915 ll.
973 1885 1042 1915 ‘Et
1067 1889 1231 1915 venerata
1255 1884 1373 1924 Ceres,
1400 1885 1450 1915 uti
1475 1885 1586 1916 culmo

882 1938 1039 1975 surgeret
1055 1933 1150 1966 alto.'
1198 1933 1321 1974 Quique
1334 1944 1400 1975 υοε,
1414 1933 1484 1974 θα]
1509 1934 1587 1966 Cla-

882 1995 939 2017 rus
967 1986 1117 2026 sanguis,
1147 1986 1180 2016 id
1212 1991 1276 2024 est,
1306 1996 1389 2026 gens
1422 1987 1586 2026 Romana,

882 2036 1068 2076 posteritas
1091 2035 1248 2067 Anchisae
1271 2041 1308 2066 et
1327 2036 1483 2067 Veneris.
1529 2037 1587 2068 Al-

879 2085 942 2126 bis]
961 2086 1051 2118 Quia
1066 2084 1193 2126 Apollo
1206 2089 1241 2117 et
1253 2086 1366 2117 Diana
1377 2085 1480 2117 lucidi
1494 2092 1587 2126 sunt,

881 2135 968 2167 albae
983 2136 1131 2167 victimae
1145 2136 1187 2167 iis
1203 2137 1421 2167 conveniunt.

923 2188 966 2216 50
995 2185 1180 2227 Venerisque
1200 2186 1345 2227 sanguis]
1376 2187 1432 2218 Sic
1450 2187 1586 2228 Episto-

884 2237 916 2267 la
932 2236 974 2267 de
991 2236 1078 2268 Arte
1094 2247 1101 2268 :
1136 2239 1146 2254 ‘
1161 2237 1232 2268 Vos
1258 2247 1278 2268 ο
1299 2237 1489 2277 Pompilius
1512 2247 1586 2268 san-

881 2285 978 2326 guis!
1013 2286 1182 2328 Quodque
1197 2286 1277 2317 huic
1294 2287 1367 2318 loco
1385 2286 1490 2327 magis
1506 2297 1588 2318 con·

882 2337 988 2376 venit,
1003 2337 1064 2368 lib.
1087 2346 1140 2368 ιν.
1165 2336 1235 2367 Od.
1261 2340 1312 2368 15.
1344 2337 1585 2378 ¹Trojamque,

882 2389 918 2416 et
936 2385 1110 2417 Anchisen
1127 2391 1161 2418 et
1178 2388 1276 2417 almae
1298 2387 1504 2428 Progeniem
1521 2388 1587 2417 Ve-

882 2435 975 2465 neris
998 2435 1180 2467 canamus.’
1224 2437 1234 2453 ‘
1249 2437 1456 2477 Progeniem
1470 2436 1478 2449 ’
1501 2436 1586 2467 dicit

882 2484 972 2525 quod
989 2483 1045 2516 hic
1058 2486 1068 2501 ‘
1081 2485 1303 2525 sanguinem!
1327 2486 1469 2517 Torrent.

924 2536 964 2564 51
995 2534 1138 2565 Bellante
1163 2535 1265 2574 prior]
1299 2535 1461 2575 Superior
1488 2534 1584 2565 hoste

882 2584 1009 2616 bellum
1025 2583 1208 2616 inferente.

923 2637 966 2666 52
988 2635 1084 2667 Lenis
1106 2635 1141 2665 in
1163 2634 1296 2675 hostem]
1328 2634 1524 2667 Misericors
1548 2635 1583 2666 in

878 2685 1009 2718 hostem
1026 2685 1212 2717 devictum.

923 2739 964 2768 53
988 2737 1106 2768 Manus
1117 2734 1272 2778 potentes]
1303 2735 1498 2768 Potentiam
1515 2736 1581 2767 Ro-

880 2796 1023 2818 manam.

924 2839 964 2868 54
988 2835 1185 2878 Albanasque
1202 2836 1291 2868 timet
1304 2834 1439 2876 secures]
1474 2836 1581 2867 Roma

1419 2892 1436 2920 5
1463 2889 1496 2920 H
