1916 3262
562 243 915 277 EPISTULARUM
953 245 1045 276 LIB.
1077 245 1128 275 11.
1158 232 1599 275 2-1263

153 344 326 394 Pullos,
346 355 445 393 ova,
465 340 621 383 cadum
641 340 815 382 temeti:
846 353 1006 394 nempe
1026 338 1158 381 modo
1178 340 1263 381 isto

153 411 377 454 Paulatim
396 409 601 451 mercaris
623 421 786 460 agrum,
808 408 995 450 fortasse
1015 408 1237 456 trecentis,

153 478 251 520 Aut
269 478 402 520 etiam
419 488 568 530 supra,
588 488 863 516 nummorum
881 473 1073 515 millibus
1094 478 1275 514 emtum.
1515 471 1601 513 165

154 545 276 596 Quid
297 544 436 595 refert,
456 544 584 585 vivas
603 545 829 584 numerato
848 553 988 595 nuper
1009 553 1066 582 an
1086 541 1190 582 olim
1205 541 1225 582 ‘t

154 612 309 654 Emtor
326 611 494 654 Aricini
513 610 733 664 quondam
753 609 950 652 Veientis
971 613 1016 649 et
1038 608 1132 650 arvi

154 679 330 721 Emtum
351 682 498 721 coenat
517 678 632 728 olus,
653 677 855 731 quamvis
875 677 998 718 aliter
1017 679 1166 730 putat3
1198 675 1326 716 emtis

155 745 250 788 Sub
271 749 441 787 noctem
460 745 651 799 gelidam
669 745 799 799 lignis
820 743 1055 786 calefactat
1076 742 1261 795 aenum3

155 813 246 855 Sed
266 817 397 855 vocat
412 825 556 865 usque
576 825 718 862 suum,
736 825 823 866 qua
841 812 1034 866 populus
1053 811 1202 852 adsita
1222 809 1355 851 certis
1516 808 1602 850 170

154 880 389 922 Limitibus
407 879 555 922 vicina
573 879 733 932 refugit
745 879 916 933 jurgia3
944 882 1151 933 tanquam

155 947 227 989 Sit
245 947 474 1001 proprium
496 946 752 1000 quicquam,
773 953 938 1000 puncto
959 945 1078 999 quod
1097 944 1277 986 mobilis
1295 946 1416 987 horae

155 1013 290 1057 Nunc
310 1026 456 1068 prece,
476 1026 588 1055 nunc
610 1013 765 1068 pretio,
783 1026 901 1055 nunc
922 1014 984 1064 vi,
1000 1025 1116 1054 nunc
1138 1016 1255 1054 sorte
1278 1024 1496 1067 suprema,

152 1155 266 1194 pulloe,
285 1165 355 1194 ova,
374 1157 484 1187 cadum
499 1156 566 1187 vini
575 1166 587 1193 ,·
609 1154 658 1187 ita
672 1154 818 1186 nimirum
836 1153 990 1195 paulatim
1005 1154 1080 1184 emis
1095 1162 1208 1192 agrum
1221 1153 1308 1191 sorte
1321 1152 1457 1183 millibus
1469 1160 1606 1182 nummo·

157 1205 227 1228 rum
241 1198 388 1230 trecentis
407 1199 455 1229 vel
477 1198 608 1238 amplius
621 1200 844 1236 comparatum.
880 1196 965 1231 Quid
981 1196 1123 1235 interest,
1136 1205 1189 1226 seu
1206 1205 1301 1235 nuper
1315 1205 1368 1226 seu
1381 1196 1496 1226 drictum
1509 1194 1607 1224 soluto

157 1239 246 1270 vivas
255 1243 268 1270 ,⁹
311 1240 478 1271 Possessor
492 1244 578 1271 vetus
591 1240 664 1279 agri
684 1239 825 1272 Veientis
840 1242 871 1269 et
885 1237 1012 1269 Aricini
1027 1242 1140 1268 emtum
1159 1238 1291 1268 comedit
1305 1239 1382 1276 olus,
1397 1236 1534 1277 quamvis
1547 1235 1608 1266 ali-

157 1284 206 1312 ter
220 1281 392 1321 existimet,
413 1283 505 1313 emtis
528 1282 625 1321 lignis
638 1281 748 1312 aenum
762 1279 906 1317 calefacit
921 1280 977 1310 sub
991 1284 1109 1310 noctem
1123 1279 1292 1317 frigidam.
1335 1279 1436 1318 Atqui
1450 1288 1538 1308 suum
1552 1287 1607 1316 up-

154 1324 251 1363 pellae
269 1333 361 1364 usque
383 1325 424 1354 ad
444 1325 587 1362 poputum
600 1323 700 1360 juxta
718 1323 904 1360 plantatam,
926 1330 997 1359 quoe
1008 1321 1102 1351 certis
1115 1321 1236 1359 finibus
1248 1321 1371 1350 dirimit
1384 1321 1608 1350 controversias

156 1365 336 1397 vicinorum.
385 1365 485 1399 Quasi
506 1373 576 1394 vero
595 1365 756 1403 proprium
779 1362 874 1392 alicui
899 1362 955 1401 sit,
977 1363 1057 1401 quod
1083 1360 1234 1392 momento
1246 1362 1335 1402 fluxi
1349 1361 1498 1401 temporis
1509 1363 1608 1391 mutet

155 1406 293 1439 dominos
304 1410 335 1438 et
348 1406 382 1439 iu
396 1405 526 1438 alterius
543 1405 763 1447 possessionem
779 1407 933 1444 transeat,
947 1404 996 1435 vel
1013 1403 1169 1446 precibus,
1184 1404 1233 1436 vel
1247 1405 1390 1439 emtione,
1405 1404 1453 1436 vel
1470 1412 1526 1444 per
1540 1402 1609 1434 vio-

763 1500 782 1512 O
786 1499 961 1512 “OOOOOOO
965 1498 1002 1511 ‘O

157 1567 190 1599 2.
206 1571 243 1599 et
258 1567 436 1600 Barberin.
451 1569 590 1599 2.—167
613 1566 760 1599 chisian.
775 1570 808 1599 5.
822 1568 955 1608 quando.
1000 1565 1158 1607 Quinque
1172 1575 1227 1606 ap.
1241 1566 1358 1601 Feam,
1371 1564 1515 1605 quoniam
1526 1573 1539 1600 ,·
1563 1562 1610 1594 ita

157 1609 214 1641 'alii
231 1610 315 1641 Mes.
332 1610 422 1650 apud
438 1610 540 1651 Cruq.
555 1611 653 1640 Torr.
668 1610 797 1641 Combe
812 1619 823 1648 ς
846 1609 1026 1650 adoptavit
1041 1608 1223 1649 Cruquius‚
1238 1608 1355 1639 laudat
1371 1608 1405 1638 in
1422 1607 1609 1637 notaTor1·.

158 1651 273 1693 rejicit
287 1653 384 1685 Talb.
400 1653 517 1684 Bene:
541 1654 693 1693 quondam
708 1652 827 1683 melius
840 1652 1026 1692 respondet
1042 1651 1224 1682 sententiae
1241 1650 1441 1682 Horatianae
1459 1649 1494 1679 in
1510 1657 1610 1688 supe-

158 1693 240 1726 riori
256 1703 366 1731 versu,
379 1704 489 1735 nuper,
503 1704 544 1725 an
557 1696 652 1725 olim:
675 1699 710 1724 et
726 1703 846 1725 sensus
863 1699 936 1724 est:
959 1693 1036 1728 Ille,
1052 1693 1107 1732 qni
1125 1692 1200 1732 jam
1226 1702 1246 1723 a
1270 1693 1387 1722 multis
1411 1690 1506 1722 annis
1527 1691 1611 1720 emit

159 1745 274 1775 agrum
291 1736 479 1774 Aricinum,
495 1741 531 1766 et
540 1736 719 1767 Veientem
733 1747 744 1774 ;
757 1736 843 1767 vivit
858 1740 1046 1774 numerato,
1062 1734 1096 1765 id
1113 1739 1178 1772 est,
1189 1734 1272 1765 emit
1289 1734 1376 1772 olus,
1392 1742 1459 1773 quo
1477 1737 1586 1763 coenet
1600 1743 1610 1770 ;

161 1782 199 1810 et
211 1778 312 1817 ligna,
326 1778 446 1819 quibus
462 1777 643 1809 calefaciat
658 1778 778 1819 hyeme
795 1778 936 1808 ahenum
952 1786 962 1815 ;
978 1786 1043 1807 non
1059 1775 1203 1815 dapibus
1215 1776 1363 1812 ineuntis,
1376 1774 1483 1805 utine
1500 1773 1611 1813 Epod.

163 1827 204 1850 1¹.
219 1822 273 1852 48.
297 1824 333 1851 et
349 1827 461 1851 tamen
477 1819 563 1849 dicit
578 1828 675 1849 surum
692 1828 791 1850 omne
808 1822 911 1849 terrae
928 1818 1089 1858 spatium,
1104 1817 1194 1857 quod
1219 1818 1292 1857 ipse
1317 1816 1506 1852 arboribus,
1522 1816 1613 1856 sepi-

162 1861 241 1901 bns,
270 1861 325 1892 vel
355 1861 421 1892 aiio
457 1860 558 1892 modo
595 1861 804 1900 terminavit,
841 1860 989 1892 secrevit
1017 1861 1060 1890 ab
1087 1859 1162 1890 aliis
1192 1857 1468 1899 possessoribus!
1492 1858 1612 1890 Fen.—

163 1906 227 1934 168
249 1903 431 1943 Bumberg.
444 1903 652 1934 bolum—169
674 1903 870 1934 Sanadonus
885 1912 928 1934 ex
953 1901 1088 1942 ingenio
1101 1901 1355 1941 gelidum—171
1380 1899 1550 1932 wieland.
1565 1899 1614 1930 ci·

162 1945 239 1977 cini.
262 1945 377 1977 Bentl.
391 1954 435 1976 ex
451 1944 553 1976 codd.
570 1945 688 1976 Lamb.
701 1951 738 1976 et
752 1944 890 1976 Talbot.
916 1944 1037 1986 refigit,
1052 1943 1141 1984 quod
1167 1947 1371 1984 receperunt
1392 1951 1492 1973 anon.
1519 1942 1611 1981 Traj.

164 1988 206 2018 ad
224 1987 331 2020 Rhen.
342 1989 437 2019 1713.
448 1987 594 2026 Cuning.
607 1987 732 2018 Sanad.
748 1987 896 2018 Mervill.
912 1987 1002 2018 Phil.
1011 1985 1164 2024 Sandby‚
1175 1985 1308 2016 Valart.
1320 1985 1462 2024 Dorigh.
1473 1983 1610 2014 Wakef.

163 2034 202 2060 et
216 2029 428 2061 indm—1⁷2
450 2027 554 2059 Aidd.
571 2031 601 2061 1.
617 2031 650 2059 2.
665 2031 696 2059 3.
718 2029 842 2060 Venet.
859 2031 955 2059 1546.
979 2033 1015 2059 et
1030 2028 1162 2067 Gryph.
1179 2030 1272 2058 1566.
1287 2027 1437 2067 cuiquam.
1469 2025 1612 2056 Refutat

162 2071 428 2104 Turrem—173
440 2070 537 2102 Hunc
546 2080 638 2112 prece
652 2080 738 2102 unus
753 2071 900 2103 Barthii.
924 2073 1007 2102 sorte
1021 2079 1162 2111 suprema
1177 2068 1286 2101 Aldus
1298 2071 1392 2101 1501.
1406 2070 1501 2101 1509.
1516 2070 1611 2101 1519.

814 2165 956 2199 No'rAE

164 2242 242 2265 rnen
257 2231 364 2273 magis
378 2231 542 2264 dicendus
563 2241 600 2264 es
621 2231 788 2272 dominus,
802 2230 859 2262 cui
960 2229 1114 2271 Veientis]
1137 2229 1215 2262 Veii
1230 2228 1310 2261 urbs
1327 2229 1515 2262 Hetruriae.

165 2280 297 2315 'fruetus
313 2281 384 2314 fert
405 2291 498 2323 ager,
513 2287 550 2314 et
568 2281 623 2314 eui
643 2282 776 2313 laborat
797 2281 859 2313 vil·
957 2283 1019 2312 168
1043 2280 1193 2316 Quamvis
1213 2280 1308 2311 aliter
1329 2279 1437 2321 putat]
1461 2280 1540 2311 Non
1558 2284 1613 2311 est

167 2333 264 2365 licus.
913 2331 1003 2371 quod
1019 2330 1146 2361 inemta
1161 2329 1257 2361 dicat
1271 2330 1345 2361 olus
1362 2335 1398 2361 et
1412 2330 1514 2370 ligna.
1538 2329 1612 2360 Sci-

210 2385 274 2414 166
298 2383 470 2416 Numerata
491 2391 587 2422 nuper
610 2392 651 2413 an
669 2381 760 2423 olim]
792 2380 860 2414 Qui
912 2381 996 2413 licet
1012 2389 1128 2411 eorum
1149 2380 1229 2411 olim
1255 2379 1400 2420 pretium
1421 2379 1613 2410 numeravit

167 2441 285 2471 agrum
301 2437 480 2471 mercatur,
492 2430 624 2464 fructus
639 2431 774 2474 quidem
787 2431 861 2462 uni·
915 2435 952 2461 et
968 2429 1081 2468 solvit,
1097 2428 1233 2471 quaudo
1258 2438 1358 2469 agros
1381 2429 1493 2460 soluta
1511 2437 1614 2469 pecu-

167 2489 285 2512 verzoa
300 2483 482 2520 praesentes
494 2485 531 2512 et
541 2480 672 2512 futuros
684 2481 767 2512 emit
780 2480 863 2512 dato
915 2480 972 2511 nia
987 2478 1082 2514 emit.

167 2530 274 2563 semel
288 2529 422 2570 integro
435 2530 563 2569 pretio:
580 2531 730 2571 quivero
745 2540 863 2562 neces·
959 2531 1023 2560 170
1044 2527 1108 2559 Sed
1121 2531 1316 2568 vocatusque
1330 2537 1430 2566 suum,
1443 2525 1511 2566 ἐγὼ]
1527 2525 1614 2558 Pro-

170 2578 314 2613 sarioain
323 2578 411 2610 diem
419 2577 551 2610 fructus
559 2583 863 2620 mercatur-,agrum
916 2577 1032 2618 lepsis.
1054 2576 1142 2608 Vide
1157 2585 1199 2608 11.
1212 2577 1284 2609 Sat.
1299 2580 1332 2608 2.
1349 2576 1410 2608 sub
1425 2575 1540 2609 finem.

170 2629 255 2661 emit
270 2628 434 2670 paulatim
445 2630 619 2661 numerato
634 2629 745 2669 pretio
755 2634 791 2661 et
803 2638 864 2670 per
961 2632 1023 2662 173
1047 2629 1140 2660 Nunc
1158 2638 1263 2669 prece,
1283 2627 1351 2668 ἔγω]
1375 2628 1532 2661 Quatuor
1545 2627 1614 2659 ista

169 2685 285 2723 partes
298 2679 391 2711 dato.
919 2685 996 2712 sunt
1011 2688 1082 2710 rem
1098 2678 1254 2718 capiendi
1270 2687 1414 2719 genera:
1435 2687 1537 2718 prece,
1551 2686 1613 2718 per

216 2732 277 2764 167
300 2728 441 2772 Aricini]
463 2727 579 2762 Aricia
594 2727 790 2772 oppidulum
803 2729 867 2763 La·
919 2727 1134 2761 donationem
1146 2727 1316 2768 precibus,
1327 2725 1462 2768 officiis,
1473 2731 1532 2758 ant
1547 2727 1613 2758 alia

172 2779 224 2815 tu.
919 2778 1050 2811 ratione
1067 2782 1258 2819 captatam:
1272 2777 1375 2820 pretio
1389 2777 1552 2811 emtione:
1569 2778 1614 2818 vi,
