1930 3204
661 275 871 307 HORATu
906 277 1047 307 EPOD.
1079 276 1132 308 X.

209 374 247 403 12
281 371 382 404 Graio
409 371 562 404 victorum
586 369 710 410 monus]
747 368 856 400 Quam

163 420 276 453 Gra=ci
310 421 472 460 victores,
498 428 638 461 quorum
663 417 856 458 complures

161 469 336 509 naufragio
351 471 539 511 perierunt.

206 521 247 551 13
270 519 393 560 Pauus]
418 519 544 551 Notum
569 516 722 549 omnibus
744 516 858 549 foedis-

162 569 284 602 simum
314 569 396 602 illud
427 570 626 601 Graecorum
662 567 779 599 classis
815 567 858 599 sd

160 624 309 652 montem
331 618 472 650 Euboiae
489 617 697 658 Capbareum
725 616 858 648 naufra-

161 668 408 709 gium,-partim
426 667 567 708 Nauplii
593 665 683 708 dolo,
699 666 743 698 ob
769 667 858 698 occi-

160 728 236 750 sum
250 718 355 750 filium
375 716 611 755 Palamedem3
635 716 761 756 partim
779 717 858 748 Pal-

159 767 247 799 ladis
263 768 324 803 ira,
345 767 389 798 ob
406 771 592 807 stupratam
609 765 653 796 ab
671 764 778 806 Ajace
796 766 857 797 Oi-

159 818 214 848 leo
230 819 265 849 iu
282 818 367 849 Deae
382 817 508 858 templo
521 815 757 848 Cassandram.
783 817 857 848 Tor-

157 870 239 899 rent.

201 918 242 948 14
265 917 305 948 In
333 916 461 958 impiam
481 916 591 956 Ajacis
617 916 730 956 rotem]
769 915 856 956 Ajax

158 966 384 999 Cassandram
402 966 570 998 Minervae
595 965 797 1011 supplicem,
821 967 854 996 in

157 1017 230 1057 ejus
260 1018 390 1057 templo
427 1022 655 1057 stupraverat.
721 1016 855 1056 Impiom

158 1065 270 1104 Aiacis
298 1066 415 1108 ratem]
453 1067 508 1098 Sic
534 1066 669 1107 quidem
695 1071 730 1097 et
756 1066 853 1107 Virg.

156 1115 286 1146 ‘Unius
315 1114 361 1146 ob
386 1124 524 1155 noxam,
550 1119 586 1145 et
612 1113 716 1145 furias
740 1114 855 1155 Ajacis

159 1164 274 1204 Oilei:
297 1164 489 1196 universam
519 1165 660 1196 classem
693 1162 852 1195 afflictam

157 1213 405 1255 disjectamque
421 1214 534 1252 canit;
559 1213 619 1244 sed
641 1223 684 1244 ne
708 1213 762 1245 cui
778 1213 857 1244 Dea

157 1264 200 1295 ob
227 1264 291 1295 boc
322 1263 429 1295 videri
463 1267 581 1304 posset
613 1263 771 1304 iniquior,
798 1263 855 1295 alii

156 1312 274 1355 Ajacis
289 1314 398 1355 culpas
423 1313 570 1344 Palladii
586 1322 605 1344 e
621 1313 748 1353 templo
766 1313 854 1353 rapti

156 1362 200 1394 ab
215 1364 339 1404 Ulysse
361 1368 398 1394 et
410 1362 590 1397 Diomede,
617 1362 854 1402 applaudenti-

156 1412 221 1444 bus
237 1413 362 1444 ceteris
371 1412 516 1452 Graecis,
532 1411 662 1444 crimen
675 1410 851 1452 adjiciunt.

157 1462 300 1495 Torrent-

196 1514 237 1543 15
265 1514 294 1543 0
307 1512 456 1552 quantus]
474 1510 691 1552 Apostrophe
708 1510 851 1542 Po'etica

154 1560 198 1592 ad
220 1561 397 1594 Maevium.
443 1560 549 1592 Sudor
577 1560 654 1600 tuis]
678 1560 792 1591 Labor
815 1564 851 1591 et

153 1614 266 1643 metus
291 1614 436 1652 propter
455 1614 697 1652 tempestatem
721 1610 851 1650 impen-

154 1659 305 1692 dentem.

197 1713 240 1742 16
260 1710 394 1750 Lutea-s]
419 1711 522 1742 Color
537 1719 678 1741 croceus
694 1718 737 1739 ex
758 1708 852 1739 fulvo

154 1758 349 1800 pallidoque
369 1764 541 1793 constans,
564 1759 612 1789 sic
637 1757 748 1789 dictus
768 1767 787 1787 a
804 1758 854 1788 lu-

155 1811 213 1838 teo
227 1807 331 1838 herba
352 1807 386 1837 in
402 1808 500 1847 cnjus
517 1807 645 1837 vertice
661 1805 763 1837 flores
774 1806 857 1836 emi-

155 1860 235 1887 cant
271 1856 367 1887 lutei.
426 1856 515 1896 [Tibi
550 1866 641 1896 quum
675 1855 774 1887 codd.
796 1864 854 1897 ap.

154 1905 295 1947 Jaeck.]

201 1958 240 1987 17
267 1955 311 1986 Ec
322 1955 377 1987 ina
391 1965 454 1986 non
469 1955 586 1996 virilis]
611 1955 776 1987 Planctus
790 1954 852 1986 foe-

154 2004 370 2045 minens-prae
385 2005 507 2036 timore
523 2005 705 2046 naufragii.
750 2006 759 2022 ‘
771 2006 853 2046 Eju-

155 2053 240 2084 latio
265 2058 319 2084 est
348 2053 560 2085 soeminarum
585 2055 725 2093 clamor,
740 2058 775 2085 et
799 2063 856 2094 ge-

153 2102 256 2134 mitus
288 2103 449 2142 virorum,
478 2104 610 2143 vagitus
640 2102 847 2134 infantium!

155 2153 228 2183 Non
251 2152 355 2184 virilis
378 2151 520 2191 ejulatio]
546 2152 649 2184 Liber
666 2153 850 2184 vetustissi-

150 2211 224 2235 mus
238 2202 400 2241 euiulatio,
412 2206 447 2233 et
459 2211 539 2233 mox
554 2203 718 2233 adversum
727 2202 848 2234 Jovem.

152 2252 198 2283 Et
222 2252 285 2283 viri
309 2252 445 2294 quidem
461 2252 599 2283 excelso
629 2252 740 2283 animo
763 2261 849 2293 prae-

152 2301 230 2341 diti,
252 2306 288 2333 ut
312 2301 448 2332 HeroEs
472 2301 520 2332 illi
544 2300 692 2340 Poetici,
719 2302 848 2333 nullum

153 2359 253 2391 aque
278 2349 397 2381 mortis
423 2359 527 2390 genus
554 2360 594 2381 ac
624 2359 686 2390 per
713 2350 848 2381 naufra-

153 2399 244 2439 gium
260 2398 532 2430 detestabantur.

197 2450 236 2479 18
259 2447 415 2479 Aversum
435 2450 476 2479 ud
492 2447 618 2488 Jovem]
656 2446 709 2479 Ad
726 2447 848 2480 Jovem

154 2506 275 2538 preces
294 2505 360 2528 non
377 2497 584 2536 audientem,
600 2498 654 2529 vel
669 2498 806 2529 iratum.

198 2550 240 2579 19
263 2547 370 2578 Ionius
389 2548 448 2578 udo
468 2557 538 2578 cum
559 2549 736 2587 remugiens
747 2547 850 2589 sinus]

152 2598 194 2628 In
212 2602 359 2639 quatuor
373 2596 622 2637 exemplaribus
636 2597 709 2628 sinu
732 2598 850 2628 scribi—

153 2652 233 2687 tur3
254 2646 345 2688 quod
373 2646 454 2677 mihi
484 2655 563 2677 sane
593 2655 659 2677 non
682 2647 850 2687 displicet.

154 2698 225 2730 Cur
251 2697 340 2728 enim
364 2705 431 2727 non
462 2695 616 2727 absolute
634 2695 740 2727 [onius
760 2696 851 2728 dica·

152 2756 238 2786 mus,
250 2750 288 2777 ut
306 2745 448 2786 Hadria,
469 2745 638 2784 Avernus,
666 2746 852 2778 Lucrinus?

153 2797 243 2831 Quin
258 2796 353 2834 illud,
365 2797 441 2828 udos
451 2796 504 2828 inu
517 2796 701 2836 remugiens,
713 2806 851 2837 prorsus

1503 267 1616 310 1559

912 367 1084 408 poeticum
1109 370 1189 406 est;
1216 369 1255 398 ut
1277 366 1400 397 ‘Ionio
1424 366 1459 396 in
1474 370 1615 408 magno’

911 418 1086 457 Virgilius.
1129 416 1299 457 Cruquius
1323 415 1508 457 legendum
1535 427 1614 448 ceu-

911 470 977 505 set,
1001 466 1112 497 Ionius
1153 466 1213 496 udo
1241 475 1309 497 cum
1338 465 1518 504 remugiens
1543 467 1614 498 sinu

913 516 1027 546 Notus.
1071 516 1155 546 Tum
1171 515 1261 556 quod
1287 515 1343 546 hic
1358 520 1481 546 ventus
1500 515 1614 548 Notus

912 573 955 595 ex
977 564 1074 595 Ionia
1095 564 1273 604 primarius
1305 564 1364 603 sit,
1387 564 1614 596 vehementis-

910 614 995 645 sime
1018 614 1052 644 in
1082 613 1296 645 Adriaticum
1322 613 1463 654 pelagus
1485 613 1614 645 incum-

911 664 1016 696 bens:
1041 669 1110 695 tum
1130 665 1218 705 quod
1234 665 1363 697 Notum
1383 670 1559 706 precetur,
1575 670 1615 698 ut

912 714 979 746 udo
997 714 1072 745 sinu
1087 715 1250 751 velorum,
1273 715 1401 755 impetu
1419 715 1614 747 vehementi

911 763 1070 805 dissipet,
1091 768 1295 805 rumpatque
1323 774 1443 795 navem
1472 774 1539 805 qua
1556 774 1614 796 ve-

910 812 1000 844 hitur
1012 813 1171 844 Maevius.
1188 814 1276 845 Torr.
1312 814 1421 845 Ionius
1433 815 1493 845 udo
1503 815 1612 855 quum]

911 864 995 895 Cum
1019 863 1216 896 Adriaticus
1238 865 1344 906 sinus,
1371 865 1508 896 humido
1524 864 1613 896 Aus-

911 917 965 944 tro
988 923 1080 954 saepe
1108 924 1332 955 murmurans,
1359 924 1481 946 navem
1499 914 1613 956 frege-

911 965 967 995 rit.
1013 964 1205 1003 Remugiens
1225 964 1328 1005 sinus]
1352 964 1510 1003 Metaph.
1526 970 1579 996 est
1594 974 1613 995 a

910 1011 1030 1044 bobus.
1097 1013 1204 1044 Ionius
1238 1014 1299 1044 udo
1333 1022 1402 1044 cum
1436 1013 1615 1051 remugiens

908 1062 994 1102 sinu]
1016 1063 1115 1094 Dixit
1131 1063 1250 1098 Ionius,
1277 1072 1338 1103 pro
1354 1063 1488 1094 Ionium
1506 1072 1612 1099 mare,

909 1112 1108 1144 Graecorum
1147 1122 1253 1149 more,
1284 1112 1405 1153 quibus
1427 1111 1535 1144 Ἰόνιος
1558 1117 1614 1145 est

907 1160 1180 1200 Ἰόνιονπέλαγος.
1227 1163 1272 1193 Et
1286 1162 1333 1192 ita
1349 1161 1485 1193 videtur
1508 1162 1613 1194 ovid.

908 1211 1015 1244 Trist.
1052 1221 1087 1243 v.
1126 1214 1178 1243 14.
1216 1211 1343 1242 dixisse
1388 1213 1397 1229 ‘
1420 1211 1611 1244 Geticusz'

910 1261 919 1278 ‘
933 1261 1032 1292 Hanc
1049 1266 1127 1292 tuus
1141 1270 1160 1291 e
1175 1261 1301 1292 Getico
1312 1261 1419 1293 mittit
1438 1262 1499 1293 tibi
1515 1263 1611 1294 Naso

908 1310 1073 1341 salutem.’
1097 1311 1168 1342 Cur
1183 1316 1296 1342 aunem
1307 1312 1516 1352 Tempestati
1534 1322 1612 1352 pro-

907 1359 1014 1390 mittit
1033 1368 1188 1398 caprum,
1215 1369 1318 1400 quum
1343 1361 1477 1400 nigram
1508 1371 1608 1392 ovem

907 1409 979 1448 ejus
1009 1409 1153 1439 hostiam
1184 1407 1288 1440 fuisse
1317 1411 1476 1441 constet?
1506 1410 1610 1450 Puto,

906 1468 972 1489 nou
988 1459 1032 1490 ob
1045 1459 1144 1490 aliam
1157 1469 1306 1499 causam,
1322 1469 1419 1501 quam
1436 1464 1474 1492 ut
1485 1460 1609 1492 faetens

906 1508 1019 1540 liostia
1033 1509 1136 1540 olenti
1154 1510 1282 1540 Maevio
1298 1510 1513 1542 conveniret.
1553 1510 1608 1542 Ita

906 1559 994 1589 enim
1018 1563 1139 1590 vocat:
1174 1559 1184 1576 ⁴
1202 1559 1330 1591 Ferens
1351 1560 1498 1591 olentem
1522 1561 1610 1591 Mae·

907 1607 1018 1638 vium-⁹
1062 1608 1130 1639 Sed
1162 1618 1225 1640 cur
1248 1610 1258 1627 ‘
1276 1609 1450 1642 olentem'
1481 1611 1609 1642 vocat?

907 1657 1021 1688 Credo
1050 1663 1191 1697 propter
1232 1659 1460 1690 obsoletornm
1489 1659 1610 1691 verbo·

907 1714 994 1744 rum,
1022 1716 1095 1746 quae
1127 1705 1324 1745 affectabat,
1346 1711 1384 1738 ut
1414 1707 1522 1738 Divus
1538 1707 1607 1739 Au-

908 1758 1022 1793 gustus
1045 1755 1207 1795 loquitur,
1224 1754 1377 1787 faetores.
1423 1755 1553 1787 Auctor
1571 1757 1610 1787 li-

908 1801 1044 1835 beni'de
1060 1805 1178 1836 Causs.
1193 1809 1365 1846 corruptae
1379 1805 1606 1847 eloquentiae:

906 1853 916 1870 ⁴
934 1853 1100 1885 Quaedam
1119 1864 1200 1885 vero
1216 1855 1334 1895 procul
1351 1860 1544 1895 arceantur,
1569 1861 1608 1888 ut

900 1902 973 1943 jam
983 1902 1168 1934 obliterata
1180 1909 1213 1934 et
1230 1903 1384 1935 olentia.'
1410 1904 1563 1944 Ruegers.

947 1955 988 1984 21
1017 1953 1131 1993 Opima
1147 1955 1228 1993 quod
1253 1954 1283 1985 si
1295 1953 1420 1994 proedu]
1443 1953 1496 1985 Ad
1514 1955 1609 1996 ‘opi-

906 2013 961 2034 ma
984 2002 1115 2043 spolia'
1146 2003 1278 2042 alludit,
1305 2004 1439 2044 opinor,
1468 2008 1504 2036 ut
1525 2005 1609 2037 nihil

905 2053 1030 2093 mergis
1077 2054 1275 2092 contingere
1321 2053 1428 2092 possit
1473 2054 1608 2095 melius,

907 2112 1004 2143 quam
1022 2102 1149 2133 nudum
1173 2102 1344 2143 abjectum
1367 2103 1531 2134 Maevium
1547 2103 1608 2134 de·

904 2161 1058 2192 pascere.
1090 2153 1203 2192 Opima
1225 2153 1306 2192 quod
1322 2153 1351 2183 si
1363 2154 1487 2194 praeda]
1505 2153 1605 2186 Quod

903 2202 988 2233 situ
1015 2201 1107 2233 facto
1137 2201 1314 2243 naufragio
1345 2203 1379 2234 in
1409 2203 1507 2235 littus
1536 2204 1605 2234 eris

903 2251 1046 2292 ejectus,
1065 2253 1189 2293 mergis
1216 2252 1334 2293 praeda
1357 2253 1492 2294 pinguis
1520 2253 1606 2284 exis-

903 2307 988 2333 tens.

943 2354 986 2382 22
1010 2352 1162 2383 Porrecto
1177 2352 1315 2393 mergos]
1339 2353 1439 2384 More
1453 2357 1604 2385 mortuo-

902 2411 974 2432 rum
1007 2402 1123 2441 praeda
1143 2407 1295 2434 extenta.
1338 2402 1482 2442 Juverit]
1508 2404 1604 2436 Quos

902 2451 1039 2481 codices
1069 2451 1238 2483 invenerit
1264 2452 1384 2484 Lamb.
1409 2453 1464 2492 qui
1480 2451 1606 2489 juveris

902 2500 1063 2540 babeant,
1076 2501 1214 2532 nescio:
1238 2501 1345 2532 nostri
1362 2501 1471 2532 ferme
1487 2510 1604 2531 omnes

890 2549 1023 2587 juverit.
1070 2548 1115 2579 Et
1141 2549 1307 2580 concinna
1325 2554 1379 2580 est
1407 2550 1480 2579 liaec
1496 2554 1604 2580 muta-

903 2599 966 2636 tio,
994 2597 1126 2629 Ferutur
1149 2607 1282 2638 oequore,
1310 2597 1438 2637 Tibique
1455 2598 1555 2637 pallor
1567 2603 1604 2630 et

895 2648 1027 2686 juverit.
1084 2647 1228 2687 Juveris]
1273 2648 1415 2679 Paveris
1457 2657 1603 2689 mergos,

906 2707 985 2729 aves
1010 2698 1156 2729 marinas
1185 2707 1205 2729 a
1233 2695 1401 2729 facilitate
1428 2697 1603 2738 mergendi

906 2748 954 2779 sic
970 2747 1170 2779 nominatas.

948 2801 990 2829 23
1014 2798 1211 2829 Libidinosa
1253 2796 1476 2836 immolabitur]
1522 2796 1601 2828 Non
