1904 3216
478 332 687 364 HoRA'rn
723 332 1004 365 SERMONUM
1042 333 1135 365 mn.
1167 334 1220 364 11.
1249 324 1291 365 3.

155 426 318 459 vescendi
335 435 452 458 caussa
467 427 501 458 in
517 427 644 459 Urbem
661 432 760 459 erant
774 427 858 458 alla-

156 484 204 510 ta.
249 479 373 521 Itaque
398 478 442 510 ab
464 479 576 511 altero
595 478 790 513 Macellum,
813 478 856 509 ab

154 530 265 560 altero
291 528 403 561 sorum
435 529 621 570 Cupedinis
649 528 856 568 appellatum

154 579 233 611 est!
259 580 403 612 Tou—rent.
450 580 530 611 Cum
546 578 692 619 Velabro]
716 578 856 610 Dictum

153 633 268 661 sutem
284 629 471 662 Velabrum
488 630 542 661 vel
557 639 576 660 a
591 627 748 667 velando,
764 627 855 670 quod

153 679 240 710 viam
257 679 300 711 ad
313 679 572 720 hippodromum
583 677 753 709 ferentem
770 687 788 709 e
806 677 854 709 fo-

152 738 205 769 ro,
221 730 304 762 velis
316 730 350 762 iu
362 730 442 772 ipsis
459 729 547 762 ludis
561 728 753 761 obtendere
768 729 853 760 sole·

151 778 259 819 bant;
282 780 338 812 vel
366 789 385 812 a
402 778 578 818 vehend03
601 787 678 809 nam
694 778 773 809 olim
796 787 854 818 pa-

150 828 286 861 ludibus
314 828 504 861 Aventinus
533 837 628 860 mous
658 837 678 859 a
714 827 853 868 reliquis

151 884 226 910 erat
253 878 433 911 disclusus.
477 878 602 919 Itaque
631 886 672 909 eo
697 886 740 909 ex
770 877 853 908 urbe

147 927 274 970 (inquit
293 929 403 961 Varro
425 928 468 960 de
484 929 582 969 Ling.
609 929 683 959 Lat.
706 927 767 958 lib.
783 925 853 968 ιν.)

149 977 206 1019 qui
219 977 478 1011 advehebantur
491 978 621 1009 ratibus
629 977 853 1019 quadrantem

149 1027 341 1070 solvebant,
352 1027 443 1070 quod
461 1027 504 1059 de
520 1037 610 1068 aqua
626 1032 697 1059 tum
714 1027 853 1059 diceba-

150 1081 208 1108 tur
237 1078 447 1117 Velabrum;
470 1082 506 1109 et
539 1077 631 1109 uude
663 1077 852 1109 descende·

150 1126 235 1159 baut
249 1127 292 1159 ad
309 1128 410 1160 imam
432 1137 554 1160 novam
570 1127 671 1168 viam,
691 1128 784 1159 locus
799 1138 851 1159 sa·

149 1186 209 1208 cer
237 1177 436 1210 Velabrum.
468 1178 563 1220 Cruq.
611 1179 691 1210 Cum
722 1178 852 1211 Velabro

149 1227 253 1269 omne]
277 1227 462 1260 Velabrum
491 1228 586 1260 locus
616 1233 692 1260 erat
719 1228 853 1268 Romae,

147 1277 182 1309 iu
208 1288 276 1320 quo
299 1279 498 1313 habitabant
524 1280 755 1322 unguentarii.
778 1281 851 1312 Μα-

147 1329 272 1371 cellum]
296 1330 406 1363 Locus
425 1331 579 1372 publicus
605 1331 753 1363 obsoniis
770 1340 850 1363 veu-

147 1377 270 1411 dendis
285 1380 576 1414 accommodatus.

191 1429 272 1470 [230
293 1429 375 1462 Vat.
392 1430 503 1462 Palat.
526 1434 560 1463 6.
581 1431 649 1463 duo
665 1431 765 1464 codd.
792 1441 849 1473 ap.

145 1477 311 1511 Torreat.
326 1480 409 1511 item
425 1480 507 1513 edd:
517 1481 660 1522 Cuning.
672 1486 709 1513 et
722 1481 848 1514 Sanad.

146 1529 223 1568 qaia
242 1529 336 1563 nin.
361 1530 443 1562 Vat.
473 1530 572 1563 Rom.
598 1534 631 1564 9.
659 1532 735 1573 quid
763 1535 848 1564 tunc.

147 1577 248 1610 Vatt.
264 1581 296 1611 9.
310 1583 347 1610 et
363 1582 416 1612 13.
430 1582 505 1621 quid
520 1580 583 1621 tw]

189 1627 268 1669 [2³1
294 1628 372 1659 Vat.
390 1631 443 1660 1³.
460 1630 608 1671 quidquid
622 1630 754 1670 eorm-J

187 1678 251 1708 233
286 1677 425 1719 AEquus]
471 1678 710 1711 Nomentanus
747 1690 846 1722 aequo

145 1726 258 1760 animo
295 1729 484 1760 orationem
525 1729 658 1760 lenonis
693 1729 847 1762 audieus.

145 1777 244 1818 [Vat.
259 1779 311 1808 10.
325 1777 424 1809 Vatt.
441 1778 539 1810 Rom.
555 1780 585 1809 l.
597 1781 630 1809 2.
646 1783 683 1810 et
698 1779 847 1810 Cliisiau.

148 1830 179 1858 Ι.
193 1829 302 1859 contr-n
316 1827 383 1859 hoo.
406 1827 563 1860 Vallicel.
579 1830 609 1859 1.
623 1832 732 1860 contra
747 1828 826 1869 hic-1

189 1881 254 1910 284
276 1878 424 1920 Dormis]
448 1878 515 1918 Tu,
531 1887 551 1909 o
569 1883 722 1911 venator.

189 1930 254 1960 235
279 1928 326 1960 Tu
341 1928 546 1970 pisceis,dj·c.]
568 1929 631 1967 Tu,
647 1939 667 1961 o
687 1929 850 1970 piscator.

153 1978 274 2019 Venis,
286 1979 358 2020 ξω]
380 1979 489 2010 Vetus
499 1979 586 2011 haud
601 1979 705 2012 dubie
721 1980 845 2012 lectio:

146 2028 241 2069 prius
266 2033 380 2060 autem
405 2028 494 2061 vellis
518 2029 715 2071 legebatur:
743 2029 847 2072 idque

146 2078 181 2110 iu
202 2078 312 2110 tribus
333 2079 418 2111 Mss.
434 2079 585 2121 repperi,
601 2089 664 2111 uec
686 2079 848 2112 damnare

145 2128 253 2159 ausim
267 2139 277 2159 :
299 2129 460 2161 convenit
475 2130 564 2161 euim
581 2131 688 2171 magis
704 2130 847 2162 hiberno

145 2178 242 2210 mari.
275 2177 324 2211 At
338 2180 349 2197 ⁸
361 2179 578 2219 everriculo,'
589 2180 680 2222 quod
694 2180 737 2212 ab
749 2190 845 2213 ever-

145 2228 251 2260 reudo
275 2228 404 2261 dictum
428 2230 514 2261 retis
542 2240 647 2270 genus
673 2235 739 2272 est,
761 2241 844 2273 quo-

143 2286 288 2319 cumque
297 2282 452 2319 tempore
465 2279 599 2319 utimur,
610 2280 732 2311 saltem
743 2280 770 2312 si
786 2281 843 2313 ab·

144 2326 189 2358 sit
198 2327 336 2367 glacies.
361 2327 452 2360 Tm.
479 2328 604 2369 Ver-ris]
626 2330 763 2370 Hyeme
775 2331 844 2371 pis-

143 2385 246 2408 caris.

185 2426 252 2458 236
272 2425 387 2465 Segnis
400 2427 474 2468 ego]
498 2427 617 2467 Segnis
632 2437 706 2460 sum
718 2438 794 2469 ego.

144 2483 148 2490 ’
187 2478 252 2507 237
274 2475 370 2507 Same
398 2476 458 2507 tibi
485 2477 602 2518 decies]
628 2478 660 2510 Ο
691 2484 844 2517 venator,

145 2534 239 2557 sume
253 2525 319 2558 tibi
341 2525 456 2558 decies
479 2533 627 2559 centena
648 2529 844 2561 sestertium

146 2584 318 2607 nummum
347 2576 465 2608 millia.
497 2577 570 2609 Tibi
590 2579 787 2620 tantundem]
810 2579 842 2612 Ο

146 2625 312 2665 piscator.
356 2625 428 2657 Nn·
442 2626 574 2669 triplex]
598 2627 630 2658 Ο
646 2628 736 2669 leno,
750 2638 845 2662 sume

146 2674 209 2707 tibi
226 2675 377 2716 triplum.

189 2727 255 2757 238
280 2725 370 2757 Unaae
391 2725 488 2767 uxor]
510 2726 543 2758 A
563 2737 640 2769 quo.
677 2729 795 2761 Currat
807 2731 845 2762 de

146 2776 251 2817 nocte]
274 2775 414 2808 Summo
429 2785 594 2808 consensu
608 2778 709 2809 currit
724 2779 845 2820 legunt

146 2834 263 2857 omnes
291 2825 450 2858 codices:
474 2831 511 2859 et
539 2827 607 2858 duo
630 2828 764 2868 quidem
794 2830 845 2862 de-

146 2875 246 2918 currit
273 2879 384 2914 nocte:
411 2886 495 2908 unus
519 2878 635 2918 etiam,
657 2879 784 2918 mergit,-
806 2884 842 2911 et

1493 326 1574 367 171
1584 327 1605 368 1

910 437 1001 468 mox,
1010 427 1182 460 absorberet
1194 438 1255 470 pro
1266 429 1443 461 eat-sorberet
1449 439 1463 466 ;
1486 434 1613 462 utrum-

910 488 976 520 que
1001 484 1107 518 recte,
1123 480 1267 510 maxime
1289 480 1370 511 illud
1393 479 1516 517 currit,-
1539 482 1612 511 vult

910 529 1000 560 enim
1016 535 1055 560 ut
1073 530 1212 570 triplum
1236 535 1346 562 sumat
1360 531 1430 567 ille,
1444 530 1535 562 unde
1551 540 1610 561 ux-

909 588 960 619 or,
974 580 1007 610 id
1025 584 1090 619 est,
1104 581 1202 622 cnjus
1221 590 1317 617 uxor,
1333 590 1469 622 semper
1483 586 1611 622 praesto

909 634 974 662 est.
1001 631 1142 673 Tor-rent.
1183 631 1316 673 Vocaea]
1337 632 1527 664 Accersita.

950 683 1015 712 239
1038 681 1141 712 Filius
1155 682 1282 723 AEsosn']
1315 682 1447 714 Plinius
1471 691 1509 713 x.
1526 684 1558 714 2.
1575 685 1626 713 et'

907 738 959 761 ix.
975 733 1029 762 35.
1052 731 1240 773 eademque
1257 733 1302 764 de
1326 742 1363 764 re
1378 733 1535 764 Valerius
1559 741 1611 764 rx.

907 782 938 811 l.
967 781 1164 812 Macrobius
1190 792 1243 814 lv.
1267 786 1300 814 7.
1348 783 1454 815 Filius
1481 784 1610 825 AEsopi]

907 829 1048 861 Clodius
1079 831 1194 872 AEsopi
1229 834 1378 873 tragoedi
1414 833 1517 865 filius.
1558 835 1612 865 Ex

907 889 982 912 aare
1006 881 1161 922 Metelle]
1183 881 1306 914 Gloria
1331 882 1421 914 enim
1451 887 1540 921 erat,
1560 883 1611 914 in·

907 931 982 972 quit
998 931 1145 972 Plinius,
1159 932 1254 963 binos
1269 942 1310 964 ac
1326 937 1444 964 ternos
1467 934 1610 965 uniones

907 981 1043 1013 auribus
1066 981 1276 1022 dependere,
1304 983 1379 1014 loeo
1404 983 1506 1024 paulo
1530 988 1611 1015 ante

906 1031 1023 1063 citato.
1048 1032 1192 1064 Torrent.
1227 1032 1383 1074 Metelloe]
1417 1034 1504 1066 Quae
1531 1033 1610 1066 Clo-

906 1080 998 1112 dium
1018 1082 1178 1122 AEsopum
1195 1081 1377 1114 adamavit.

948 1134 1012 1164 240
1041 1133 1087 1165 Ut
1110 1133 1211 1164 decies
1235 1132 1382 1174 solidum]
1415 1133 1465 1165 Ut
1494 1133 1610 1166 decies

906 1187 1044 1214 centum
1075 1183 1180 1214 millia
1210 1183 1407 1214 sestertium
1435 1193 1609 1216 nummum

906 1232 1100 1265 devoraret.
1134 1233 1233 1265 Aceto
1252 1233 1374 1274 Diluit]
1401 1233 1502 1266 Hauc
1519 1234 1610 1266 aceti

906 1283 972 1314 vim
990 1283 1094 1315 docet
1110 1283 1243 1315 Plinius
1259 1292 1315 1315 lx.
1332 1286 1385 1316 35.
1399 1289 1436 1315 et
1449 1293 1559 1316 xxm.
1575 1287 1604 1316 l.

904 1337 1007 1374 atque
1033 1334 1086 1365 his
1116 1334 1228 1366 verbis
1253 1334 1434 1366 Vitruvius
1462 1343 1547 1366 vni.
1575 1337 1607 1366 3.

905 1386 916 1401 ‘
931 1384 1123 1425 Margarita
1144 1393 1208 1415 nec
1232 1385 1344 1416 minus
1372 1394 1454 1416 saxa
1477 1385 1608 1424 silicea,

903 1443 977 1475 qnae
998 1443 1106 1475 neque
1121 1433 1250 1466 ferrum
1267 1443 1376 1475 neque
1391 1434 1479 1475 ignis
1494 1438 1609 1475 potest

905 1492 966 1524 per
983 1493 1019 1514 se
1042 1483 1243 1517 dissolvere,
1258 1492 1336 1514 cum
1361 1482 1404 1514 ab
1428 1483 1505 1524 igne
1528 1488 1608 1515 sunt

902 1532 1148 1573 percalefacta,
1164 1537 1265 1564 aceto
1286 1542 1406 1573 sparsa
1431 1532 1608 1564 dissiliunt

902 1587 938 1612 et
974 1581 1242 1622 persolvuntur!
1284 1582 1294 1598 ‘
1318 1582 1464 1614 Diluere
1477 1582 1485 1594 ’
1523 1591 1607 1623 ergo

902 1631 911 1648 ‘
929 1630 1093 1663 baccam’
1122 1632 1212 1663 idem
1253 1635 1306 1663 est
1337 1631 1429 1673 quod
1462 1633 1605 1674 liquare.

905 1681 1050 1712 Torreat.
1189 1710 1196 1717 ,

943 1732 1006 1761 241
1031 1730 1142 1761 Diluit
1157 1731 1314 1769 insignem
1329 1731 1467 1772 luccam]
1484 1732 1606 1773 Lique-

904 1778 989 1811 fecit
1013 1780 1245 1821 margaritam.
1290 1780 1387 1821 [Vat.
1408 1783 1460 1813 13.
1477 1782 1531 1821 qui
1555 1782 1606 1814 in-

903 1829 1035 1871 saniora]

946 1881 1011 1910 242
1034 1879 1119 1911 Illud
1131 1879 1215 1911 idem
1225 1880 1258 1911 in
1269 1880 1428 1922 ram‘dum]
1451 1880 1604 1912 Eandem

904 1929 1135 1970 margaritam.
1178 1931 1354 1972 [vallicel.
1371 1935 1402 1964 l.
1425 1932 1605 1974 influoium

899 1979 1070 2021 rapidum]

944 2032 1007 2061 243
1034 2030 1164 2066 Quincti
1183 2033 1349 2071 progenies
1371 2032 1467 2074 Arri]
1491 2032 1547 2064 An
1564 2033 1603 2065 il-

902 2080 967 2112 lius
982 2080 1070 2114 forte
1087 2081 1180 2121 Arri,
1204 2082 1247 2114 de
1262 2084 1361 2125 cujus
1377 2084 1604 2116 sumtuosissi-

902 2141 956 2163 mo
970 2132 1072 2174 epulo
1083 2132 1220 2165 funebri
1235 2139 1314 2166 ante
1329 2134 1474 2166 diximus
1488 2136 1500 2166 ?
1534 2135 1601 2167 Sed

901 2186 937 2214 et
950 2182 1002 2214 M.
1014 2181 1106 2214 Arrii
1122 2183 1272 2215 Secundi
1287 2184 1463 2216 denarium
1481 2193 1600 2216 servo:

900 2240 1018 2263 verum
1034 2232 1108 2272 quis
1123 2232 1177 2264 hic
1193 2232 1296 2264 fuerit
1309 2234 1441 2274 ignoro.
1454 2234 1602 2266 Tor-rent.

941 2283 1005 2312 244
1028 2281 1183 2322 Nequitia
1207 2287 1239 2314 et
1254 2283 1364 2323 nug-is]
1387 2284 1540 2316 Luxuria
1565 2290 1603 2316 et

898 2331 1025 2371 ingenii
1040 2331 1194 2364 levitate.
1220 2334 1408 2374 Gemellum]
1429 2335 1548 2367 Simile
1565 2340 1602 2367 et

900 2381 1043 2422 aequale.
1073 2381 1241 2421 [Nequitie
1252 2387 1284 2413 et
1293 2384 1388 2423 nugis
1401 2384 1548 2424 Cuning.
1557 2394 1601 2416 ex

900 2439 982 2460 aure
997 2439 1071 2468 sua,
1086 2435 1123 2461 et
1137 2430 1283 2472 Sanad.]

942 2483 1004 2512 245
1028 2480 1197 2512 Luscinias
1224 2482 1312 2514 soliti
1339 2483 1476 2524 impenso
1506 2495 1600 2525 pran-

899 2531 987 2572 dere]
1012 2531 1089 2562 Hoc
1106 2532 1266 2572 AEsopum
1287 2532 1466 2565 factitasse
1488 2534 1520 2566 in
1542 2535 1600 2568 illa

899 2580 1030 2621 patina,
1045 2581 1144 2621 cujus
1160 2588 1240 2613 ante
1253 2583 1531 2624 memini‚auctor
1546 2590 1599 2619 est

899 2631 1042 2662 Plinius.
1087 2631 1229 2672 Impense
1254 2637 1368 2665 autem
1398 2644 1484 2667 nove
1511 2635 1599 2669 dixit

898 2679 1074 2719 Horatius,
1089 2689 1152 2720 pro
1163 2690 1205 2712 eo
1222 2682 1311 2722 qnod
1326 2682 1504 2725 ‘impenso
1520 2695 1598 2726 pre-

899 2730 947 2762 tio
958 2729 967 2744 ’
982 2730 1101 2762 dicunt
1117 2730 1253 2772 Cicero,
1268 2732 1399 2773 Caesar,
1415 2734 1543 2776 Livius,
1560 2740 1596 2767 et

898 2781 975 2812 alii:
999 2781 1061 2811 hoc
1074 2784 1136 2817 est,
1149 2781 1278 2822 ingenti
1292 2788 1352 2814 aut
1363 2783 1512 2826 immani,
1522 2786 1596 2817 sine

899 2830 1075 2872 pondere;
1100 2835 1138 2863 ut
1158 2832 1344 2863 ‘immenso
1360 2834 1522 2866 mercari'
1543 2836 1594 2867 in-

896 2881 969 2923 quit
986 2881 1131 2923 Plinius,
1144 2882 1325 2916 subaudito
1336 2885 1459 2925 pretio.
1503 2886 1592 2918 Nam
