1930 3204
699 289 910 319 HORA'ru

205 384 360 425 Augusto
378 382 480 416 'domi
510 393 659 423 manere,
687 392 729 414 au
760 391 897 413 carmen

205 443 267 475 per
283 435 388 466 otium
404 443 652 475 componemus,
665 431 755 474 quod
772 432 845 463 sine
862 437 897 463 te

205 488 259 514 est
272 483 505 524 injucundum.
547 482 749 524 [Vaticanus
776 481 896 512 Roma-

203 543 266 565 nus
281 535 312 565 8.
331 534 420 574 apud
435 534 548 572 Feam,
560 540 784 573 prosequemur.
800 531 896 562 Vatt.

202 582 302 616 Rom.
319 586 351 614 9.
379 586 430 615 lo.
457 588 490 614 et
512 581 754 614 Vallicellanus
777 582 810 611 4.
842 590 896 622 ap.

202 633 304 664 etind.
316 632 561 674 persequamur-J

243 686 266 714 9
286 683 416 723 Latiar-i]
451 682 611 724 Sequitur
637 690 717 712 mox
743 680 896 718 feremus.

201 732 336 764 Novum
346 733 460 773 itaque
470 730 626 773 loquendi
637 740 760 771 genus:
778 731 895 762 Graeci

203 783 373 823 usitatius,
393 783 490 814 loturi
502 781 653 821 feremus.
698 782 777 812 Non
802 780 896 810 dissi-

198 833 279 863 mile
314 833 396 863 illud
432 832 594 864 Lucretii:
626 831 636 848 ‘
654 830 747 864 Quid
776 831 896 870 multa,

199 881 279 923 quid
294 882 330 914 in
344 892 380 914 se
401 883 533 914 Semina
548 882 678 926 habent
699 882 786 922 ignis
801 888 894 921 stup-

190 925 252 973 ¹¹pas
269 932 427 974 tedaeque
445 932 627 964 tenentes.'
663 936 671 949 ⁸
692 932 831 962 Habent
844 935 895 962 te-

197 982 344 1022 nentes,’
355 993 417 1023 pro
430 984 440 1000 ‘
452 983 578 1014 habent
591 981 801 1022 tenentque!
832 981 895 1013 La-

197 1033 274 1069 turi,
295 1033 398 1073 decet]
423 1033 476 1065 An
491 1033 595 1065 laturi
606 1026 728 1064 'sumus
743 1033 831 1063 hunc
848 1033 895 1063 la-

197 1081 315 1114 borem
342 1083 522 1114 militarem
553 1092 592 1114 ea
620 1087 734 1114 mente
756 1089 791 1113 et
815 1092 894 1114 con-

198 1133 337 1168 stantia,
352 1143 420 1173 qua
435 1133 523 1164 viros
541 1133 646 1164 fortes
661 1133 788 1164 decet?

242 1184 283 1213 10
307 1182 377 1218 Qua
384 1182 491 1223 serre]
512 1183 595 1214 Mss.
614 1181 689 1213 fere
704 1191 820 1213 omnes
839 1181 894 1213 ha-

198 1231 282 1264 bent
301 1243 407 1273 quem:
433 1237 470 1264 nt
483 1238 520 1264 et
535 1242 612 1263 mox
636 1241 727 1272 roges
747 1235 834 1263 tuum
849 1232 894 1262 lo-

196 1281 311 1322 lem-em,
328 1293 388 1323 pro
402 1283 516 1314 labore.

240 1335 279 1364 11
305 1333 471 1364 Fer-emus:
487 1337 517 1363 et
531 1335 563 1363 te
576 1333 639 1373 vel]
662 1331 734 1363 Sibi
745 1331 817 1371 ipse
833 1330 894 1362 dat

195 1391 406 1423 responsum.
450 1381 552 1421 [Cod.
581 1381 809 1412 Scuoenborn.
835 1389 892 1420 ap.

194 1431 318 1468 Jaeck,
333 1435 365 1462 et
378 1431 439 1469 vel,
455 1431 527 1462 sine
542 1431 602 1472 et.]

238 1483 279 1512 12
302 1480 534 1520 Inhospitatem]
557 1481 726 1512 Caucasus
739 1484 793 1511 est
807 1480 891 1518 Scy-

194 1529 275 1562 thiae
295 1539 389 1562 mons
415 1531 640 1571 inhospitalis,
661 1534 803 1570 propter
821 1529 890 1568 gla-

193 1582 280 1613 ciem
295 1586 332 1613 ct
347 1581 454 1614 nives.
498 1582 676 1624 [Caucason
691 1581 836 1620 Cuning.
854 1585 890 1611 et

192 1631 242 1663 ita
258 1631 337 1664 Vnt.
355 1632 451 1663 Rom.
473 1634 506 1663 9.
523 1632 578 1663 ‹iut
602 1631 774 1662 Caucasum
797 1629 889 1670 conj.

193 1681 441 1721 Murklandum]

235 1733 278 1763 13
305 1731 358 1761 Vel
379 1730 547 1761 occidentis
569 1729 678 1770 usque]
701 1729 820 1769 Usque
845 1728 886 1759 ad

194 1780 302 1812 sinum
323 1780 530 1811 Gaditanum
548 1780 582 1809 in
598 1778 774 1818 Hispania,
785 1778 889 1817 juxta

194 1830 366 1861 columnas
384 1829 554 1860 Herculis.

237 1881 278 1910 1⁵
303 1879 418 1919 stages,
447 1883 533 1910 tuum
559 1877 675 1918 labore]
712 1876 748 1909 Si
778 1887 888 1918 roges,

195 1929 279 1972 quid
294 1938 372 1970 ego,
387 1938 452 1960 uon
466 1929 658 1969 bellicosus,
672 1929 796 1969 possim
812 1937 888 1959 meo

193 1979 309 2011 labore
325 1985 359 2010 te
370 1979 507 2019 juvare.

237 2031 278 2060 1⁷
304 2029 413 2060 Comes
434 2027 565 2068 minore]
586 2028 621 2059 Si
646 2033 722 2059 tuus
745 2028 806 2059 sim
831 2037 887 2059 co-

191 2087 276 2118 mes,
304 2078 414 2109 minus
448 2078 508 2110 tibi
543 2083 691 2110 metuam
725 2087 888 2120 praesens,

193 2137 293 2170 quam
310 2128 443 2159 absens.

235 2180 276 2210 18
300 2178 365 2212 Qui
375 2178 489 2218 major]
513 2178 581 2211 Qui
595 2182 716 2210 metus.

234 2230 277 2259 1⁹
302 2228 346 2259 Ue
363 2227 516 2268 assidens]
539 2229 651 2268 Longe
667 2228 820 2269 apertior
834 2237 886 2259 es-

190 2281 245 2309 set
267 2278 449 2317 sententia,
463 2277 562 2309 modo
578 2287 693 2309 versus
716 2277 836 2317 ferret,
858 2277 886 2308 si

191 2329 307 2359 assidet
320 2333 355 2359 et
372 2328 474 2368 paulo
495 2333 571 2367 post
586 2329 698 2359 timens
720 2338 782 2368 pro
798 2329 887 2359 timet

190 2377 385 2418 leger-etun
408 2378 575 2417 quomodo
590 2378 677 2407 enim
691 2377 811 2407 timere
827 2386 884 2416 po-

191 2429 261 2457 test
283 2425 410 2456 relictis
426 2425 499 2464 jam
516 2425 692 2455 assidens?
738 2425 810 2456 Nisi
835 2430 885 2456 to-

194 2478 265 2504 tum
290 2474 373 2504 illud
395 2473 546 2504 Assidens
566 2473 760 2514 implumibus
780 2474 885 2514 pullis,

192 2523 290 2554 unius
322 2523 466 2563 epitheti
502 2523 576 2554 loco
604 2523 822 2564 accipiamus,
849 2529 886 2554 ut

193 2578 279 2614 puta
293 2571 373 2604 faeta
388 2573 472 2611 avis,
487 2577 545 2603 aut
561 2572 642 2614 quid
662 2573 781 2603 simile.
799 2573 886 2606 Torr-

192 2622 344 2655 Antaeus
368 2622 476 2662 pullis]
505 2622 547 2652 Id
575 2625 642 2660 est,
670 2622 886 2662 quemadmo-

193 2673 273 2704 dum
289 2673 359 2703 avis
377 2672 473 2712 pullis
494 2672 709 2712 implumibus
735 2672 887 2704 assidens

194 2729 297 2764 atque
313 2722 494 2761 accubans,
509 2723 718 2763 serpentium
743 2724 801 2758 illa
813 2725 884 2764 qui-

195 2773 273 2804 dem
290 2773 427 2804 insidias
443 2777 479 2803 et
500 2772 644 2812 impetu-z
669 2774 882 2806 extimescit:

195 2823 254 2855 ssd
267 2824 373 2855 multo
390 2822 493 2864 magis
505 2828 619 2854 tamen
637 2823 733 2856 timet
753 2824 886 2865 absens,

1531 279 1646 322 1533

946 392 1023 414 cum
1035 383 1168 415 scilicet
1181 383 1289 424 pullos
1300 391 1378 414 suos
1391 381 1538 422 reliquit.
1551 384 1643 416 Lam-

946 431 1011 463 bin.

986 485 1029 513 20
1050 481 1198 523 Allapsus
1225 481 1331 522 timet]
1361 481 1566 522 Serpentum
1595 483 1643 514 in·

944 532 1133 564 cursiones.

985 584 1026 613 21
1052 582 1161 622 Magis
1176 582 1309 623 relictis]
1332 582 1446 622 Magis
1459 583 1556 614 timet
1571 584 1646 624 pul·

942 632 983 663 lis
1010 632 1147 663 relictis.
1194 633 1338 671 Relictis,
1363 640 1415 664 est
1443 633 1561 665 nativi
1588 644 1644 666 ca-

943 691 1011 714 sus.
1049 682 1123 713 Non
1151 686 1185 713 ut
1212 683 1312 723 adsit]
1347 682 1426 714 Non
1453 688 1506 715 est
1531 684 1645 715 latura.

942 733 1020 774 plus
1058 733 1175 764 auxilii
1212 733 1451 774 praesentibus,
1491 734 1643 775 quamvis

943 781 1044 814 adsit.

985 836 1026 864 23
1054 833 1258 874 Militubitur,
1293 833 1363 875 ὃμκ]
1395 834 1484 875 Ego,
1520 834 1644 876 inquit,

942 885 1038 926 hujus
1053 886 1132 917 belli
1148 887 1299 918 laborem
1311 897 1350 919 ac
1366 888 1552 927 periculum
1567 897 1643 928 per-

941 934 1060 975 feram,
1075 937 1165 968 nulla
1180 937 1241 968 abs
1257 941 1291 968 te
1306 943 1446 977 sperata
1462 937 1621 969 mercede
1633 948 1643 968 ε

943 986 1003 1017 sed
1020 990 1088 1018 tuae
1112 996 1193 1027 erga
1215 996 1269 1018 me
1293 987 1540 1019 benevolentiae
1563 988 1644 1018 reti-

942 1034 1065 1066 nendae
1083 1036 1196 1066 studio
1210 1041 1245 1067 et
1262 1047 1323 1076 spe
1340 1037 1476 1068 ductus.
1500 1036 1643 1069 Lambin.

943 1084 1154 1124 MiIitabitur]
1167 1085 1369 1117 Militabitur
1378 1096 1397 1117 a
1408 1086 1642 1127 me.[schoen-

943 1133 1041 1165 born.
1057 1138 1086 1165 l.
1103 1135 1333 1176 militabimus]

983 1186 1026 1216 25
1050 1184 1122 1215 Non
1134 1188 1167 1216 ul
1175 1185 1335 1227 juvencis]
1356 1186 1417 1217 Est
1435 1185 1643 1228 Hypallage‚

942 1242 1007 1264 non
1035 1238 1072 1264 ut
1097 1234 1211 1274 plures
1228 1235 1369 1275 juvenci
1398 1235 1464 1266 mei
1489 1235 1642 1267 nitantur

942 1283 1067 1315 aratris
1091 1285 1243 1324 illigatis,
1258 1285 1291 1315 id
1316 1291 1381 1324 est,
1397 1295 1462 1316 non
1483 1291 1521 1317 ut
1545 1287 1643 1326 plura

941 1333 1082 1364 habeam
1098 1340 1224 1372 aratra,
1241 1336 1307 1370 vel,
1325 1340 1361 1367 nt
1383 1337 1480 1375 plura
1502 1336 1641 1377 agriju·

941 1391 1023 1421 gera
1035 1384 1240 1422 possideam.
1262 1384 1408 1424 Illigalo]
1427 1384 1574 1417 Quidam
1584 1394 1641 1416 co-

941 1430 1034 1462 dices
1057 1433 1190 1470 alligata
1210 1433 1346 1472 legunt:
1372 1438 1406 1464 et
1423 1443 1500 1465 mox
1515 1438 1643 1466 nectan-

940 1483 993 1511 tur
1023 1491 1084 1521 pro
1119 1483 1284 1514 nitantur.-
1317 1483 1376 1515 sed
1414 1483 1496 1515 nihil
1533 1491 1639 1517 muto.

943 1529 1031 1562 Torr-

980 1583 1022 1612 27
1047 1582 1186 1614 Pecusve
1201 1582 1361 1624 Calabris]
1384 1583 1530 1622 Magnus
1547 1589 1641 1616 vete·

938 1640 1011 1661 rum
1031 1632 1258 1664 Romanorum
1271 1643 1314 1664 ex
1328 1643 1363 1664 re
1377 1635 1537 1674 pecuaria
1548 1645 1641 1675 qnae-

938 1686 1024 1720 stus,
1049 1687 1086 1713 ut
1111 1687 1146 1712 et
1170 1692 1214 1713 ex
1238 1684 1403 1714 aratione.
1448 1682 1496 1714 At
1521 1684 1638 1715 solidae

937 1729 1006 1760 illae
1033 1734 1068 1760 et
1090 1730 1239 1770 insignes
1266 1732 1408 1769 divitiae,
1434 1731 1467 1762 in
1495 1733 1640 1772 propriis

939 1789 1095 1819 pascere,
1108 1785 1144 1811 et
1159 1781 1295 1821 quidem
1310 1781 1450 1812 diversis
1464 1781 1567 1813 locis:
1587 1787 1638 1821 ut,

939 1839 1000 1870 pro
1023 1834 1212 1870 temporum
1230 1831 1375 1870 ratione,
1395 1830 1530 1861 nuncin
1547 1832 1639 1862 aesti-

940 1889 992 1918 va,
1004 1880 1138 1910 nuncin
1153 1879 1292 1911 hiberna
1306 1890 1409 1920 pecus
1421 1880 1547 1912 ducere
1562 1890 1638 1921 pos-

938 1928 1017 1960 sint.
1041 1929 1120 1960 vid.
1135 1929 1289 1962 Turneb.
1306 1939 1376 1961 xn.
1402 1933 1455 1962 14.
1500 1931 1638 1963 Pecusrc

941 1978 1084 2010 Calabris
1104 1983 1177 2011 unte
1198 1981 1292 2021 sydus
1299 1979 1475 2020 fertilium]
1499 1981 1577 2012 Non
1600 1987 1638 2013 ut

938 2029 1078 2060 habeam
1095 2030 1199 2062 multa
1216 2036 1382 2069 armenta,
1397 2041 1473 2072 quse
1492 2036 1570 2072 post
1583 2042 1638 2063 or-

938 2085 1009 2111 tum
1037 2081 1208 2112 Caniculae
1234 2091 1358 2122 pascua
1387 2086 1532 2122 mutent,
1546 2083 1636 2114 scili-

937 2135 993 2161 cet
1010 2140 1051 2161 cx
1068 2131 1225 2163 Calabria
1239 2132 1272 2162 in
1290 2132 1484 2163 Lucaniam.

978 2181 1020 2210 28
1043 2179 1182 2220 Pascua]
1216 2180 1307 2211 Libri
1343 2190 1459 2212 omnes
1490 2181 1635 2213 maximo

936 2238 1102 2260 consensu
1129 2229 1257 2261 habent
1283 2231 1422 2271 pascuis,
1446 2231 1561 2262 malim
1586 2237 1635 2263 ta-

934 2288 1012 2310 men
1025 2290 1149 2320 pascua.
1172 2280 1329 2312 Torrent.

977 2331 1020 2359 29
1045 2330 1109 2361 Nec
1124 2334 1159 2361 ut
1173 2332 1312 2371 superni]
1334 2331 1408 2362 Nec
1425 2334 1462 2362 ut
1479 2332 1558 2363 villa
1570 2333 1634 2363 mei

934 2377 1031 2408 fundi
1045 2379 1230 2411 Tusculani
1247 2381 1280 2411 in
1296 2382 1383 2412 colle
1406 2381 1483 2420 sita,
1497 2387 1532 2413 et
1549 2392 1636 2412 rnar-

935 2437 1028 2458 more
1051 2429 1213 2460 candenti
1236 2435 1403 2471 extructa,
1418 2440 1454 2462 se
1471 2433 1634 2463 extendat

937 2475 979 2506 ad
1009 2476 1170 2516 oppidum
1199 2479 1394 2515 Tusculum,
1415 2489 1435 2510 a
1463 2480 1633 2519 Telegono

936 2525 1066 2565 Circes,
1093 2531 1130 2557 nt
1155 2527 1288 2569 Ulyssis
1317 2529 1386 2559 tilio
1415 2528 1634 2560 aedificatum.

936 2575 1071 2615 Super-ni
1089 2577 1226 2618 Tusculi]
1249 2579 1354 2616 Editi,
1370 2583 1404 2609 et
1421 2579 1455 2608 in
1471 2579 1557 2609 colle
1574 2588 1634 2619 po-

944 288 1085 321 EPOD.
1117 289 1147 319 1.

937 2627 1004 2657 siti.
1052 2626 1176 2658 Tusculi
1199 2633 1310 2658 autem
1333 2628 1452 2665 villam,
1469 2638 1530 2669 pro
1546 2629 1632 2661 Tus-

935 2675 1048 2706 culani
1073 2677 1146 2716 agri
1168 2677 1247 2707 villa
1273 2678 1422 2717 accipi03
1444 2683 1540 2710 tanta
1562 2689 1630 2714 uin-

935 2726 1117 2765 plitudine‚
1133 2730 1170 2757 ut
1185 2727 1257 2767 ipsa
1282 2728 1376 2758 urbis
1393 2728 1513 2759 mania
1528 2730 1631 2760 attin·

935 2780 1044 2816 geret.
1088 2776 1278 2816 Telegonus
1296 2787 1408 2818 porro,
1431 2777 1559 2818 Ulyssis
1585 2789 1628 2811 ex

936 2826 1034 2858 Circe
1049 2825 1149 2866 filius,
1164 2827 1344 2859 Tusculum
1360 2827 1523 2861 condidit.
1558 2830 1627 2860 Uu-
